3502 6036
307 595 359 678 ias
638 638 644 651 ·
757 611 934 670 vouluurs
958 609 1182 681 succulum,
1471 611 1633 682 luminu

309 771 429 846 decim
448 773 552 845 erant
569 767 686 842 vestiti
709 767 803 840 utin
826 765 978 838 introitu
1000 765 1045 838 ad
1065 765 1217 853 Urbem,
1235 761 1435 838 associatus
1454 789 1475 839 a
1493 767 1635 844 familiis

309 902 528 971 RRmorum.
560 897 637 968 Ul).
666 891 918 979 cardinalium,
945 889 1066 964 Ursini
1092 893 1129 962 et
1152 889 1326 1010 capuani,
1353 891 1450 964 venit
1471 895 1517 966 ad
1541 895 1637 991 pala·

307 1021 412 1106 tium,
435 1021 480 1094 ad
498 1042 665 1093 cameras
690 1016 784 1090 Rmi.
807 1019 850 1088 D.
871 1013 1043 1112 Capuani,
1066 1013 1127 1086 ubi
1150 1013 1353 1111 expectavit
1369 1015 1480 1089 tinem
1500 1019 1638 1092 consis-

307 1145 406 1220 torii.
433 1148 511 1232 Quo
538 1143 654 1232 linito,
679 1143 903 1239 guberuator
926 1145 963 1213 et
986 1138 1045 1212 alii
1074 1139 1206 1236 prelati
1233 1145 1412 1214 venerunt
1439 1141 1471 1214 ei
1498 1143 1638 1217 obviam

306 1293 419 1368 usque
455 1270 500 1342 ad
526 1273 693 1342 cameras
719 1263 893 1362 Capuam,
923 1263 984 1335 ubi
1009 1263 1068 1336 ille
1103 1263 1330 1360 expectabat,
1356 1270 1392 1338 el
1418 1265 1641 1342 induxerunt

304 1395 406 1469 illum
426 1395 605 1492 usquead
628 1414 815 1466 cameram
838 1389 1044 1487 paramenti
1072 1391 1183 1486 Pape,
1211 1389 1286 1479 ubi,
1310 1413 1354 1464 eo
1382 1392 1547 1482 dimisso,
1573 1393 1638 1493 ipsi

300 1520 533 1594 intraverunt
554 1540 740 1620 cameram
762 1517 800 1588 in
827 1537 899 1611 qua
923 1519 1004 1587 erat
1021 1513 1302 1604 consistorium,
1316 1519 1353 1588 et
1369 1515 1585 1592 locaverunt
1602 1542 1639 1592 se

305 1646 352 1718 ad
384 1644 571 1717 sinistram
605 1645 739 1740 Pape,·
758 1663 885 1714 eorum
918 1639 1065 1712 luerunt
1097 1661 1255 1712 numero
1287 1645 1440 1737 septem.
1477 1645 1639 1718 Vocatus

308 1769 438 1842 deinde
451 1773 593 1858 orator,
614 1769 750 1864 etpost
768 1787 895 1838 omnes
908 1763 1045 1837 familia
1055 1787 1133 1853 sua,
1149 1769 1185 1837 et
1201 1763 1351 1860 quidam
1369 1765 1428 1838 alii
1439 1767 1549 1840 amici
1570 1769 1637 1856 sui,

307 1893 367 1988 qui
393 1915 477 1967 eum
504 1891 784 1979 associaverant,
813 1893 939 1964 orator
966 1887 1120 1962 accessit
1139 1889 1185 1962 ad
1210 1892 1357 1986 Papam,
1382 1891 1569 1966 osculatus
1587 1899 1643 1966 est

307 2019 439 2116 pedem
458 2019 536 2115 ejus
555 2021 592 2090 et
605 2039 736 2090 manus
758 2019 795 2090 et
812 2018 983 2112 receptus
1003 2020 1057 2088 est
1079 2015 1125 2088 ad
1148 2013 1312 2087 osculum
1334 2015 1425 2104 oris;
1445 2017 1644 2112 genuflexit

307 2143 441 2217 iterum
470 2148 507 2216 et
536 2141 757 2239 presentavit
785 2145 881 2237 Pape
915 2139 1058 2212 litteras
1090 2138 1194 2212 ducis
1225 2139 1396 2236 predicti,
1432 2165 1502 2236 que
1537 2149 1645 2218 erant

308 2267 565 2355 credentiales,
591 2269 769 2364 patentes,
799 2264 916 2362 sigillo
940 2263 1199 2360 subimpresso,
1226 2287 1316 2360 quas
1343 2253 1442 2362 Papa
1471 2266 1576 2340 dedit
1597 2271 1641 2342 D.

306 2392 480 2482 Adriano,
500 2389 700 2466 secretario
717 2413 795 2463 suo.
815 2391 944 2462 Orator
959 2388 1168 2462 retrocessit
1190 2393 1294 2462 extra
1305 2387 1479 2464 circulum
1501 2392 1645 2464 consis-

308 2517 389 2590 torii
406 2513 622 2614 inopposito
638 2520 748 2610 Pape,
766 2514 827 2587 ubi
845 2513 1057 2610 genuflexit,
1075 2519 1158 2587 ante
1180 2536 1220 2587 se
1238 2513 1379 2587 habens
1399 2513 1485 2586 illud
1501 2515 1645 2588 scabel-

307 2642 383 2714 lum
404 2641 501 2737 quod
521 2640 707 2714 introitum
727 2638 930 2714 consistorii
953 2629 1103 2728 claudit;
1129 2659 1198 2734 ego
1217 2637 1263 2711 ad
1286 2639 1364 2735 ejus
1383 2637 1568 2712 sinistram
1593 2639 1643 2714 sui

309 2766 524 2863 genuflexus
540 2765 710 2840 continue
724 2764 821 2863 apud
831 2787 928 2838 eum.
944 2766 986 2836 D.
1004 2753 1184 2835 Adrianus
1198 2761 1286 2858 legit
1298 2761 1435 2836 litteras
1445 2763 1641 2860 predictas,

309 2893 355 2965 ad
371 2891 555 2964 sinistram
568 2893 664 2988 Papa
678 2889 905 2988 geneflaxus3
923 2887 1054 2984 quibus
1071 2887 1187 2978 lectis,
1205 2894 1329 2962 orator
1345 2894 1385 2961 ut
1405 2911 1517 2986 supra
1531 2913 1646 2985 genu·

311 3015 427 3090 flexus
450 3015 536 3090 lacit
558 3015 761 3089 orationem
777 3013 946 3089 omnibus
960 3013 1155 3101 laudatam,
1178 3034 1261 3086 cum
1281 3012 1419 3109 optima
1433 3014 1645 3110 pronuntia-

311 3141 409 3214 tione
433 3146 469 3214 et
493 3139 706 3238 aptitudine,
735 3139 793 3213 cui
817 3143 913 3236 Papa
931 3137 1132 3236 respondit,
1156 3144 1265 3235 prout
1283 3125 1406 3228 voluit,
1433 3147 1467 3210 et
1491 3161 1645 3236 respon-

311 3264 451 3340 sionem
476 3264 684 3362 hujusmodi
700 3263 875 3339 conclusit
892 3264 928 3336 in
951 3263 1097 3338 laudem
1115 3261 1281 3351 oratoris,
1305 3263 1527 3360 subjungens
1543 3265 1642 3362 quod

310 3373 479 3488 proptera
502 3389 637 3464 iaceret
657 3412 740 3465 eum
756 3412 801 3464 ex
814 3411 910 3462 nunc
931 3387 1220 3486 protonotarium
1235 3387 1487 3484 apostolicum.
1510 3391 1643 3463 Orator

306 3516 461 3590 accessit
475 3514 521 3589 ad
537 3519 670 3614 Papam
692 3521 728 3590 et
745 3522 827 3612 post
842 3538 926 3588 eum
938 3513 1057 3588 omnis
1072 3512 1208 3586 lamilia
1222 3535 1301 3602 sua,
1320 3535 1389 3610 que
1406 3513 1570 3588 osculata
1585 3521 1641 3588 est

305 3641 437 3737 pedem
468 3644 577 3738 Pape,
607 3648 755 3715 oratore
781 3640 826 3713 ad
856 3639 1042 3712 dexteram
1072 3641 1169 3734 Pape
1194 3643 1324 3712 stante.
1354 3637 1417 3711 Cui
1446 3643 1639 3736 postquam

304 3762 440 3858 familia
467 3765 598 3862 pedem
632 3768 728 3862 Papa
761 3764 922 3838 osculata
946 3770 1014 3854 ast,
1049 3762 1199 3859 deposui
1228 3769 1365 3835 vestem
1393 3762 1636 3860 superiorem,

304 3911 426 3983 quam,
443 3889 528 3962 licet
549 3889 653 3962 nobis
676 3896 772 3964 esset
795 3889 931 3978 debita,
949 3888 1031 3962 dedi
1054 3888 1114 3960 uni
1135 3911 1179 3960 ex
1199 3886 1434 3961 familiaribus
1450 3888 1538 3976 suis,
1558 3913 1639 3987 spe-

306 4034 389 4084 rans
400 4036 466 4086 nos
481 4013 671 4088 meliorem
689 4037 965 4112 recompensam
980 4019 1211 4110 recepturos;
1228 4035 1440 4108 paraveram
1454 4011 1556 4110 prius
1571 4037 1637 4111 pro

305 4159 349 4210 eo
365 4138 609 4231 rocchettum,
622 4163 775 4237 cappam
791 4145 827 4214 el
841 4137 1021 4236 capellum
1037 4137 1356 4234 protonotariatus,
1376 4137 1508 4234 quibus
1525 4143 1635 4234 Papa,

304 4262 473 4336 omnibus
506 4263 749 4338 cardinalibus
783 4262 1079 4338 consistorialiter
1119 4262 1418 4354 consedentibus,
1451 4268 1635 4336 oratorem

303 4389 506 4464 successive
529 4389 645 4464 induit
667 4395 806 4464 etcum
832 4387 1120 4487 protonotarium
1141 4387 1226 4462 iecit
1246 4393 1282 4462 at
1304 4389 1451 4462 creavit.
1473 4388 1634 4462 Surrexit

302 4521 438 4604 orator,
456 4513 623 4611 deposuit
643 4515 824 4613 capellum
843 4523 877 4589 et
893 4535 1060 4612 cappam,
1079 4513 1220 4611 accepit
1241 4513 1452 4588 mantellum
1468 4517 1504 4586 et
1524 4535 1637 4610 capu-

304 4637 400 4712 cium
423 4637 491 4711 sibi
516 4639 654 4714 adhoc
679 4641 778 4738 prius
803 4641 1022 4729 ordinatum,
1046 4645 1083 4714 et
1100 4639 1345 4713 cumlieentia
1360 4643 1456 4736 Pape
1477 4639 1579 4712 venit
1593 4639 1637 4712 ad

305 4762 453 4836 domum
475 4789 591 4856 suam,
620 4765 819 4840 associatus
841 4790 863 4839 a
887 4765 1023 4840 familia
1047 4765 1140 4840 Rmi.
1169 4769 1212 4839 b.
1242 4763 1433 4838 cardinalis
1460 4765 1635 4862 Capuani.

303 4869 547 4964 luterluerunt
563 4890 647 4964 huic
666 4891 881 4965 consistorio
895 4891 1021 4966 decem
1040 4896 1077 4966 et
1090 4913 1221 4966 novem
1237 4889 1450 4980 cardinales,
1467 4889 1639 4987 Neapoli-

307 5018 423 5106 tanus,
445 5039 475 5088 s.
503 5016 647 5113 Angeli,
671 5017 942 5108 Recanatensis,
962 5017 1141 5115 episcopi;
1163 5041 1193 5088 s.
1215 5015 1424 5104 Clementis,
1447 5017 1636 5090 Beneven-

306 5143 425 5228 tanus,
460 5165 488 5213 s.
525 5143 709 5234 Praxedis,
740 5143 872 5217 Montis
902 5143 1058 5242 Regalis,
1089 5141 1371 5230 Alexandrinus,
1404 5140 1569 5231 Ursinus,
1604 5163 1633 5212 s.

306 5259 445 5351 (leucia,
459 5267 726 5362 Agrigentinus,
746 5273 946 5364 Capuanus,
964 5267 1191 5357 cusentinus,
1214 5263 1512 5363 caputaquensis,
1529 5264 1637 5339 Muti-
