3506 6034
85 539 238 606 [lantiam]
410 535 538 595 RERUM
563 535 789 596 URBANARUM
808 537 1075 600 COMMENTARII.
1352 542 1407 600 239

84 682 306 781 cusentinus,
338 681 472 768 Montis
502 692 658 791 Regalis,
695 698 878 770 casanova
909 700 946 770 et
968 692 1404 792 Constantinopolitanae,

83 819 200 918 quibus
216 817 349 892 deinde
367 823 464 916 Papa
482 807 571 892 dixit
589 842 628 892 se
648 819 742 894 male
762 821 908 894 sentire.
930 823 1032 895 Hora
1048 843 1298 919 vesperarum,
1321 821 1407 894 data

83 945 140 1018 sibi
156 946 321 1017 extrema
340 943 511 1018 unctione
531 967 597 1042 per
614 944 826 1044 episcopum
845 945 1085 1037 Calmensam,
1114 945 1301 1043 expiravit,
1322 967 1406 1042 pres

83 1068 231 1144 sentibus
245 1067 392 1142 datario
419 1073 455 1142 et
477 1069 646 1166 predicto
667 1059 840 1168 episcopo
865 1059 901 1146 et
926 1074 1022 1169 Papa
1048 1069 1307 1168 parairenariis
1325 1075 1408 1142 tan-

83 1199 149 1268 tum
177 1192 419 1268 adstantibus.
446 1198 539 1286 Dux,
565 1195 626 1291 qui
651 1195 820 1269 infirmus
838 1202 930 1287 erat,
965 1196 1063 1269 misit
1086 1198 1135 1296 D.
1157 1195 1407 1269 Miehalettum

82 1341 154 1392 cum
178 1341 315 1416 magna
335 1322 458 1416 gente,
484 1319 547 1416 qui
565 1320 775 1395 clauserunt
793 1345 921 1396 omnes
938 1327 1062 1420 portas
1081 1319 1346 1418 respondentes
1364 1317 1409 1394 ad

82 1443 206 1518 exitum
225 1447 263 1516 et
287 1443 554 1518 habitationem
573 1449 683 1543 Pape,
706 1451 743 1519 et
760 1471 853 1529 unus
873 1469 1001 1526 eorum
1025 1445 1178 1520 extraxit
1192 1445 1353 1544 -pugnale
1373 1448 1409 1518 at

82 1568 226 1642 minatus
245 1573 304 1642 est
322 1569 498 1654 cardinali
517 1573 701 1646 Casanove
719 1573 829 1668 quod,
850 1571 919 1644 nisi
939 1573 1042 1646 daret
1060 1571 1092 1644 ei
1106 1572 1224 1646 claves
1243 1579 1279 1646 et
1295 1593 1409 1668 pecu-³

81 1694 149 1767 nias
165 1697 276 1791 Pape,
305 1695 488 1793 jugularet
507 1720 591 1770 eum
611 1703 648 1772 et
663 1697 861 1796 projiceret
878 1721 963 1772 eum
985 1689 1090 1772 extra
1107 1697 1301 1772 lenestras.
1322 1702 1407 1772 Gar-

82 1818 199 1892 dinalis
214 1821 437 1917 perterritus
460 1820 560 1896 dedit
579 1821 710 1897 claves.
733 1823 784 1896 llli
801 1823 977 1898 intrantes
992 1823 1038 1896 ad
1056 1823 1211 1898 invicem
1231 1822 1407 1896 inlocum

82 1949 153 2042 post
166 1965 355 2018 cameram
374 1945 485 2044 Papa,
506 1953 730 2046 acceperunt
747 1950 871 2023 omnia
889 1953 1043 2046 argenta
1061 1971 1132 2046 que
1148 1949 1410 2022 inveneruntet

83 2067 162 2142 duas
179 2091 313 2168 capsas
338 2095 422 2146 cum
441 2071 583 2148 ducatis
605 2073 752 2148 circiter
775 2081 923 2148 centum
941 2073 1055 2150 millia
1073 2075 1134 2174 (l).
1157 2075 1262 2149 Circa
1277 2072 1410 2148 horam

83 2194 287 2294 vigesimam
302 2197 461 2289 tertiam,
480 2203 701 2296 aperuerunt
715 2205 853 2298 portas,
872 2206 908 2274 et
918 2199 1100 2297 publicata
1115 2203 1171 2274 est
1182 2223 1281 2274 mors
1299 2201 1409 2298 Papa.

60 2321 223 2394 'interim
239 2323 436 2398 servitores
452 2329 678 2423 acceperunt
690 2327 877 2400 residuum
889 2324 987 2422 quod
1003 2331 1083 2398 erat
1098 2325 1135 2398 in
1151 2323 1411 2422 guardarebbis

85 2449 116 2518 et
131 2469 196 2542 pro
213 2471 382 2538 camera,
403 2454 440 2523 et
455 2449 547 2524 nihil
564 2451 746 2524 bonorum
761 2450 987 2546 reliquerunt
1005 2455 1128 2548 preter
1143 2449 1247 2523 sedes
1265 2448 1412 2547 papales

57 2617 62 2628 -
86 2576 117 2646 et
129 2567 267 2670 aliquos
288 2573 455 2650 cussinos
474 2578 513 2648 et
536 2599 677 2674 pannos
698 2576 812 2650 muris
836 2575 977 2650 affixos.
1000 2579 1080 2652 Dux
1101 2567 1288 2672 nunquam
1314 2573 1414 2648 venit

8 2775 9 2784 ,
85 2696 124 2770 ad
140 2701 278 2796 Papam
298 2699 337 2772 in
353 2703 429 2774 tota
447 2701 527 2798 ejus
543 2701 755 2778 infirmitate
774 2725 842 2775 nee
858 2702 896 2775 in
912 2709 1044 2791 morte,
1060 2725 1128 2777 nec
1144 2705 1243 2799 Papa
1255 2721 1413 2797 unquam

86 2845 216 2898 memor
243 2826 313 2899 luit
330 2825 387 2900 sui
406 2826 652 2902 vel-Lucretio
670 2827 708 2902 in
730 2828 852 2926 aliquo
877 2827 1029 2902 minimo
1053 2827 1178 2917 verbo,
1201 2819 1327 2900 necin
1349 2849 1415 2898 sua

86 2948 303 3025 infirmitate.
325 2952 453 3026 Socius
473 2975 576 3026 meus
594 2954 688 3028 venit
705 2953 751 3027 ad
767 2953 942 3051 palatium
962 2959 1045 3052 post
1059 2955 1272 3054 vigesimam
1289 2974 1416 3025 secun·
1468 3007 1470 3010 -

86 3073 158 3148 dam
172 3075 326 3167 horam3
347 3099 418 3174 quo
438 3077 528 3168 viso,
547 3083 697 3154 vocatus
715 3078 780 3153 luit
800 3083 836 3152 et
855 3079 1103 3154 intromissus.
1124 3079 1264 3154 lnvenit
1280 3081 1416 3175 Papam

87 3205 261 3276 mortuum
280 3207 318 3278 et
336 3203 430 3301 juvit
445 3227 484 3278 se
508 3205 676 3278 manibus
695 3209 870 3302 quantum
886 3205 1018 3302 potuit,
1047 3205 1179 3278 deinde
1195 3204 1278 3278 lecit
1292 3203 1416 3291 lavare

88 3325 225 3422 Papam,
252 3328 354 3426 quod
378 3327 466 3402 iecit
489 3329 716 3420 Balthassar,
746 3317 935 3404 familiaris
962 3329 1112 3406 sacrista
1140 3333 1177 3402 et
1200 3328 1350 3425 quidam
1372 3351 1416 3400 ex

89 3451 318 3526 servitoribus
348 3457 443 3552 Papa
472 3479 580 3552 quem
607 3455 801 3530 induerunt
830 3455 999 3529 omnibus
1024 3453 1154 3552 pannis
1178 3451 1412 3550 quotidianis,

89 3575 234 3672 quadam
250 3583 350 3654 veste
366 3581 476 3677 panni
495 3581 580 3672 albi,
599 3605 671 3679 qua
686 3603 871 3680 nunquam
888 3605 932 3654 eo
949 3588 1113 3679 tempore
1131 3601 1203 3677 quo
1221 3576 1317 3653 vivus
1333 3585 1411 3652 erat

89 3699 224 3777 indutus
245 3713 322 3794 est;
345 3705 421 3780 sine
440 3706 558 3780 caude
578 3711 659 3782 erat
676 3713 712 3781 et
729 3707 887 3805 desuper
904 3705 1087 3796 rochetto,
1106 3710 1142 3779 et
1159 3707 1359 3804 posuerunt
1375 3701 1413 3774 in

89 3825 150 3900 alia
163 3851 315 3904 camera
332 3835 416 3904 ante
433 3831 547 3906 salam
568 3831 605 3905 in
623 3855 696 3929 qua
715 3837 879 3906 mortuus
898 3837 954 3905 est
977 3855 1087 3929 super
1104 3853 1214 3904 unam
1230 3827 1412 3917 lecticam,

92 3954 121 4024 et
144 3977 255 4056 super
278 3979 399 4052 panno
424 3957 542 4032 serico
567 3957 772 4032 cremesino
793 3963 828 4031 et
850 3962 970 4056 tapete
992 3957 1161 4056 pulchro.
1188 3958 1274 4030 Post
1286 3953 1415 4052 vigesi-

91 4099 177 4153 mam
192 4081 341 4156 tertiam
362 4081 506 4174 horam,
533 4083 652 4157 socius
672 4105 776 4157 meus
796 4083 882 4157 iecit
906 4105 964 4157 me
986 4083 1105 4158 vocari
1123 4073 1242 4170 sveni,
1266 4086 1302 4155 et
1320 4099 1413 4152 non·

92 4202 167 4278 dum
184 4213 266 4281 erat
289 4207 534 4283 cardinalibus
554 4209 591 4282 in
612 4209 706 4283 Urbe
724 4209 948 4300 intimatum3
963 4209 1027 4282 sed
1045 4207 1193 4284 interim
1211 4205 1309 4304 quod
1332 4204 1411 4278 veni

93 4325 131 4402 ad
146 4332 336 4427 palatium,
354 4335 421 4409 tuit
437 4334 661 4426 intimatum;
680 4335 743 4409 sed
762 4335 882 4408 nullus
901 4334 1137 4410 cardinalium
1155 4333 1266 4406 movit
1287 4353 1325 4406 se
1344 4351 1411 4403 nec

92 4451 247 4532 iecerunt
266 4459 350 4533 alibi
368 4461 690 4561 congregationem
706 4463 743 4535 et
759 4461 805 4535 de
820 4461 891 4536 hoc
907 4461 1183 4559 Neapolitanum
1203 4453 1414 4532 commonui

94 4581 180 4672 quod
204 4583 380 4680 periculis
408 4586 685 4662 occurrentibus
710 4586 887 4661 obviaret.
916 4586 1014 4661 Fecit
1039 4584 1137 4660 idem
1156 4582 1414 4682 Neapolitanus

93 4709 167 4796 post
190 4705 323 4783 horam
347 4709 561 4808 vigesimam
593 4715 762 4809 quartam
793 4711 951 4786 intimari
977 4709 1143 4784 omnibus
1171 4703 1414 4782 cardinalibus

94 4851 244 4924 persnas
258 4837 477 4912 secretarios
495 4839 593 4936 quod
610 4839 648 4910 in
665 4863 774 4912 mane
802 4835 967 4935 sequenti
985 4837 1220 4934 dignarentur
1234 4830 1357 4906 venire
1369 4827 1415 4902 ad

94 4953 279 5034 blinervam
298 4960 374 5052 ubi,
392 4961 430 5035 in
449 4963 571 5036 medio
591 4963 769 5054 sacristia,
786 4967 913 5060 parata
927 4962 1075 5036 luerunt
1093 4963 1249 5058 quatuor
1266 4975 1416 5030 mamna

97 5229 109 5284 1
124 5143 146 5274 l)
166 5145 203 5206 La
210 5166 317 5296 ppmme
331 5147 431 5210 laissta
445 5168 480 5209 en
495 5150 575 5210 blanc
590 5151 660 5210 dans
674 5151 716 5210 les
737 5170 806 5212 mss.
824 5149 905 5228 Gbigi
919 5157 946 5210 et
959 5151 1030 5210 5163
1045 5155 1088 5208 est
1102 5147 1208 5208 donnes
1221 5163 1272 5224 par
1289 5143 1329 5206 les
1342 5160 1411 5202 mss.

111 5232 142 5289 5,
154 5241 206 5296 etl
246 5280 253 5299 a
