3590 6042
321 611 358 676 26
782 610 956 674 tantares
982 610 1204 684 labbeanam,
1486 615 1570 680 [ltere
1586 617 1668 680 teto]

372 770 434 846 SS.
454 771 496 848 m
516 773 653 850 aester,
674 765 857 844 dominica
885 773 1014 863 quarta
1040 767 1333 864 quadragesime,
1351 767 1476 850 rolens
1492 767 1667 848 illustriss

323 894 454 971 simum
472 895 514 971 D.
533 894 702 970 cesarem
725 891 907 988 borgiam,
936 891 1065 973 ducam
1092 892 1338 982 Valentinum,
1371 916 1500 971 creare
1523 894 1666 991 capita

322 1039 431 1093 neum
447 1016 655 1114 generalem
675 1021 710 1092 et
733 1015 1018 1094 confalonerium
1041 1041 1069 1090 s.
1099 1021 1260 1095 Romana
1281 1018 1452 1108 ecclesie,
1477 1041 1599 1096 rosam
1622 1019 1658 1092 ei

323 1141 408 1220 dere
436 1141 632 1220 coustituit..
657 1142 741 1218 ldae
769 1142 867 1218 misit
889 1165 954 1239 pro
975 1146 1018 1220 D.
1046 1143 1282 1232 bernardino,
1309 1147 1410 1218 socio
1435 1166 1519 1222 mec
1537 1149 1573 1221 et
1588 1167 1665 1241 pre

321 1263 395 1355 me,
415 1272 450 1340 et
465 1266 647 1344 commisit
668 1273 706 1342 ut
724 1267 1072 1364 ordinaremusque
1095 1267 1235 1364 agenda
1262 1275 1398 1348 essent.
1421 1269 1580 1352 Dederat
1601 1275 1665 1350 ta-

326 1414 410 1469 men
428 1390 526 1488 prius
546 1391 583 1468 in
600 1391 743 1488 seriptis
757 1391 874 1468 eidem
889 1393 988 1466 socio
1007 1416 1089 1468 meo
1105 1415 1175 1490 qua
1191 1392 1269 1474 fieri
1285 1393 1438 1476 volebat,
1456 1393 1667 1476 seeundum

326 1539 396 1614 que
412 1517 536 1594 omnia
552 1515 761 1594 direximus.

375 1641 568 1720 Dominica
586 1641 696 1736 igitur
711 1639 854 1732 Latere,
875 1649 1003 1739 quarta
1020 1644 1314 1740 quadragesime,
1335 1648 1380 1716 29
1405 1645 1493 1722 dicti
1518 1645 1665 1720 mensis

328 1767 460 1858 martii,
482 1788 603 1854 mane,
632 1766 723 1842 lrora
751 1775 939 1860 consueta,
961 1771 1192 1865 congregatis
1222 1771 1367 1846 thmis.
1394 1772 1468 1852 bb,
1491 1770 1672 1850 cardina-

327 1894 422 1969 libus
449 1895 486 1970 in
520 1915 668 1974 camare
696 1893 891 1990 papa-galli,
922 1895 985 1971 SS.
1017 1897 1059 1972 D.
1080 1900 1206 1972 noster
1223 1895 1309 1971 lecit
1333 1895 1454 1972 vocari
1474 1895 1520 1976 ad
1539 1917 1593 1984 se,
1620 1895 1673 1976 ad

330 2043 479 2118 parvam
498 2041 683 2096 cameram
712 2020 911 2108 audientia,
933 2026 968 2095 et
995 2021 1040 2095 de
1059 2045 1187 2099 eorum
1207 2021 1359 2098 ccrrsilio
1386 2022 1544 2101 decrerit
1572 2020 1671 2094 dare

331 2168 450 2218 rosam
470 2144 672 2241 predictam
692 2144 938 2220 illustrissimo
956 2149 999 2224 D.
1021 2147 1142 2223 Casari
1162 2147 1293 2242 Borgie
1312 2146 1356 2220 de
1381 2146 1545 2234 Francia,
1573 2146 1670 2218 duci

328 2268 521 2350 Valentino
551 2267 626 2345 filio
650 2293 716 2347 suo
739 2269 970 2360 charissimo,
1001 2279 1034 2346 et
1069 2272 1240 2350 curandam
1271 2275 1441 2344 Cesaram
1469 2293 1593 2346 creare
1632 2273 1670 2342 in

331 2395 565 2492 capitaneum
607 2394 817 2492 generalem
850 2406 884 2470 et
916 2395 1203 2500 consolorrerium
1232 2421 1260 2470 s.
1295 2399 1459 2478 Romane
1493 2395 1671 2474 ecclesis.

328 2519 442 2597 Exivit
462 2521 545 2598 inde
565 2521 746 2598 Sanctitas
766 2545 831 2596 sua
848 2544 933 2596 oum
957 2520 1202 2604 cardinalibus
1226 2522 1270 2594 ad
1289 2543 1489 2611 conseram,
1510 2519 1671 2594 benedi-

326 2650 377 2721 xit
400 2671 520 2722 rosam
546 2670 649 2720 more
669 2645 776 2718 solito
797 2651 832 2719 et
851 2647 1029 2742 precessit
1047 2646 1092 2718 ad
1110 2645 1297 2718 basilicam
1316 2669 1345 2718 s.
1374 2646 1484 2734 Patri,
1517 2645 1551 2718 in
1575 2645 1671 2716 sede

336 2781 512 2870 portatus,
543 2795 664 2850 rosam
693 2794 803 2847 manu
824 2771 970 2849 sinistra
988 2770 1173 2858 deierans3
1195 2777 1230 2844 at
1254 2771 1431 2867 precessit
1452 2769 1671 2852 immediate

330 2904 413 2977 anta
442 2920 526 2973 eum
555 2899 590 2974 in
614 2903 712 2970 reste
739 2895 899 2971 braccati
919 2897 990 2970 ritii
1018 2920 1131 2993 usque
1160 2898 1205 2970 ad
1233 2920 1353 2993 genua
1378 2919 1416 2968 se
1445 2895 1670 2978 extendente

331 3045 425 3100 unus
445 3021 594 3097 scutifer
616 3025 727 3118 Papa,
758 3021 906 3100 incessit
924 3029 1007 3097 ante
1030 3022 1270 3096 cubicularios
1293 3029 1329 3096 et
1352 3021 1506 3118 portarit
1524 3025 1668 3094 vestem

327 3170 458 3224 novam
478 3147 552 3221 sive
572 3153 737 3222 mantum
762 3153 797 3218 et
819 3146 1004 3236 bicallem,
1027 3149 1182 3244 insignia
1199 3147 1518 3223 consenserimus.
1551 3145 1664 3232 Quod

329 3272 507 3350 bimatum
527 3281 606 3348 erat
624 3274 669 3346 de
688 3273 909 3362 cremosino,
925 3273 1039 3348 altum
1051 3274 1257 3370 palmorum
1270 3274 1439 3360 duorum,¹
1451 3269 1678 3355 hermelinis·

327 3397 532 3488 suffultum
560 3398 655 3476 inira
684 3400 761 3496 ejus
790 3399 951 3477 medium
980 3398 1107 3476 hebuit
1133 3399 1341 3499 lettuecinm
1372 3398 1531 3478 braccati
1560 3400 1665 3473 aurei

332 3547 417 3600 cum
436 3531 592 3621 quatuor
611 3523 770 3600 bottonis
788 3523 937 3622 grossis,
959 3525 1003 3598 de
1030 3524 1141 3622 perlis
1166 3526 1201 3601 ia
1225 3503 1547 3622 quartinonum
1561 3545 1671 3604 ,eom-

330 3650 467 3739 munis;
489 3651 525 3724 in
553 3656 708 3746 quatuor
728 3651 804 3747 ejus
830 3649 995 3746 partibus
1014 3657 1049 3724 et
1070 3648 1217 3724 interius
1235 3647 1386 3746 [habuit]
1421 3646 1596 3744 pellitiam
1619 3646 1668 3720 de

329 3773 541 3850 hermelinis
563 3774 765 3852 latitudinis
788 3774 947 3869 quinque
972 3775 1168 3870 digitorum
1193 3774 1250 3854 vel
1272 3774 1369 3849 eirea
1387 3779 1423 3846 et
1456 3772 1547 3846 duos
1581 3793 1671 3868 pen·

329 3899 457 3972 dantes
473 3897 602 3994 longos
630 3899 859 3989 nlaioribus,
884 3899 944 3974 hic
973 3906 1008 3976 et
1026 3901 1129 3988 iirda;
1149 3900 1186 3972 in
1217 3899 1426 3980 summitate
1454 3895 1580 3982 habuit
1604 3919 1670 3969 cc-

328 4022 491 4098 lumbam
509 4023 555 4095 de
582 4023 691 4120 perlis
718 4025 969 4121 compositam,
991 4025 1192 4106 latitudinis
1220 4033 1377 4121 quatuor
1406 4022 1605 4118 digitorum
1631 4029 1668 4094 et

331 4147 435 4239 ultra,
456 4172 539 4221 cum
558 4149 668 4222 radiis
688 4174 731 4221 ex
751 4149 859 4246 perlis
871 4149 1176 4225 descendentibus
1200 4149 1372 4248 usquead
1391 4148 1539 4245 plicam.
1562 4149 1669 4228 Post-

330 4295 439 4368 quam
460 4276 556 4372 Papa
572 4273 637 4351 luit
654 4275 690 4348 in
708 4276 809 4366 sede,
830 4281 955 4352 Rmus.
977 4279 1019 4350 D.
1049 4276 1243 4352 cardinalis
1276 4279 1554 4352 Beneventanus
1570 4271 1669 4345 cele-

331 4399 497 4474 breturus
531 4401 763 4496 pervenitad
799 4402 988 4476 basilicam
1021 4402 1236 4500 predictam,
1266 4401 1405 4497 aceepit
1442 4396 1608 4484 sandalia
1633 4403 1668 4468 et

330 4545 451 4598 sacras
470 4531 599 4615 vastes,
619 4549 721 4600 mora
739 4527 858 4602 solito.
876 4532 1072 4604 Perventus
1090 4534 1173 4603 ante
1193 4527 1304 4603 altare
1334 4527 1453 4622 majus
1485 4522 1667 4612 Pontifex,

330 4649 494 4724 detracta
512 4649 578 4727 sibi
596 4652 717 4742 mitra,
731 4653 845 4728 oravit
857 4654 894 4728 in
905 4652 1126 4744 sustulerim
1141 4653 1274 4730 deinde
1292 4652 1378 4728 lecit
1396 4648 1667 4726 contessionem

330 4797 414 4848 cum
432 4775 654 4866 celebrante,
675 4800 776 4850 more
795 4779 915 4854 solito.

345 4949 348 4954 -
380 4906 530 4978 lnterim
548 4907 620 4980 dux
642 4908 807 4980 ascendit
824 4907 869 4980 ad
895 4904 1026 4980 solium
1045 4908 1142 5001 Pape
1168 4913 1204 4980 et
1228 4904 1359 4980 locavit
1384 4927 1424 4974 se
1452 4901 1496 4980 ad
1524 4905 1668 4996 partem

330 5028 425 5102 illius
452 5031 711 5122 dexteramet
739 5039 908 5104 cantores
930 5054 1002 5104 norr
1035 5032 1203 5106 dixerunt
1229 5025 1553 5118 introitum3laeta
1580 5048 1671 5104 eeu·

330 5153 502 5246 sessione,
523 5161 620 5254 Papa
643 5157 808 5230 aseendit
827 5156 958 5230 solium
978 5157 1181 5244 adsedem,
1203 5155 1265 5230 ubi
1289 5154 1426 5250 recepit
1445 5175 1574 5230 omnes
1591 5173 1671 5224 car·

331 5277 472 5352 dinales
489 5281 534 5353 ad
555 5284 793 5356 reverentiam
813 5288 1038 5356 consuetam.
1052 5282 1260 5366 Celebrens,
1274 5282 1373 5356 dicte
1396 5280 1429 5354 ir
1453 5277 1555 5352 altori
1579 5275 1670 5354 Ore-
