3502 6036
315 565 368 622 tat
769 559 944 621 totttNrtts
968 557 1191 630 BUROEARDL
1445 558 1565 622 tremor
1579 564 1646 626 tm]

312 717 437 818 viginti
456 741 587 792 novem
609 717 830 814 equitarunt,
853 739 938 790 cum
957 715 1088 812 quibus
1105 713 1204 790 venit
1227 712 1474 804 Plumbiunm,
1487 715 1584 813 jovis
1601 721 1642 790 at

312 841 500 932 februarii,
525 840 623 914 circa
645 839 777 914 horam
801 863 1047 938 vesperarum,
1073 845 1109 912 et
1131 861 1262 936 parum
1286 843 1371 912 aute
1395 860 1493 926 eum,
1525 843 1646 914 Rmus.

313 970 356 1041 D.
386 966 580 1042 cardinalis
601 965 818 1040 Gusentinus
845 987 929 1040 cum
954 964 1091 1039 familia
1112 987 1189 1053 sua,
1220 962 1388 1060 personis
1410 962 1561 1038 circiter
1586 965 1647 1038 tri-

312 1091 424 1190 ginta.

360 1216 497 1290 Eadem
515 1215 574 1290 die
590 1215 785 1306 dominica,
808 1220 889 1314 post
907 1215 1037 1290 horam
1056 1237 1306 1313 vesperarum,
1327 1216 1426 1312 Papa
1442 1220 1480 1290 et
1499 1239 1587 1290 cum
1605 1239 1646 1292 eo

311 1342 471 1439 quinque
495 1342 712 1432 cardinales,
744 1342 914 1416 videlicet
940 1365 968 1414 s.
997 1340 1183 1431 Praxedis,
1213 1340 1378 1430 Ursinus
1409 1365 1438 1414 s.
1467 1341 1643 1430 Severini,

309 1466 483 1556 Estensis,
501 1470 538 1541 et
561 1467 696 1564 Borgia
714 1467 937 1540 intraverunt
952 1489 1062 1540 unam
1080 1465 1237 1562 galeam,
1261 1464 1469 1562 perventuri
1490 1465 1646 1542 Plumbi-

309 1615 410 1682 num,
430 1615 502 1689 quo
519 1600 693 1666 venerunt
707 1593 793 1668 lune
809 1597 850 1666 21
873 1591 1060 1684 februarii,
1076 1592 1176 1666 circa
1191 1590 1408 1666 meridiem:
1428 1613 1516 1665 cum
1535 1595 1642 1690 Papa,

310 1716 348 1790 in
366 1716 485 1813 galee,
504 1717 653 1790 luerunt
670 1723 816 1791 centum
831 1717 886 1790 vel
903 1717 1015 1791 circa.

358 1843 463 1916 Feria
480 1847 594 1933 sexta,
612 1847 657 1916 25
672 1842 844 1916 februarii
860 1841 1026 1940 predicti,
1045 1839 1107 1916 SS.
1131 1845 1174 1915 1).
1197 1846 1323 1916 noster
1337 1863 1423 1916 cum
1442 1865 1508 1916 sex
1527 1843 1647 1918 cardi·

309 1967 451 2040 nalibus
476 1967 696 2064 supradictis
719 1971 755 2041 et
779 1968 885 2057 duce,
914 1967 1057 2042 intravit
1082 1967 1236 2067 galeam,
1267 1971 1305 2041 et
1330 1966 1582 2043 transfretavit
1604 1970 1646 2042 ad

308 2090 464 2166 insulam
484 2091 570 2166 Elbe
590 2092 651 2166 ubi
670 2093 803 2167 mansit
817 2115 933 2190 usque
951 2093 997 2168 ad
1016 2091 1221 2184 sabbatum,
1242 2095 1288 2166 26
1307 2091 1490 2182 februarii,
1513 2117 1591 2190 quo
1612 2095 1647 2168 in

308 2240 393 2292 sero
408 2215 515 2290 rediit
531 2216 778 2292 Plumbinum.
1335 2283 1338 2288 .

360 2341 562 2431 Dominica,
592 2347 636 2414 tl
665 2341 820 2440 predicti
845 2344 994 2432 mensis,
1022 2349 1192 2442 paratum
1222 2343 1289 2418 luit
1317 2343 1433 2418 altare
1460 2345 1582 2442 majus
1610 2343 1646 2416 in

307 2467 463 2543 ecclesia
481 2471 686 2542 conventus
705 2492 734 2540 s.
755 2468 962 2566 Augustini,
988 2491 1071 2544 cum
1093 2474 1251 2566 quatuor
1273 2468 1448 2567 apostolis
1470 2473 1509 2543 et
1532 2493 1642 2543 cruce

306 2593 468 2692 pretiose
487 2591 548 2665 ubi
568 2597 692 2666 Rmus.
714 2595 756 2666 D.
780 2593 972 2668 cardinalis
996 2594 1226 2686 Cusentinus,
1248 2601 1395 2692 paratus
1414 2595 1642 2692 paramentis

304 2719 474 2794 violaceis
509 2717 694 2816 pretiosis,
731 2718 1021 2794 ministrantibus
1056 2720 1124 2796 sibi
1158 2720 1311 2794 diacono
1346 2724 1384 2794 et
1415 2719 1642 2795 subdiacono

305 2843 443 2941 capelle
465 2849 603 2934 nostre,
625 2867 729 2918 more
749 2844 853 2918 solito
869 2845 1064 2920 celebravit
1085 2845 1248 2935 missam,
1266 2845 1324 2918 cui
1345 2847 1409 2920 SS.
1433 2848 1477 2919 D.
1499 2851 1641 2936 noster,

306 2974 453 3067 paratus
469 2969 691 3066 paramentis
707 2970 891 3044 consuetis
906 2978 943 3045 et
959 2971 1107 3068 pluviali
1131 2978 1167 3044 et
1189 2971 1299 3045 mitra
1321 2969 1503 3068 pretiosis,
1527 2970 1644 3045 inter-

307 3093 375 3166 fuit
392 3115 477 3167 cum
492 3093 651 3190 quinque
668 3093 746 3168 aliis
762 3094 1005 3170 cardinalibus
1025 3095 1239 3194 supradictis
1257 3117 1415 3193 quorum
1432 3099 1525 3184 tres,
1545 3094 1645 3169 vide-

305 3217 391 3292 licet
412 3241 440 3290 s.
467 3218 628 3292 Severini
649 3243 671 3294 a
695 3219 830 3294 dextris
853 3230 888 3294 et
910 3219 1070 3294 Estensis
1097 3244 1118 3294 a
1143 3220 1299 3294 sinistris
1324 3243 1367 3294 ac
1391 3245 1421 3292 s.
1450 3219 1641 3309 Praxedis,

305 3348 475 3441 tanquam
494 3343 699 3442 presbyteri
721 3345 925 3420 cardinales
947 3347 1143 3420 astiterunt
1160 3345 1250 3436 sihi;
1277 3345 1337 3418 alii
1361 3344 1447 3436 duo,
1472 3344 1645 3420 videlicet

306 3469 470 3560 Ursinus,
492 3470 625 3566 Borgia
643 3476 679 3544 et
696 3469 769 3546 dux
786 3471 958 3546 sederunt
972 3470 1009 3544 in
1026 3470 1143 3546 banco
1160 3471 1341 3546 ordinato.
1367 3473 1502 3545 Omnes
1524 3472 1645 3546 cardi·

305 3593 406 3668 nates
422 3594 667 3670 interfuerunt
680 3595 718 3670 in
734 3595 810 3670 suis
826 3597 974 3694 cappis:
991 3597 1027 3670 in
1043 3621 1114 3694 qua
1129 3597 1253 3686 missa,
1270 3599 1379 3692 prout
1396 3594 1518 3670 socius
1535 3619 1644 3670 meus

308 3720 398 3794 mihi
410 3720 550 3810 retulit,
568 3720 693 3795 omnia
708 3720 855 3794 suerunt
875 3744 980 3794 more
995 3721 1114 3795 solito.

356 3849 469 3920 Rome
485 3851 620 3936 autem,
643 3845 773 3920 eadem
791 3845 986 3935 dominica,
1009 3849 1051 3920 R.
1076 3850 1117 3921 P.
1140 3850 1183 3921 D.
1207 3846 1470 3939 Ferdinandus,
1497 3849 1643 3946 episco-

306 3989 373 4068 pus
389 3969 704 4068 Balneoregiensis
724 3995 790 4068 pro
810 3975 853 4045 R.
880 3974 922 4044 Ι).
948 3970 1105 4047 ilenrico
1126 3975 1263 4064 Bruno,
1281 3973 1558 4072 archiepiscopo
1573 3977 1642 4048 la·

307 4095 450 4168 rentino
466 4094 671 4188 assistente,
690 4095 886 4170 celebravit
900 4095 1048 4171 missam
1063 4098 1260 4194 publicam,
1283 4099 1321 4172 in
1337 4099 1478 4198 capella
1496 4101 1640 4199 majore

306 4219 429 4318 palatii
448 4243 678 4296 :sermonem
694 4220 781 4296 lecit
792 4227 1006 4319 procurator
1020 4222 1158 4297 ordinis
1172 4224 1435 4299 heremitarum
1451 4249 1481 4298 s.
1499 4227 1642 4322 Augus-

306 4343 385 4432 tini,
403 4344 550 4420 brevem
566 4352 604 4420 et
623 4345 774 4420 bonum.
800 4347 1045 4422 Interlueruut
1067 4347 1274 4444 quindecim
1297 4348 1513 4440 cardinales,
1539 4347 1640 4423 vide-

305 4468 418 4545 licet:
444 4469 718 4567 Neapolitanus,
738 4471 1010 4562 Reconatensis,
1033 4472 1325 4564 Beneventanus,
1354 4473 1635 4562 Alexandrinus,

303 4620 334 4669 s.
363 4594 507 4686 Crucis,
544 4595 821 4693 Agrigentinus,
855 4595 1069 4688 Grimanus,
1098 4598 1331 4690 rlrboransis,
1366 4599 1636 4688 salernitanus,

302 4720 600 4818 uaputaquensts,
618 4722 822 4819 Capuanus‚
842 4722 1070 4814 Mutinensis,
1089 4725 1275 4815 Senensis,
1293 4725 1454 4800 Medicas
1476 4731 1512 4800 et
1527 4729 1637 4800 Cesa-

301 4846 415 4920 rinus.
444 4847 556 4922 Missa
584 4855 620 4924 et
649 4871 770 4922 sermo
794 4849 1004 4948 hujusmodi
1035 4851 1184 4927 suerunt
1206 4851 1373 4928 intimata
1394 4847 1440 4926 de
1462 4851 1636 4927 mandato

301 4974 410 5069 Papa,
430 4979 538 5070 prout
553 4974 733 5072 superius

347 5099 455 5173 Feria
477 5101 650 5190 secunda,
674 5101 801 5176 ultima
818 5100 954 5176 mensis
975 5101 1162 5193 februarii,
1191 5105 1254 5179 SS.
1278 5107 1322 5178 D.
1350 5108 1476 5178 noster
1493 5103 1633 5178 remisit

299 5223 470 5300 familiam
497 5249 599 5302 suam
629 5231 666 5303 et
687 5227 911 5325 equltaturas
935 5247 1089 5306 numero
1109 5237 1256 5306 centum
1276 5229 1332 5306 vel
1359 5229 1471 5323 circa,
1501 5229 1632 5328 qulbus
