3506 6034
103 620 294 685 [minuamus]
422 619 549 676 RERUM
575 616 798 675 URBANARUM
821 617 1083 674 COMMENTARII.
1361 623 1414 680 283

100 779 148 846 est
162 795 258 844 more
274 772 393 844 solito.
415 772 537 845 Abbas
553 797 581 843 s.
602 773 763 868 Gregorii
778 771 844 843 luit
863 772 1031 844 adextris
1058 773 1322 870 archiepiscopi
1333 774 1413 846 Flo·

98 897 215 970 reatini
232 897 340 992 primi
354 897 568 986 assistentia,
588 903 623 970 et
648 898 691 970 de
711 897 881 968 mandatu
902 899 998 992 Papa
1016 895 1098 969 dedi
1117 897 1237 969 locum
1255 899 1289 969 in
1317 899 1413 994 prin-

97 1023 180 1117 cipio
201 1027 282 1092 ante
309 1021 502 1094 ecclesiam
532 1043 593 1093 sex
624 1021 874 1094 assistentibus
895 1021 932 1092 in
956 1021 1077 1093 rotulo
1105 1021 1307 1117 descriptis.
1337 1027 1411 1118 Ego

96 1145 176 1216 dixi:
192 1175 207 1211 «
229 1143 340 1216 Pater
354 1158 485 1232 sancte,
503 1147 551 1217 sic
570 1147 710 1234 transit,
732 1157 795 1218 etc.
821 1173 837 1210 a
859 1148 968 1216 Extra
987 1144 1160 1240 capellam
1181 1169 1210 1216 a.
1230 1145 1408 1241 Gregorii,

96 1277 167 1340 ante
183 1269 402 1362 sepulturam
417 1269 514 1353 Pauli
538 1294 629 1366 pape
650 1269 813 1355 secundi,
835 1269 869 1340 in
891 1269 1012 1341 medio
1031 1270 1131 1342 navis
1147 1271 1409 1361 transversalis,

93 1399 380 1465 antecesse-runt
395 1399 471 1466 tr'es
489 1395 688 1490 presbyteri
709 1393 924 1480 cardinales,
941 1393 1108 1465 videlicet
1127 1392 1170 1462 de
1188 1393 1318 1481 Fusco,
1340 1399 1407 1466 Le-

93 1516 262 1610 gionensis
280 1523 318 1590 et
332 1519 532 1604 Adrianus,
551 1519 726 1591 intrantes
744 1543 809 1614 per
830 1525 970 1613 portam
986 1517 1222 1613 principalem
1238 1517 1280 1588 ad
1297 1517 1408 1590 altare

90 1641 207 1734 majus.
235 1644 345 1736 Papa,
386 1666 459 1715 non
483 1643 577 1715 lacta
604 1644 788 1730 oratione,
818 1642 903 1714 lecit
933 1641 1200 1714 contessionem
1226 1647 1261 1712 et
1289 1642 1407 1712 socius

89 1785 180 1834 meus
198 1763 281 1836 lecit
296 1773 447 1838 cantare
465 1774 633 1841 cantores
651 1789 734 1839 cum
763 1764 933 1838 scandalo
956 1765 1009 1835 sui
1033 1771 1182 1860 propter
1198 1764 1409 1860 prohibitio-

87 1911 161 1958 nem
177 1909 319 1960 meam:
338 1890 685 1980 lactacont'essione,
698 1895 967 1986 Papaportatus
978 1887 1087 1960 tuitio
1102 1889 1187 1959 sede
1199 1888 1245 1960 ad
1261 1887 1404 1960 solium.

87 2013 168 2082 ,tote
184 2010 314 2084 solium
336 2013 497 2110 episcopi
519 2014 779 2112 etpresbyteri
803 2011 1037 2085 veneruntad
1055 2011 1242 2098 circulum,
1264 2011 1406 2083 diaconi

87 2155 148 2202 uon
161 2143 349 2213 venerunt,
362 2138 447 2232 quia
461 2140 519 2210 vix
538 2145 617 2212 erat
632 2139 734 2212 locus
751 2161 814 2234 pro
831 2135 1065 2233 presbyteris.
1081 2135 1134 2206 llli
1151 2140 1226 2206 tres
1246 2133 1408 2207 cardina·

85 2255 448 2352 les.proutinrotu10,
461 2262 631 2335 dixerunt
644 2263 1106 2357 orationessuperPapam3
1125 2259 1255 2331 deinde
1267 2260 1409 2354 accepit

86 2381 236 2474 pallium,
256 2389 292 2456 et
308 2387 471 2459 osculato
487 2387 602 2475 altari,
622 2387 786 2461 ascendit
804 2385 849 2458 ad
865 2385 995 2457 solium
1013 2383 1072 2454 ubi
1090 2383 1232 2477 accepit
1248 2383 1293 2454 ad
1310 2407 1406 2455 reve-

86 2505 229 2576 rentiam
250 2530 376 2580 omnes
391 2509 592 2582 cardinales
610 2517 646 2584 et
661 2511 832 2606 prelatos
849 2507 979 2581 deinde
993 2506 1080 2577 dixit
1094 2505 1278 2577 introitum
1288 2505 1332 2576 K
1327 2507 1406 2600 pria

87 2627 214 2716 eleison,
236 2629 357 2703 Gloria
375 2638 411 2706 et
428 2639 503 2707 tres
519 2635 701 2708 orationes
718 2635 936 2718 successive,
951 2637 988 2703 ut
1002 2631 1038 2701 in
1055 2629 1186 2701 rotulo.
1207 2629 1404 2702 Cardinalis

87 2773 111 2820 s.
130 2754 268 2850 Georgii
288 2756 375 2829 dixit
397 2758 523 2832 laudas
550 2783 631 2831 cum
656 2757 901 2842 subdiaconis,
927 2761 963 2828 et
990 2753 1232 2826 subdiaconus
1255 2753 1404 2848 epistole

87 2897 147 2946 non
178 2879 287 2964 venit,
320 2887 356 2953 et
378 2883 494 2970 bane,
525 2885 656 2956 deinde
682 2883 893 2957 continuate
915 2879 1027 2950 missa
1052 2899 1153 2949 more
1180 2877 1298 2948 solito.
1327 2879 1405 2962 Qua

87 2999 174 3071 finita
189 3007 225 3073 et
245 3003 329 3076 data
346 3028 411 3100 per
426 3010 561 3102 Papam
580 3007 847 3092 benedictione,
867 3002 1055 3077 descendit
1073 3001 1117 3073 de
1139 3001 1241 3072 altari
1264 3006 1300 3073 et
1321 3001 1404 3073 lecit

86 3125 203 3197 lulium
238 3129 505 3222 Spanoccbium
536 3131 794 3228 depositarium
826 3151 944 3216 suum,
979 3126 1148 3198 lleutibus
1177 3125 1292 3196 oculis
1321 3139 1402 3197 cum

87 3248 207 3324 diceret
239 3253 291 3324 Pii
319 3255 467 3327 secundi
493 3266 632 3352 patrem
662 3278 766 3326 suum
797 3253 1058 3350 depositarium
1092 3251 1212 3322 luisse.
1242 3249 1402 3322 Accessit

88 3375 313 3466 personaliter
339 3377 381 3449 ad
415 3378 544 3452 solium
573 3380 618 3452 ad
643 3377 757 3473 quod,
781 3381 930 3474 propter
956 3373 1175 3471 periculum,
1203 3373 1318 3445 solum
1341 3373 1405 3444 ad-

58 3557 60 3560 .
89 3497 174 3569 missi
204 3497 346 3572 luerunt
373 3503 577 3575 cardinales
602 3511 637 3576 et
658 3501 785 3599 prelati
811 3525 854 3573 ac
881 3501 949 3572 alia
973 3498 1138 3570 membra
1164 3496 1316 3592 capelle,
1344 3497 1403 3567 ubi

89 3622 266 3695 cardinalis
294 3649 324 3696 s.
361 3628 532 3722 Georgii,
567 3627 733 3724 deposita
760 3627 868 3698 mitra
902 3648 968 3720 per
1002 3621 1222 3695 cardinalem
1259 3619 1404 3692 Colum-

89 3767 172 3834 nam,
191 3751 287 3844 Pape
311 3750 483 3846 imposuit
499 3775 663 3850 regnum,
687 3752 727 3823 K
724 3752 802 3846 yria
824 3750 950 3821 eleison
972 3747 1076 3820 nobis
1095 3744 1398 3834 acclamantibus;

89 3867 202 3944 deinde
225 3873 331 3946 rediit
357 3874 403 3947 ad
427 3877 613 3972 palatium,
640 3875 833 3948 licentiatis
856 3871 1100 3945 cardinalibus
1121 3879 1156 3942 et
1184 3869 1285 3942 curia
1311 3868 1404 3940 inter

88 3993 227 4086 primum
259 4005 295 4070 et
321 3999 519 4072 secundum
547 4001 728 4097 porticum
756 4023 784 4070 s.
813 3997 920 4070 Petri.
950 3994 1136 4069 Secundus
1166 4015 1297 4089 aquam
1325 4015 1401 4064 ma-

88 4115 176 4190 nibus
193 4119 290 4192 dedit
306 4129 429 4196 orator
445 4127 616 4211 Venetus,
636 4123 760 4195 tertius
777 4130 938 4207 senator,
957 4123 1107 4214 quartus
1125 4121 1167 4189 D.
1190 4116 1402 4220 Franciscus

89 4239 124 4310 de
143 4245 275 4332 Monte,
299 4253 421 4320 orator
438 4248 534 4344 regis
553 4253 814 4334 Romanorum,
833 4245 894 4340 qui
914 4244 1008 4316 venit
1024 4243 1067 4314 de
1086 4241 1279 4337 Hispania:
1297 4264 1402 4313 evan-

89 4364 204 4456 gelium
227 4369 338 4442 latine
362 4370 449 4449 dixit
476 4372 666 4444 cardinalis
695 4371 883 4457 Columna,
913 4365 1104 4464 epistolam
1133 4368 1174 4437 u.
1198 4357 1401 4437 ¹Lucentius

88 4489 288 4564 Goscianus:
308 4495 501 4567 cardinalis
518 4496 778 4593 Neapolitanus
793 4494 860 4566 luit
876 4491 1049 4564 assistens
1071 4489 1130 4584 qui
1147 4487 1263 4560 noluit
1278 4511 1403 4561 ascan-

5 4617 6 4676 t
87 4609 156 4684 dere
174 4615 219 4686 ad
242 4617 373 4689 solium
396 4622 493 4716 Pape
515 4643 597 4693 cum
620 4620 768 4694 daretur
783 4641 876 4713 aqua
896 4615 1060 4688 manibus
1084 4617 1178 4708 Pape
1197 4619 1279 4707 post
1300 4634 1400 4684 com-

87 4739 295 4830 munionem,
315 4741 380 4814 sed
397 4746 494 4817 stetit
517 4745 612 4840 apud
633 4744 744 4816 altare
766 4743 810 4815 ad
826 4739 922 4836 quod
939 4739 1038 4835 prius
1055 4735 1305 4810 descenderat.
1325 4737 1401 4830 Ego

86 4859 141 4932 leci
173 4864 332 4938 olficium
366 4870 529 4958 sacriste,
560 4875 702 4966 portato
734 4867 845 4940 calice
876 4887 958 4937 cum
987 4860 1153 4958 ampullis
1185 4866 1221 4933 et
1247 4859 1329 4931 vino
1357 4858 1403 4930 ad

86 4987 294 5084 credentiam
310 4997 346 5064 et
363 4991 447 5065 inde
466 4993 511 5066 ad
526 4994 660 5066 altare:
683 4991 912 5086 evangelium
931 5009 1081 5083 grecum
1101 4985 1189 5056 dixit
1211 4984 1405 5079 episcopus

86 5107 358 5206 Gallipolitanus,
393 5117 584 5213 epistolam
621 5141 766 5214 grecam
802 5114 1023 5188 Demetrius.
1061 5109 1163 5182 ludei
1199 5113 1336 5181 stantes
1366 5108 1403 5180 in

6 5235 7 5240 ’
89 5229 217 5307 introitu
243 5241 354 5333 prime
379 5243 459 5315 aule
486 5243 608 5338 palatii
634 5243 815 5338 petierunt
844 5235 1051 5313 confirmari
1078 5235 1209 5330 legem,
1241 5239 1276 5306 et
1301 5235 1398 5327 Papa

6 5343 12 5584 i
