3520 6036
106 531 248 595 [neeman
263 533 334 594 rsa]
415 529 544 587 annun
567 528 794 587 unanunneu
819 529 1080 586 counanrnnu.
1365 531 1418 587 323
1453 487 1458 500 i

102 684 251 756 lemnes:
278 683 452 758 assistens
470 683 537 756 fuit
560 683 757 756 cardinalis
777 707 805 755 s.
832 683 1000 755 Praxedis
1019 681 1080 777 qui
1100 681 1271 757 intonavit
1290 707 1419 757 secun-

102 810 176 882 dam
199 809 449 905 antiphonam,
469 808 615 881 tertiam
635 808 823 896 Columna,
846 809 1019 882 assistens
1035 831 1056 880 a
1074 807 1231 897 dextris;
1252 814 1419 904 quartam

101 933 283 1006 cardinalis
306 933 563 1032 Agrigentinus
591 941 627 1008 et
648 933 812 1029 quintam
831 934 1027 1006 cardinalis
1049 933 1220 1022 blediceS,
1247 934 1419 1008 assistens

99 1057 291 1133 asinistris.
306 1059 483 1133 Matutine
495 1051 797 1156 iuoeple'luerunt
811 1059 1019 1132 immediate
1031 1063 1110 1156 post
1122 1059 1252 1131 horam
1263 1083 1414 1134 nouam:

97 1184 318 1275 Cuscntinus‚
346 1185 471 1258 dicens
491 1185 646 1280 primam
668 1185 831 1272 missam,
859 1183 945 1258 lecit
964 1181 1148 1257 osticium:
1171 1184 1418 1258 interfuerunt

96 1308 245 1404 quinque
273 1309 477 1382 cardinales
506 1333 535 1381 s.
566 1310 751 1397 Praxedis
781 1307 1017 1396 camerarius,
1046 1308 1418 1402 Arboreusisd'ola-

97 1439 257 1504 terrenus
274 1439 308 1506 ot
325 1435 502 1508 llediees:
520 1459 547 1505 s.
565 1434 736 1506 Praxedis
754 1432 937 1506 benedixit
956 1432 1206 1506 celebraturus
1221 1433 1266 1505 ad
1282 1457 1416 1506 nonam

95 1557 305 1645 lectionem;
328 1557 399 1632 alia
420 1582 521 1632 more
547 1559 665 1632 solito.
685 1559 779 1632 Nihil
803 1559 868 1631 luit
886 1562 1054 1654 paratum
1073 1559 1141 1630 nisi
1165 1581 1276 1631 unum
1301 1583 1417 1632 seam-

96 1705 173 1754 num
190 1683 340 1780 longum
353 1683 459 1782 juxta
476 1709 624 1758 murum
642 1707 709 1782 pro
726 1684 877 1781 prelatis
894 1689 929 1757 et
948 1709 1020 1756 non
1045 1683 1209 1756 interluit
1230 1685 1296 1756 uisi
1316 1684 1415 1757 solus

96 1809 279 1906 episcopus
296 1811 540 1884 blassancnsis
562 1810 728 1900 sacrista,
754 1810 875 1882 nullus
896 1809 989 1882 alius
1008 1810 1173 1882 officialis
1195 1810 1248 1882 vel
1270 1809 1416 1884 cubicu-

96 1933 197 2006 larius
214 1940 275 2008 aut
298 1935 390 2008 alius
408 1936 444 2008 in
464 1941 564 2009 terra
583 1937 733 2010 sedens:
758 1959 831 2009 non
854 1936 1001 2008 luerunt
1029 1935 1124 2008 dicte
1147 1935 1272 2007 laudes
1297 1959 1415 2031 neque

95 2065 228 2133 cantata
244 2062 404 2133 secunda
421 2061 534 2134 missa
548 2061 633 2158 quia
649 2061 819 2134 dicebaut
837 2065 1007 2134 cantores
1026 2083 1064 2132 se
1082 2083 1215 2132 raucos
1235 2083 1315 2133 esse
1332 2063 1368 2133 et
1385 2060 1414 2132 si

96 2185 279 2259 cantabant
298 2184 345 2283 (l)
365 2188 564 2259 secundam
587 2186 750 2275 missam,
772 2211 845 2259 non
867 2209 974 2283 posse
994 2190 1143 2258 cantare
1163 2185 1327 2274 tertiam;
1349 2185 1413 2257 sed

95 2307 198 2404 ipsam
215 2311 414 2384 secundom
430 2311 579 2384 missam
596 2311 684 2407 legit
700 2311 834 2384 ibidem
853 2311 1097 2383 subdiaconus
1116 2314 1240 2382 nostre
1256 2307 1410 2404 capelle.

95 2432 202 2508 ¹altare
221 2435 288 2508 luit
303 2441 490 2532 paratum3
508 2437 545 2509 in
561 2436 651 2508 solio
667 2440 764 2532 Papa
778 2443 934 2532 quatuor
948 2435 1170 2508 candelabra
1185 2433 1270 2522 alto,
1289 2433 1409 2521 firma,

95 2580 167 2630 cum
187 2568 342 2657 quatuor
367 2562 580 2635 intorticiis:
607 2562 712 2658 posui
731 2563 842 2634 etiam
861 2585 1000 2658 pannos
1023 2560 1156 2633 virides
1179 2559 1216 2630 in
1245 2557 1411 2654 opposito

94 2683 321 2758 cardinalium
340 2691 375 2759 et
393 2691 502 2759 retro.
525 2689 624 2759 luter
642 2685 721 2782 ipsa
737 2684 955 2759 candelabra
974 2707 1037 2757 sax
1057 2681 1294 2780 parafrenarii
1315 2685 1411 2778 Papa

93 2812 280 2882 tenuerunt
307 2834 371 2883 sex
396 2809 578 2885 intorticia
606 2833 762 2907 quorum
781 2835 873 2884 unus
895 2810 994 2883 venit
1018 2810 1121 2882 tarde
1148 2809 1276 2905 etjam
1300 2805 1412 2878 missa

93 2929 235 3030 incepta.

134 3057 244 3131 Finita
260 3058 382 3155 prima
400 3061 522 3148 missa,
545 3083 613 3156 ego
630 3058 701 3155 legi
720 3065 795 3132 tres
813 3059 941 3132 missas
960 3059 996 3130 in
1013 3081 1123 3155 porra
1141 3057 1293 3154 capella.
1316 3063 1411 3156 Papa

92 3186 226 3276 paratus
246 3182 389 3258 insede
406 3184 443 3256 in
465 3208 535 3280 qua
553 3192 718 3281 portatus
737 3190 828 3273 erat,
851 3185 895 3256 de
915 3183 1065 3256 consilio
1086 3183 1326 3256 cardinalium
1348 3185 1409 3280 qui

92 3304 411 3397 circumsteterunt,
432 3315 508 3382 tum
532 3310 691 3383 decrevit
709 3310 856 3383 mittere
870 3332 995 3381 ensem
1020 3307 1208 3381 archiduoi
1228 3307 1405 3404 Philippo,

92 3427 155 3501 filio
181 3431 278 3528 ragis
305 3437 565 3507 Romanorum.
588 3439 680 3507 Ante
708 3435 840 3507 boram
870 3434 1048 3508 decimam
1077 3432 1281 3528 septimam,
1312 3434 1407 3528 Papa

90 3551 265 3629 descendit
291 3558 336 3630 ad
364 3583 393 3630 s.
429 3561 577 3632 Petrum
613 3558 685 3648 ubi,
723 3583 825 3632 more
859 3558 978 3646 solite,
1013 3556 1209 3630 celebrarit
1241 3555 1403 3628 missam.

90 3679 257 3754 rtssistens
280 3681 346 3754 luit
362 3683 556 3756 cardinalis
581 3709 609 3756 s.
640 3684 833 3757 Praxedis:
864 3683 1091 3778 evarrgelium
1116 3679 1290 3778 [latinum]
1316 3679 1406 3752 dixit

91 3801 264 3895 Columna,
284 3807 478 3903 epistolam
494 3811 536 3881 D.
557 3808 741 3882 lohannes
767 3807 812 3882 do
829 3812 978 3905 burgos,
1000 3805 1224 3902 evangelium
1252 3828 1402 3902 grecum

90 3926 125 3998 b.
148 3931 411 4029 Argyropolus,
443 3933 634 4029 epistolam
662 3938 704 4007 o.
733 3934 954 4007 Demetrius.
990 3933 1148 4004 Primam
1179 3930 1403 4003 ablutionem

88 4045 202 4126 babuit
217 4055 358 4150 primus
381 4061 503 4128 orator
518 4058 715 4146 Lucensis;
736 4057 934 4132 secundam
958 4062 1106 4152 ‹puartus
1129 4061 1252 4128 orator
1271 4057 1404 4126 Ferra-

89 4171 225 4267 riensis3
248 4179 395 4253 tertiam
414 4187 540 4255 orator
563 4186 742 4270 Venetus;
769 4187 936 4278 quartam
963 4184 1004 4252 Ι).
1036 4179 1263 4271 Franciscus,
1282 4182 1406 4251 erutor

87 4301 170 4396 regis
186 4307 452 4378 Romanorum.

81 4469 90 4486 ·
126 4427 232 4524 Papa,
253 4429 326 4504 hoe
348 4453 469 4520 mane,
485 4431 674 4506 deseendit
690 4431 736 4506 ad
749 4432 936 4506 basilicam
952 4457 981 4503 s.
1007 4431 1106 4504 Petri
1127 4431 1162 4502 in
1185 4453 1301 4526 regno
1318 4427 1404 4500 Sixti

84 4553 114 4620 et
133 4549 165 4624 in
181 4577 224 4626 eo
240 4555 351 4629 rediit
370 4556 415 4629 ad
436 4556 631 4653 palatium:
649 4557 761 4632 voluit
773 4559 883 4630 etiarn
899 4556 979 4629 heri
996 4579 1078 4629 sero
1090 4556 1209 4652 ipsum
1225 4557 1401 4650 portasse,

85 4676 141 4748 sed
158 4678 241 4772 quia
256 4679 332 4753 dixi
352 4681 474 4754 einon
492 4705 572 4755 esse
588 4689 816 4773 consuetum,
834 4682 930 4755 venit
948 4681 985 4754 in
1005 4681 1113 4754 mitra
1130 4684 1213 4777 post
1228 4678 1400 4750 missam:

83 4801 270 4877 cardinalis
289 4830 318 4877 s.
347 4807 520 4880 Praxedis
540 4808 713 4881 assistens
736 4807 932 4906 publicavit
953 4805 1195 4903 indulgentias
1220 4801 1402 4900 plenarias

85 4945 142 5016 per
155 4929 288 5025 Papam
308 4953 522 5007 concessas:
544 4933 664 5008 nullus
683 4934 904 5010 clericorum
922 4955 1065 5008 camere
1088 4929 1270 5020 interluit3
1298 4951 1405 5024 prop·

113 5202 137 5256 t.
164 5203 198 5263 La
212 5223 281 5266 mss.
307 5209 393 5266 5163.
411 5209 423 5264 l
427 5249 434 5268 .
453 5210 501 5269 71.
518 5210 608 5269 donne
625 5229 631 5268 :
649 5235 662 5264 α
679 5219 705 5270 et
720 5211 743 5270 si
758 5213 955 5270 lamentabant.
974 5235 988 5264 o
