<?xml version="1.0" encoding="UTF-8"?>
<!DOCTYPE html PUBLIC "-//W3C//DTD XHTML 1.0 Transitional//EN"
    "http://www.w3.org/TR/xhtml1/DTD/xhtml1-transitional.dtd">
<html xmlns="http://www.w3.org/1999/xhtml" xml:lang="en" lang="en">
 <head>
  <title>
</title>
<meta http-equiv="Content-Type" content="text/html;charset=utf-8" />
  <meta name='ocr-system' content='tesseract 3.04.00' />
  <meta name='ocr-capabilities' content='ocr_page ocr_carea ocr_par ocr_line ocrx_word'/>
</head>
<body>
  <div class='ocr_page' id='page_1' title='image "./johannisburchar03burcgoog/johannisburchar03burcgoog_0227.png"; bbox 0 0 3502 6036; ppageno 0'>
   <div class='ocr_carea' id='block_1_1' title="bbox 108 661 1426 738">
    <p class='ocr_par' dir='ltr' id='par_1_1' title="bbox 108 661 1426 738">
     <span class='ocr_line' id='line_1_1' title="bbox 108 661 1426 738; baseline 0.002 -20"><span class='ocrx_word' id='word_1_1' title='bbox 108 669 248 731; x_wconf 75' lang='lat' dir='ltr'>[latntbtlt]</span> <span class='ocrx_word' id='word_1_2' title='bbox 419 661 550 738; x_wconf 57' lang='lat' dir='ltr'>RERUM,</span> <span class='ocrx_word' id='word_1_3' title='bbox 571 661 796 722; x_wconf 77' lang='lat' dir='ltr'>Unssanaatln</span> <span class='ocrx_word' id='word_1_4' title='bbox 820 661 1083 720; x_wconf 82' lang='lat' dir='ltr'>COMMENTARll.</span> <span class='ocrx_word' id='word_1_5' title='bbox 1374 665 1426 721; x_wconf 79' lang='lat' dir='ltr'>lta</span> 
     </span>
    </p>
   </div>
   <div class='ocr_carea' id='block_1_2' title="bbox 77 815 1463 4170">
    <p class='ocr_par' dir='ltr' id='par_1_2' title="bbox 108 815 1425 918">
     <span class='ocr_line' id='line_1_2' title="bbox 108 815 1425 918; baseline -0.002 -24"><span class='ocrx_word' id='word_1_6' title='bbox 108 842 184 918; x_wconf 82' lang='lat' dir='ltr'>gum</span> <span class='ocrx_word' id='word_1_7' title='bbox 197 843 224 892; x_wconf 90' lang='lat' dir='ltr'>s.</span> <span class='ocrx_word' id='word_1_8' title='bbox 244 817 341 894; x_wconf 86' lang='lat' dir='ltr'>Petri</span> <span class='ocrx_word' id='word_1_9' title='bbox 357 836 422 914; x_wconf 88' lang='lat' dir='ltr'>per</span> <span class='ocrx_word' id='word_1_10' title='bbox 435 825 577 916; x_wconf 87' lang='lat' dir='ltr'>portam</span> <span class='ocrx_word' id='word_1_11' title='bbox 591 817 758 894; x_wconf 92' lang='lat' dir='ltr'>Viridarii</span> <span class='ocrx_word' id='word_1_12' title='bbox 775 823 811 891; x_wconf 88' lang='lat' dir='ltr'>et</span> <span class='ocrx_word' id='word_1_13' title='bbox 831 816 867 888; x_wconf 93' lang='lat' dir='ltr'>in</span> <span class='ocrx_word' id='word_1_14' title='bbox 893 815 1023 890; x_wconf 94' lang='lat' dir='ltr'>eodem</span> <span class='ocrx_word' id='word_1_15' title='bbox 1039 816 1157 914; x_wconf 86' lang='lat' dir='ltr'>burgo</span> <span class='ocrx_word' id='word_1_16' title='bbox 1178 825 1425 892; x_wconf 83' lang='lat' dir='ltr'>convenerunt</span> 
     </span>
    </p>

    <p class='ocr_par' dir='ltr' id='par_1_3' title="bbox 106 940 1424 1052">
     <span class='ocr_line' id='line_1_3' title="bbox 106 940 1424 1052; baseline 0 -34"><span class='ocrx_word' id='word_1_17' title='bbox 106 968 179 1018; x_wconf 89' lang='lat' dir='ltr'>cam</span> <span class='ocrx_word' id='word_1_18' title='bbox 201 943 252 1018; x_wconf 91' lang='lat' dir='ltr'>eis</span> <span class='ocrx_word' id='word_1_19' title='bbox 274 965 402 1018; x_wconf 92' lang='lat' dir='ltr'>omnes</span> <span class='ocrx_word' id='word_1_20' title='bbox 426 941 495 1052; x_wconf 69' lang='lat' dir='ltr'>alie</span> <span class='ocrx_word' id='word_1_21' title='bbox 516 950 643 1041; x_wconf 83' lang='lat' dir='ltr'>gentes</span> <span class='ocrx_word' id='word_1_22' title='bbox 671 941 766 1038; x_wconf 83' lang='lat' dir='ltr'>regis</span> <span class='ocrx_word' id='word_1_23' title='bbox 793 940 943 1016; x_wconf 85' lang='lat' dir='ltr'>Francia</span> <span class='ocrx_word' id='word_1_24' title='bbox 968 940 1004 1013; x_wconf 94' lang='lat' dir='ltr'>in</span> <span class='ocrx_word' id='word_1_25' title='bbox 1023 941 1128 1014; x_wconf 83' lang='lat' dir='ltr'>Urbe</span> <span class='ocrx_word' id='word_1_26' title='bbox 1153 941 1363 1032; x_wconf 89' lang='lat' dir='ltr'>existentes,</span> <span class='ocrx_word' id='word_1_27' title='bbox 1388 949 1424 1018; x_wconf 90' lang='lat' dir='ltr'>et</span> 
     </span>
    </p>

    <p class='ocr_par' dir='ltr' id='par_1_4' title="bbox 106 1065 1423 1166">
     <span class='ocr_line' id='line_1_4' title="bbox 106 1065 1423 1166; baseline 0.001 -24"><span class='ocrx_word' id='word_1_28' title='bbox 106 1069 260 1142; x_wconf 91' lang='lat' dir='ltr'>omnibus</span> <span class='ocrx_word' id='word_1_29' title='bbox 298 1069 405 1142; x_wconf 89' lang='lat' dir='ltr'>simul</span> <span class='ocrx_word' id='word_1_30' title='bbox 436 1067 684 1166; x_wconf 78' lang='lat' dir='ltr'>congregatis,</span> <span class='ocrx_word' id='word_1_31' title='bbox 721 1065 949 1140; x_wconf 88' lang='lat' dir='ltr'>incesserunt</span> <span class='ocrx_word' id='word_1_32' title='bbox 979 1065 1143 1140; x_wconf 90' lang='lat' dir='ltr'>ordinate</span> <span class='ocrx_word' id='word_1_33' title='bbox 1172 1089 1237 1164; x_wconf 89' lang='lat' dir='ltr'>per</span> <span class='ocrx_word' id='word_1_34' title='bbox 1275 1074 1423 1164; x_wconf 90' lang='lat' dir='ltr'>pontem</span> 
     </span>
    </p>

    <p class='ocr_par' dir='ltr' id='par_1_5' title="bbox 106 1189 1424 1291">
     <span class='ocr_line' id='line_1_5' title="bbox 106 1189 1424 1291; baseline 0 -25"><span class='ocrx_word' id='word_1_35' title='bbox 106 1219 131 1266; x_wconf 89' lang='lat' dir='ltr'>s.</span> <span class='ocrx_word' id='word_1_36' title='bbox 149 1192 288 1291; x_wconf 76' lang='lat' dir='ltr'>Angeli,</span> <span class='ocrx_word' id='word_1_37' title='bbox 309 1193 390 1268; x_wconf 89' lang='lat' dir='ltr'>ituri</span> <span class='ocrx_word' id='word_1_38' title='bbox 414 1193 602 1290; x_wconf 81' lang='lat' dir='ltr'><strong>Neapolim</strong></span> <span class='ocrx_word' id='word_1_39' title='bbox 622 1215 687 1290; x_wconf 94' lang='lat' dir='ltr'>pro</span> <span class='ocrx_word' id='word_1_40' title='bbox 707 1190 921 1265; x_wconf 74' lang='lat' dir='ltr'>executione</span> <span class='ocrx_word' id='word_1_41' title='bbox 937 1189 987 1264; x_wconf 92' lang='lat' dir='ltr'>rei</span> <span class='ocrx_word' id='word_1_42' title='bbox 1005 1191 1073 1264; x_wconf 91' lang='lat' dir='ltr'>sibi</span> <span class='ocrx_word' id='word_1_43' title='bbox 1094 1190 1302 1265; x_wconf 81' lang='lat' dir='ltr'><strong>commisse.</strong></span> <span class='ocrx_word' id='word_1_44' title='bbox 1328 1196 1424 1290; x_wconf 88' lang='lat' dir='ltr'>Papa</span> 
     </span>
    </p>

    <p class='ocr_par' dir='ltr' id='par_1_6' title="bbox 105 1314 1421 1414">
     <span class='ocr_line' id='line_1_6' title="bbox 105 1314 1421 1414; baseline 0 -24"><span class='ocrx_word' id='word_1_45' title='bbox 105 1323 171 1392; x_wconf 87' lang='lat' dir='ltr'>erat</span> <span class='ocrx_word' id='word_1_46' title='bbox 194 1317 231 1390; x_wconf 89' lang='lat' dir='ltr'>in</span> <span class='ocrx_word' id='word_1_47' title='bbox 254 1317 410 1392; x_wconf 87' lang='lat' dir='ltr'>cameris</span> <span class='ocrx_word' id='word_1_48' title='bbox 432 1318 528 1392; x_wconf 92' lang='lat' dir='ltr'>horti</span> <span class='ocrx_word' id='word_1_49' title='bbox 555 1317 663 1392; x_wconf 90' lang='lat' dir='ltr'>castri</span> <span class='ocrx_word' id='word_1_50' title='bbox 685 1315 837 1414; x_wconf 90' lang='lat' dir='ltr'>predicti</span> <span class='ocrx_word' id='word_1_51' title='bbox 855 1338 917 1390; x_wconf 89' lang='lat' dir='ltr'>seu</span> <span class='ocrx_word' id='word_1_52' title='bbox 941 1339 1049 1412; x_wconf 89' lang='lat' dir='ltr'>supra</span> <span class='ocrx_word' id='word_1_53' title='bbox 1075 1314 1168 1390; x_wconf 92' lang='lat' dir='ltr'>illius</span> <span class='ocrx_word' id='word_1_54' title='bbox 1189 1315 1337 1412; x_wconf 79' lang='lat' dir='ltr'>logiam,</span> <span class='ocrx_word' id='word_1_55' title='bbox 1363 1317 1421 1390; x_wconf 90' lang='lat' dir='ltr'>ubi</span> 
     </span>
    </p>

    <p class='ocr_par' dir='ltr' id='par_1_7' title="bbox 104 1431 1422 1540">
     <span class='ocr_line' id='line_1_7' title="bbox 104 1431 1422 1540; baseline 0 -26"><span class='ocrx_word' id='word_1_56' title='bbox 104 1464 175 1514; x_wconf 87' lang='lat' dir='ltr'>cum</span> <span class='ocrx_word' id='word_1_57' title='bbox 189 1463 325 1540; x_wconf 86' lang='lat' dir='ltr'>magna</span> <span class='ocrx_word' id='word_1_58' title='bbox 343 1442 582 1518; x_wconf 66' lang='lat' dir='ltr'>delectatione</span> <span class='ocrx_word' id='word_1_59' title='bbox 604 1441 691 1516; x_wconf 86' lang='lat' dir='ltr'>vidit</span> <span class='ocrx_word' id='word_1_60' title='bbox 714 1463 841 1515; x_wconf 91' lang='lat' dir='ltr'>omnes</span> <span class='ocrx_word' id='word_1_61' title='bbox 858 1431 1122 1538; x_wconf 75' lang='lat' dir='ltr'>pretereuntes,</span> <span class='ocrx_word' id='word_1_62' title='bbox 1141 1440 1318 1513; x_wconf 77' lang='lat' dir='ltr'>Gentium</span> <span class='ocrx_word' id='word_1_63' title='bbox 1343 1463 1422 1514; x_wconf 85' lang='lat' dir='ltr'>om-</span> 
     </span>
    </p>

    <p class='ocr_par' dir='ltr' id='par_1_8' title="bbox 103 1563 1445 1789">
     <span class='ocr_line' id='line_1_8' title="bbox 104 1563 1445 1665; baseline 0.001 -28"><span class='ocrx_word' id='word_1_64' title='bbox 104 1565 190 1638; x_wconf 91' lang='lat' dir='ltr'>nium</span> <span class='ocrx_word' id='word_1_65' title='bbox 204 1565 369 1661; x_wconf 92' lang='lat' dir='ltr'>peditum</span> <span class='ocrx_word' id='word_1_66' title='bbox 384 1566 592 1665; x_wconf 90' lang='lat' dir='ltr'>hujusmodi</span> <span class='ocrx_word' id='word_1_67' title='bbox 606 1566 752 1640; x_wconf 89' lang='lat' dir='ltr'>luerunt</span> <span class='ocrx_word' id='word_1_68' title='bbox 773 1563 965 1639; x_wconf 91' lang='lat' dir='ltr'>duodecim</span> <span class='ocrx_word' id='word_1_69' title='bbox 981 1563 1094 1636; x_wconf 90' lang='lat' dir='ltr'>millia</span> <span class='ocrx_word' id='word_1_70' title='bbox 1112 1568 1147 1636; x_wconf 91' lang='lat' dir='ltr'>et</span> <span class='ocrx_word' id='word_1_71' title='bbox 1164 1563 1328 1659; x_wconf 91' lang='lat' dir='ltr'>equitum</span> <span class='ocrx_word' id='word_1_72' title='bbox 1350 1564 1445 1638; x_wconf 84' lang='lat' dir='ltr'>duo·</span> 
     </span>
     <span class='ocr_line' id='line_1_9' title="bbox 103 1687 1421 1789; baseline 0.001 -26"><span class='ocrx_word' id='word_1_73' title='bbox 103 1689 203 1764; x_wconf 90' lang='lat' dir='ltr'>millia</span> <span class='ocrx_word' id='word_1_74' title='bbox 220 1690 278 1764; x_wconf 88' lang='lat' dir='ltr'>vel</span> <span class='ocrx_word' id='word_1_75' title='bbox 293 1691 401 1766; x_wconf 88' lang='lat' dir='ltr'>circa.</span> <span class='ocrx_word' id='word_1_76' title='bbox 423 1694 558 1766; x_wconf 89' lang='lat' dir='ltr'>Gentes</span> <span class='ocrx_word' id='word_1_77' title='bbox 573 1691 782 1789; x_wconf 88' lang='lat' dir='ltr'>hujusmodi</span> <span class='ocrx_word' id='word_1_78' title='bbox 799 1699 951 1788; x_wconf 89' lang='lat' dir='ltr'>sequute</span> <span class='ocrx_word' id='word_1_79' title='bbox 965 1693 1048 1762; x_wconf 91' lang='lat' dir='ltr'>sunt</span> <span class='ocrx_word' id='word_1_80' title='bbox 1063 1687 1184 1785; x_wconf 83' lang='lat' dir='ltr'>viginti</span> <span class='ocrx_word' id='word_1_81' title='bbox 1201 1711 1264 1762; x_wconf 85' lang='lat' dir='ltr'>sex</span> <span class='ocrx_word' id='word_1_82' title='bbox 1280 1690 1421 1764; x_wconf 90' lang='lat' dir='ltr'>carocie</span> 
     </span>
    </p>

    <p class='ocr_par' dir='ltr' id='par_1_9' title="bbox 77 1816 716 1916">
     <span class='ocr_line' id='line_1_10' title="bbox 77 1816 716 1916; baseline 0 -28"><span class='ocrx_word' id='word_1_83' title='bbox 77 1846 81 1856; x_wconf 94' lang='lat'>·</span> <span class='ocrx_word' id='word_1_84' title='bbox 102 1839 174 1890; x_wconf 89' lang='lat' dir='ltr'>cum</span> <span class='ocrx_word' id='word_1_85' title='bbox 188 1816 335 1916; x_wconf 80' lang='lat' dir='ltr'>triginta</span> <span class='ocrx_word' id='word_1_86' title='bbox 350 1841 414 1890; x_wconf 88' lang='lat' dir='ltr'>sex</span> <span class='ocrx_word' id='word_1_87' title='bbox 428 1817 638 1893; x_wconf 86' lang='lat' dir='ltr'>bombardis</span> <span class='ocrx_word' id='word_1_88' title='bbox 655 1816 716 1916; x_wconf 86' lang='lat' dir='ltr'>(l).</span> 
     </span>
    </p>

    <p class='ocr_par' dir='ltr' id='par_1_10' title="bbox 103 1940 1423 3541">
     <span class='ocr_line' id='line_1_11' title="bbox 144 1940 1421 2041; baseline 0.002 -27"><span class='ocrx_word' id='word_1_89' title='bbox 144 1940 275 2016; x_wconf 89' lang='lat' dir='ltr'>Eadem</span> <span class='ocrx_word' id='word_1_90' title='bbox 292 1941 363 2034; x_wconf 81' lang='lat' dir='ltr'>did,</span> <span class='ocrx_word' id='word_1_91' title='bbox 384 1943 506 2041; x_wconf 82' lang='lat' dir='ltr'>vigilia</span> <span class='ocrx_word' id='word_1_92' title='bbox 525 1941 773 2041; x_wconf 89' lang='lat' dir='ltr'>apostolorum</span> <span class='ocrx_word' id='word_1_93' title='bbox 796 1944 890 2018; x_wconf 88' lang='lat' dir='ltr'>Petri</span> <span class='ocrx_word' id='word_1_94' title='bbox 913 1950 949 2017; x_wconf 90' lang='lat' dir='ltr'>et</span> <span class='ocrx_word' id='word_1_95' title='bbox 970 1942 1084 2034; x_wconf 89' lang='lat' dir='ltr'>Pauli,</span> <span class='ocrx_word' id='word_1_96' title='bbox 1110 1942 1254 2016; x_wconf 87' lang='lat' dir='ltr'>luerunt</span> <span class='ocrx_word' id='word_1_97' title='bbox 1270 1965 1421 2039; x_wconf 88' lang='lat' dir='ltr'>vespere</span> 
     </span>
     <span class='ocr_line' id='line_1_12' title="bbox 103 2066 1422 2166; baseline 0.004 -28"><span class='ocrx_word' id='word_1_98' title='bbox 103 2066 273 2140; x_wconf 82' lang='lat' dir='ltr'>solemnes</span> <span class='ocrx_word' id='word_1_99' title='bbox 289 2067 327 2140; x_wconf 92' lang='lat' dir='ltr'>in</span> <span class='ocrx_word' id='word_1_100' title='bbox 341 2067 481 2164; x_wconf 90' lang='lat' dir='ltr'>capella</span> <span class='ocrx_word' id='word_1_101' title='bbox 496 2068 635 2165; x_wconf 87' lang='lat' dir='ltr'>majore</span> <span class='ocrx_word' id='word_1_102' title='bbox 650 2067 784 2164; x_wconf 89' lang='lat' dir='ltr'>palatii,</span> <span class='ocrx_word' id='word_1_103' title='bbox 805 2071 900 2165; x_wconf 88' lang='lat' dir='ltr'>Papa</span> <span class='ocrx_word' id='word_1_104' title='bbox 920 2073 1102 2166; x_wconf 77' lang='lat' dir='ltr'>presente,</span> <span class='ocrx_word' id='word_1_105' title='bbox 1121 2090 1223 2142; x_wconf 90' lang='lat' dir='ltr'>more</span> <span class='ocrx_word' id='word_1_106' title='bbox 1242 2067 1367 2159; x_wconf 89' lang='lat' dir='ltr'>solito;</span> <span class='ocrx_word' id='word_1_107' title='bbox 1386 2075 1422 2143; x_wconf 88' lang='lat' dir='ltr'>et</span> 
     </span>
     <span class='ocr_line' id='line_1_13' title="bbox 104 2190 1418 2290; baseline 0.002 -26"><span class='ocrx_word' id='word_1_108' title='bbox 104 2190 204 2264; x_wconf 88' lang='lat' dir='ltr'>tuerat</span> <span class='ocrx_word' id='word_1_109' title='bbox 216 2191 349 2265; x_wconf 89' lang='lat' dir='ltr'>eadem</span> <span class='ocrx_word' id='word_1_110' title='bbox 371 2191 428 2266; x_wconf 92' lang='lat' dir='ltr'>die</span> <span class='ocrx_word' id='word_1_111' title='bbox 445 2192 686 2266; x_wconf 76' lang='lat' dir='ltr'>cardinalibus</span> <span class='ocrx_word' id='word_1_112' title='bbox 701 2191 907 2266; x_wconf 87' lang='lat' dir='ltr'>intimatam</span> <span class='ocrx_word' id='word_1_113' title='bbox 927 2193 1025 2290; x_wconf 93' lang='lat' dir='ltr'>quod</span> <span class='ocrx_word' id='word_1_114' title='bbox 1040 2191 1097 2266; x_wconf 90' lang='lat' dir='ltr'>die</span> <span class='ocrx_word' id='word_1_115' title='bbox 1117 2191 1274 2268; x_wconf 88' lang='lat' dir='ltr'>crastina</span> <span class='ocrx_word' id='word_1_116' title='bbox 1293 2196 1418 2267; x_wconf 89' lang='lat' dir='ltr'>Rmus.</span> 
     </span>
     <span class='ocr_line' id='line_1_14' title="bbox 105 2315 1421 2415; baseline 0.002 -27"><span class='ocrx_word' id='word_1_117' title='bbox 105 2317 139 2388; x_wconf 88' lang='lat' dir='ltr'>a.</span> <span class='ocrx_word' id='word_1_118' title='bbox 163 2315 356 2392; x_wconf 82' lang='lat' dir='ltr'>cardinalis</span> <span class='ocrx_word' id='word_1_119' title='bbox 380 2319 655 2392; x_wconf 83' lang='lat' dir='ltr'>Beneventanus</span> <span class='ocrx_word' id='word_1_120' title='bbox 678 2326 776 2392; x_wconf 89' lang='lat' dir='ltr'>esset</span> <span class='ocrx_word' id='word_1_121' title='bbox 798 2317 1045 2392; x_wconf 80' lang='lat' dir='ltr'>celebraturus</span> <span class='ocrx_word' id='word_1_122' title='bbox 1065 2317 1224 2390; x_wconf 85' lang='lat' dir='ltr'>missam</span> <span class='ocrx_word' id='word_1_123' title='bbox 1239 2317 1421 2415; x_wconf 86' lang='lat' dir='ltr'>publicam</span> 
     </span>
     <span class='ocr_line' id='line_1_15' title="bbox 105 2439 1423 2541; baseline 0.002 -28"><span class='ocrx_word' id='word_1_124' title='bbox 105 2441 134 2512; x_wconf 92' lang='lat' dir='ltr'>in</span> <span class='ocrx_word' id='word_1_125' title='bbox 154 2439 304 2514; x_wconf 89' lang='lat' dir='ltr'>basilica</span> <span class='ocrx_word' id='word_1_126' title='bbox 325 2464 356 2514; x_wconf 91' lang='lat' dir='ltr'>s.</span> <span class='ocrx_word' id='word_1_127' title='bbox 384 2443 496 2518; x_wconf 88' lang='lat' dir='ltr'>Petri.</span> <span class='ocrx_word' id='word_1_128' title='bbox 527 2445 567 2516; x_wconf 93' lang='lat' dir='ltr'>ln</span> <span class='ocrx_word' id='word_1_129' title='bbox 591 2449 712 2533; x_wconf 90' lang='lat' dir='ltr'>nocta,</span> <span class='ocrx_word' id='word_1_130' title='bbox 735 2446 834 2541; x_wconf 88' lang='lat' dir='ltr'>Papa</span> <span class='ocrx_word' id='word_1_131' title='bbox 853 2443 1001 2516; x_wconf 89' lang='lat' dir='ltr'>mutavit</span> <span class='ocrx_word' id='word_1_132' title='bbox 1021 2442 1244 2540; x_wconf 89' lang='lat' dir='ltr'>propositum</span> <span class='ocrx_word' id='word_1_133' title='bbox 1269 2447 1306 2516; x_wconf 87' lang='lat' dir='ltr'>et</span> <span class='ocrx_word' id='word_1_134' title='bbox 1326 2443 1423 2517; x_wconf 90' lang='lat' dir='ltr'>circa</span> 
     </span>
     <span class='ocr_line' id='line_1_16' title="bbox 106 2565 1423 2666; baseline 0.003 -28"><span class='ocrx_word' id='word_1_135' title='bbox 106 2565 235 2640; x_wconf 88' lang='lat' dir='ltr'>tertiam</span> <span class='ocrx_word' id='word_1_136' title='bbox 255 2567 386 2640; x_wconf 91' lang='lat' dir='ltr'>horam</span> <span class='ocrx_word' id='word_1_137' title='bbox 407 2567 526 2642; x_wconf 88' lang='lat' dir='ltr'>noctis</span> <span class='ocrx_word' id='word_1_138' title='bbox 550 2567 635 2642; x_wconf 86' lang='lat' dir='ltr'>lecit</span> <span class='ocrx_word' id='word_1_139' title='bbox 654 2569 822 2642; x_wconf 89' lang='lat' dir='ltr'>intimare</span> <span class='ocrx_word' id='word_1_140' title='bbox 845 2567 1115 2666; x_wconf 89' lang='lat' dir='ltr'>processionem</span> <span class='ocrx_word' id='word_1_141' title='bbox 1139 2591 1205 2664; x_wconf 93' lang='lat' dir='ltr'>pro</span> <span class='ocrx_word' id='word_1_142' title='bbox 1220 2591 1313 2658; x_wconf 90' lang='lat' dir='ltr'>cras,</span> <span class='ocrx_word' id='word_1_143' title='bbox 1331 2565 1423 2642; x_wconf 87' lang='lat' dir='ltr'>hora</span> 
     </span>
     <span class='ocr_line' id='line_1_17' title="bbox 106 2690 1422 2785; baseline 0.003 -23"><span class='ocrx_word' id='word_1_144' title='bbox 106 2690 324 2783; x_wconf 89' lang='lat' dir='ltr'>duodecimo,</span> <span class='ocrx_word' id='word_1_145' title='bbox 351 2692 399 2766; x_wconf 90' lang='lat' dir='ltr'>ad</span> <span class='ocrx_word' id='word_1_146' title='bbox 421 2692 610 2766; x_wconf 85' lang='lat' dir='ltr'>basilicam</span> <span class='ocrx_word' id='word_1_147' title='bbox 629 2718 658 2765; x_wconf 89' lang='lat' dir='ltr'>s.</span> <span class='ocrx_word' id='word_1_148' title='bbox 685 2693 795 2785; x_wconf 89' lang='lat' dir='ltr'>Petri,</span> <span class='ocrx_word' id='word_1_149' title='bbox 812 2693 991 2768; x_wconf 86' lang='lat' dir='ltr'>omnibus</span> <span class='ocrx_word' id='word_1_150' title='bbox 1009 2692 1257 2784; x_wconf 88' lang='lat' dir='ltr'>conventibus,</span> <span class='ocrx_word' id='word_1_151' title='bbox 1275 2715 1422 2766; x_wconf 86' lang='lat' dir='ltr'>monas·</span> 
     </span>
     <span class='ocr_line' id='line_1_18' title="bbox 108 2816 1421 2908; baseline 0 -18"><span class='ocrx_word' id='word_1_152' title='bbox 108 2817 193 2892; x_wconf 85' lang='lat' dir='ltr'>teriis</span> <span class='ocrx_word' id='word_1_153' title='bbox 207 2824 243 2892; x_wconf 90' lang='lat' dir='ltr'>et</span> <span class='ocrx_word' id='word_1_154' title='bbox 257 2817 424 2891; x_wconf 88' lang='lat' dir='ltr'>ecclesiis</span> <span class='ocrx_word' id='word_1_155' title='bbox 444 2817 569 2908; x_wconf 90' lang='lat' dir='ltr'>Urbis;</span> <span class='ocrx_word' id='word_1_156' title='bbox 591 2825 627 2893; x_wconf 90' lang='lat' dir='ltr'>et</span> <span class='ocrx_word' id='word_1_157' title='bbox 643 2819 679 2892; x_wconf 93' lang='lat' dir='ltr'>in</span> <span class='ocrx_word' id='word_1_158' title='bbox 698 2819 856 2892; x_wconf 85' lang='lat' dir='ltr'>diluculo</span> <span class='ocrx_word' id='word_1_159' title='bbox 872 2817 1053 2892; x_wconf 85' lang='lat' dir='ltr'>dieitecit</span> <span class='ocrx_word' id='word_1_160' title='bbox 1067 2817 1226 2892; x_wconf 91' lang='lat' dir='ltr'>intimari</span> <span class='ocrx_word' id='word_1_161' title='bbox 1251 2816 1421 2892; x_wconf 90' lang='lat' dir='ltr'>omnibus</span> 
     </span>
     <span class='ocr_line' id='line_1_19' title="bbox 107 2925 1422 3040; baseline 0.002 -27"><span class='ocrx_word' id='word_1_162' title='bbox 107 2941 341 3018; x_wconf 82' lang='lat' dir='ltr'>cardinalibus</span> <span class='ocrx_word' id='word_1_163' title='bbox 360 2925 454 3038; x_wconf 89' lang='lat' dir='ltr'>qaod</span> <span class='ocrx_word' id='word_1_164' title='bbox 470 2943 600 3018; x_wconf 92' lang='lat' dir='ltr'>eodem</span> <span class='ocrx_word' id='word_1_165' title='bbox 621 2966 727 3018; x_wconf 85' lang='lat' dir='ltr'>mane</span> <span class='ocrx_word' id='word_1_166' title='bbox 749 2943 852 3017; x_wconf 88' lang='lat' dir='ltr'>tieret</span> <span class='ocrx_word' id='word_1_167' title='bbox 868 2943 1052 3040; x_wconf 86' lang='lat' dir='ltr'>processio</span> <span class='ocrx_word' id='word_1_168' title='bbox 1073 2943 1107 3015; x_wconf 93' lang='lat' dir='ltr'>in</span> <span class='ocrx_word' id='word_1_169' title='bbox 1127 2942 1346 3040; x_wconf 87' lang='lat' dir='ltr'>paramentis</span> <span class='ocrx_word' id='word_1_170' title='bbox 1362 2967 1422 3016; x_wconf 90' lang='lat' dir='ltr'>ru-</span> 
     </span>
     <span class='ocr_line' id='line_1_20' title="bbox 108 3065 1418 3166; baseline 0.001 -26"><span class='ocrx_word' id='word_1_171' title='bbox 108 3065 173 3142; x_wconf 88' lang='lat' dir='ltr'>beis</span> <span class='ocrx_word' id='word_1_172' title='bbox 193 3091 375 3143; x_wconf 89' lang='lat' dir='ltr'>aoamera</span> <span class='ocrx_word' id='word_1_173' title='bbox 394 3069 595 3166; x_wconf 88' lang='lat' dir='ltr'>paramenti</span> <span class='ocrx_word' id='word_1_174' title='bbox 618 3069 663 3144; x_wconf 88' lang='lat' dir='ltr'>ad</span> <span class='ocrx_word' id='word_1_175' title='bbox 685 3067 871 3144; x_wconf 85' lang='lat' dir='ltr'>basilicam</span> <span class='ocrx_word' id='word_1_176' title='bbox 887 3093 916 3140; x_wconf 92' lang='lat' dir='ltr'>s.</span> <span class='ocrx_word' id='word_1_177' title='bbox 944 3069 1053 3158; x_wconf 90' lang='lat' dir='ltr'>Petri,</span> <span class='ocrx_word' id='word_1_178' title='bbox 1079 3068 1115 3141; x_wconf 93' lang='lat' dir='ltr'>in</span> <span class='ocrx_word' id='word_1_179' title='bbox 1135 3091 1208 3166; x_wconf 87' lang='lat' dir='ltr'>qua</span> <span class='ocrx_word' id='word_1_180' title='bbox 1227 3072 1351 3142; x_wconf 89' lang='lat' dir='ltr'>Rmus.</span> <span class='ocrx_word' id='word_1_181' title='bbox 1375 3071 1418 3142; x_wconf 83' lang='lat' dir='ltr'>b.</span> 
     </span>
     <span class='ocr_line' id='line_1_21' title="bbox 106 3192 1423 3291; baseline 0.002 -27"><span class='ocrx_word' id='word_1_182' title='bbox 106 3192 287 3266; x_wconf 88' lang='lat' dir='ltr'>cardinalis</span> <span class='ocrx_word' id='word_1_183' title='bbox 302 3195 492 3290; x_wconf 87' lang='lat' dir='ltr'>Capuanus</span> <span class='ocrx_word' id='word_1_184' title='bbox 516 3201 612 3268; x_wconf 89' lang='lat' dir='ltr'>esset</span> <span class='ocrx_word' id='word_1_185' title='bbox 629 3194 876 3268; x_wconf 88' lang='lat' dir='ltr'>celebraturus</span> <span class='ocrx_word' id='word_1_186' title='bbox 896 3193 1044 3268; x_wconf 87' lang='lat' dir='ltr'>missam</span> <span class='ocrx_word' id='word_1_187' title='bbox 1060 3193 1275 3286; x_wconf 87' lang='lat' dir='ltr'>solemnem,</span> <span class='ocrx_word' id='word_1_188' title='bbox 1292 3193 1330 3266; x_wconf 94' lang='lat' dir='ltr'>iu</span> <span class='ocrx_word' id='word_1_189' title='bbox 1351 3215 1423 3291; x_wconf 89' lang='lat' dir='ltr'>qua</span> 
     </span>
     <span class='ocr_line' id='line_1_22' title="bbox 106 3316 1422 3416; baseline 0 -26"><span class='ocrx_word' id='word_1_190' title='bbox 106 3316 338 3412; x_wconf 90' lang='lat' dir='ltr'>publicaretur</span> <span class='ocrx_word' id='word_1_191' title='bbox 349 3317 432 3416; x_wconf 79' lang='lat' dir='ltr'>lega</span> <span class='ocrx_word' id='word_1_192' title='bbox 451 3323 487 3394; x_wconf 90' lang='lat' dir='ltr'>et</span> <span class='ocrx_word' id='word_1_193' title='bbox 501 3320 746 3394; x_wconf 82' lang='lat' dir='ltr'>confederatio</span> <span class='ocrx_word' id='word_1_194' title='bbox 766 3318 861 3394; x_wconf 92' lang='lat' dir='ltr'>iuter</span> <span class='ocrx_word' id='word_1_195' title='bbox 880 3321 943 3394; x_wconf 89' lang='lat' dir='ltr'>SS.</span> <span class='ocrx_word' id='word_1_196' title='bbox 963 3322 1005 3394; x_wconf 85' lang='lat' dir='ltr'>ll.</span> <span class='ocrx_word' id='word_1_197' title='bbox 1029 3324 1245 3394; x_wconf 84' lang='lat' dir='ltr'>nostramet</span> <span class='ocrx_word' id='word_1_198' title='bbox 1265 3321 1422 3394; x_wconf 85' lang='lat' dir='ltr'>Franco-</span> 
     </span>
     <span class='ocr_line' id='line_1_23' title="bbox 106 3442 633 3541; baseline 0.008 -28"><span class='ocrx_word' id='word_1_199' title='bbox 106 3464 174 3514; x_wconf 91' lang='lat' dir='ltr'>rum</span> <span class='ocrx_word' id='word_1_200' title='bbox 186 3464 227 3517; x_wconf 88' lang='lat' dir='ltr'>ac</span> <span class='ocrx_word' id='word_1_201' title='bbox 243 3442 498 3540; x_wconf 90' lang='lat' dir='ltr'>Hispaniarum</span> <span class='ocrx_word' id='word_1_202' title='bbox 514 3467 633 3541; x_wconf 83' lang='lat' dir='ltr'>reges.</span> 
     </span>
    </p>

    <p class='ocr_par' dir='ltr' id='par_1_11' title="bbox 106 3569 1463 4170">
     <span class='ocr_line' id='line_1_24' title="bbox 146 3569 1422 3672; baseline 0.005 -32"><span class='ocrx_word' id='word_1_203' title='bbox 146 3569 266 3642; x_wconf 86' lang='lat' dir='ltr'>llartis</span> <span class='ocrx_word' id='word_1_204' title='bbox 288 3569 485 3666; x_wconf 87' lang='lat' dir='ltr'>sequentis,</span> <span class='ocrx_word' id='word_1_205' title='bbox 510 3574 555 3644; x_wconf 79' lang='lat'>29</span> <span class='ocrx_word' id='word_1_206' title='bbox 574 3570 667 3665; x_wconf 86' lang='lat' dir='ltr'>junii</span> <span class='ocrx_word' id='word_1_207' title='bbox 692 3569 856 3667; x_wconf 91' lang='lat' dir='ltr'>predicti,</span> <span class='ocrx_word' id='word_1_208' title='bbox 880 3570 972 3672; x_wconf 86' lang='lat' dir='ltr'>testo</span> <span class='ocrx_word' id='word_1_209' title='bbox 996 3569 1242 3669; x_wconf 89' lang='lat' dir='ltr'>apostolorum</span> <span class='ocrx_word' id='word_1_210' title='bbox 1267 3569 1362 3646; x_wconf 88' lang='lat' dir='ltr'>Petri</span> <span class='ocrx_word' id='word_1_211' title='bbox 1386 3578 1422 3646; x_wconf 90' lang='lat' dir='ltr'>et</span> 
     </span>
     <span class='ocr_line' id='line_1_25' title="bbox 107 3695 1421 3796; baseline 0.003 -30"><span class='ocrx_word' id='word_1_212' title='bbox 107 3695 210 3784; x_wconf 88' lang='lat' dir='ltr'>Pauli,</span> <span class='ocrx_word' id='word_1_213' title='bbox 227 3698 264 3770; x_wconf 92' lang='lat' dir='ltr'>in</span> <span class='ocrx_word' id='word_1_214' title='bbox 280 3719 402 3786; x_wconf 88' lang='lat' dir='ltr'>mane,</span> <span class='ocrx_word' id='word_1_215' title='bbox 418 3696 538 3772; x_wconf 91' lang='lat' dir='ltr'>clerus</span> <span class='ocrx_word' id='word_1_216' title='bbox 558 3695 675 3788; x_wconf 90' lang='lat' dir='ltr'>Urbis,</span> <span class='ocrx_word' id='word_1_217' title='bbox 693 3695 850 3796; x_wconf 85' lang='lat' dir='ltr'>religiosi</span> <span class='ocrx_word' id='word_1_218' title='bbox 868 3701 904 3770; x_wconf 94' lang='lat' dir='ltr'>et</span> <span class='ocrx_word' id='word_1_219' title='bbox 916 3695 1098 3770; x_wconf 86' lang='lat' dir='ltr'>seculares</span> <span class='ocrx_word' id='word_1_220' title='bbox 1114 3695 1264 3793; x_wconf 91' lang='lat' dir='ltr'>quilibet</span> <span class='ocrx_word' id='word_1_221' title='bbox 1277 3695 1322 3770; x_wconf 91' lang='lat' dir='ltr'>de</span> <span class='ocrx_word' id='word_1_222' title='bbox 1341 3718 1421 3770; x_wconf 91' lang='lat' dir='ltr'>mo-</span> 
     </span>
     <span class='ocr_line' id='line_1_26' title="bbox 106 3819 1423 3917; baseline 0.003 -28"><span class='ocrx_word' id='word_1_223' title='bbox 106 3820 250 3894; x_wconf 85' lang='lat' dir='ltr'>nestorio</span> <span class='ocrx_word' id='word_1_224' title='bbox 273 3821 328 3896; x_wconf 91' lang='lat' dir='ltr'>vel</span> <span class='ocrx_word' id='word_1_225' title='bbox 345 3830 522 3896; x_wconf 89' lang='lat' dir='ltr'>conventu</span> <span class='ocrx_word' id='word_1_226' title='bbox 548 3845 612 3896; x_wconf 90' lang='lat' dir='ltr'>seu</span> <span class='ocrx_word' id='word_1_227' title='bbox 637 3820 792 3896; x_wconf 89' lang='lat' dir='ltr'>ccclesia</span> <span class='ocrx_word' id='word_1_228' title='bbox 808 3821 882 3894; x_wconf 90' lang='lat' dir='ltr'>suis</span> <span class='ocrx_word' id='word_1_229' title='bbox 906 3825 1083 3895; x_wconf 89' lang='lat' dir='ltr'>venerunt</span> <span class='ocrx_word' id='word_1_230' title='bbox 1108 3819 1423 3917; x_wconf 86' lang='lat' dir='ltr'>processionaliter</span> 
     </span>
     <span class='ocr_line' id='line_1_27' title="bbox 106 3942 1463 4044; baseline 0.004 -30"><span class='ocrx_word' id='word_1_231' title='bbox 106 3942 145 4014; x_wconf 90' lang='lat' dir='ltr'>ad</span> <span class='ocrx_word' id='word_1_232' title='bbox 158 3944 342 4020; x_wconf 90' lang='lat' dir='ltr'>basilicam</span> <span class='ocrx_word' id='word_1_233' title='bbox 365 3970 395 4020; x_wconf 92' lang='lat' dir='ltr'>s.</span> <span class='ocrx_word' id='word_1_234' title='bbox 427 3946 536 4036; x_wconf 87' lang='lat' dir='ltr'>Petri,</span> <span class='ocrx_word' id='word_1_235' title='bbox 558 3946 732 4044; x_wconf 88' lang='lat' dir='ltr'>adquam</span> <span class='ocrx_word' id='word_1_236' title='bbox 757 3946 867 4020; x_wconf 87' lang='lat' dir='ltr'>etiam</span> <span class='ocrx_word' id='word_1_237' title='bbox 893 3948 990 4042; x_wconf 86' lang='lat' dir='ltr'>Papa</span> <span class='ocrx_word' id='word_1_238' title='bbox 1012 3969 1096 4020; x_wconf 88' lang='lat' dir='ltr'>curn</span> <span class='ocrx_word' id='word_1_239' title='bbox 1121 3943 1362 4019; x_wconf 88' lang='lat' dir='ltr'>cardinalibus</span> <span class='ocrx_word' id='word_1_240' title='bbox 1386 3951 1421 4020; x_wconf 91' lang='lat' dir='ltr'>et</span> <span class='ocrx_word' id='word_1_241' title='bbox 1460 3971 1463 3977; x_wconf 90' lang='lat'>·</span> 
     </span>
     <span class='ocr_line' id='line_1_28' title="bbox 106 4066 1420 4170; baseline 0.004 -32"><span class='ocrx_word' id='word_1_242' title='bbox 106 4066 239 4159; x_wconf 88' lang='lat' dir='ltr'>prelatis</span> <span class='ocrx_word' id='word_1_243' title='bbox 271 4070 405 4167; x_wconf 90' lang='lat' dir='ltr'>paratis</span> <span class='ocrx_word' id='word_1_244' title='bbox 438 4071 626 4146; x_wconf 87' lang='lat' dir='ltr'>descendit</span> <span class='ocrx_word' id='word_1_245' title='bbox 660 4071 980 4170; x_wconf 89' lang='lat' dir='ltr'>processionaliter</span> <span class='ocrx_word' id='word_1_246' title='bbox 1016 4069 1092 4142; x_wconf 92' lang='lat' dir='ltr'>sub·</span> <span class='ocrx_word' id='word_1_247' title='bbox 1119 4068 1333 4144; x_wconf 84' lang='lat' dir='ltr'>baldachino</span> <span class='ocrx_word' id='word_1_248' title='bbox 1375 4069 1420 4143; x_wconf 94' lang='lat' dir='ltr'>dc</span> 
     </span>
    </p>
   </div>
   <div class='ocr_carea' id='block_1_3' title="bbox 107 4271 1423 5414">
    <p class='ocr_par' dir='ltr' id='par_1_12' title="bbox 107 4271 1423 5414">
     <span class='ocr_line' id='line_1_29' title="bbox 137 4271 1422 4350; baseline -0.001 -20"><span class='ocrx_word' id='word_1_249' title='bbox 137 4275 158 4326; x_wconf 91' lang='lat' dir='ltr'>t.</span> <span class='ocrx_word' id='word_1_250' title='bbox 178 4295 192 4324; x_wconf 78' lang='grc' dir='ltr'>α</span> <span class='ocrx_word' id='word_1_251' title='bbox 206 4271 243 4330; x_wconf 88' lang='lat' dir='ltr'>Le</span> <span class='ocrx_word' id='word_1_252' title='bbox 258 4273 492 4348; x_wconf 77' lang='lat' dir='ltr'>vingt-huicbeme</span> <span class='ocrx_word' id='word_1_253' title='bbox 503 4277 568 4348; x_wconf 77' lang='lat' dir='ltr'>Jour</span> <span class='ocrx_word' id='word_1_254' title='bbox 590 4277 626 4332; x_wconf 93' lang='lat' dir='ltr'>du</span> <span class='ocrx_word' id='word_1_255' title='bbox 643 4275 711 4331; x_wconf 92' lang='lat' dir='ltr'>mois</span> <span class='ocrx_word' id='word_1_256' title='bbox 726 4277 760 4332; x_wconf 93' lang='lat' dir='ltr'>de</span> <span class='ocrx_word' id='word_1_257' title='bbox 772 4274 846 4350; x_wconf 90' lang='lat' dir='ltr'>juin.</span> <span class='ocrx_word' id='word_1_258' title='bbox 916 4274 949 4330; x_wconf 89' lang='lat' dir='ltr'>de</span> <span class='ocrx_word' id='word_1_259' title='bbox 964 4273 1064 4330; x_wconf 89' lang='lat' dir='ltr'>devant</span> <span class='ocrx_word' id='word_1_260' title='bbox 1085 4273 1171 4330; x_wconf 82' lang='lat' dir='ltr'>Rome</span> <span class='ocrx_word' id='word_1_261' title='bbox 1185 4273 1362 4348; x_wconf 78' lang='lat' dir='ltr'>deslogerenl</span> <span class='ocrx_word' id='word_1_262' title='bbox 1382 4273 1422 4330; x_wconf 89' lang='lat' dir='ltr'>les</span> 
     </span>
     <span class='ocr_line' id='line_1_30' title="bbox 107 4355 1421 4438; baseline 0.002 -23"><span class='ocrx_word' id='word_1_263' title='bbox 107 4356 223 4430; x_wconf 77' lang='lat' dir='ltr'>Francois</span> <span class='ocrx_word' id='word_1_264' title='bbox 235 4369 263 4420; x_wconf 88' lang='lat' dir='ltr'>et</span> <span class='ocrx_word' id='word_1_265' title='bbox 276 4379 312 4420; x_wconf 91' lang='lat' dir='ltr'>au</span> <span class='ocrx_word' id='word_1_266' title='bbox 328 4363 413 4437; x_wconf 86' lang='lat' dir='ltr'>partir</span> <span class='ocrx_word' id='word_1_267' title='bbox 426 4363 541 4421; x_wconf 86' lang='lat' dir='ltr'>meirsnt</span> <span class='ocrx_word' id='word_1_268' title='bbox 554 4364 662 4438; x_wconf 88' lang='lat' dir='ltr'>pietons</span> <span class='ocrx_word' id='word_1_269' title='bbox 677 4371 705 4422; x_wconf 90' lang='lat' dir='ltr'>et</span> <span class='ocrx_word' id='word_1_270' title='bbox 724 4362 850 4421; x_wconf 86' lang='lat' dir='ltr'>artillerie</span> <span class='ocrx_word' id='word_1_271' title='bbox 865 4363 975 4432; x_wconf 87' lang='lat' dir='ltr'>devant,</span> <span class='ocrx_word' id='word_1_272' title='bbox 991 4379 1058 4418; x_wconf 88' lang='lat' dir='ltr'>avec</span> <span class='ocrx_word' id='word_1_273' title='bbox 1077 4361 1101 4419; x_wconf 90' lang='lat' dir='ltr'>le</span> <span class='ocrx_word' id='word_1_274' title='bbox 1116 4361 1187 4419; x_wconf 91' lang='lat' dir='ltr'>train</span> <span class='ocrx_word' id='word_1_275' title='bbox 1202 4363 1251 4420; x_wconf 90' lang='lat' dir='ltr'>des</span> <span class='ocrx_word' id='word_1_276' title='bbox 1266 4355 1421 4434; x_wconf 85' lang='lat' dir='ltr'>sommiers,</span> 
     </span>
     <span class='ocr_line' id='line_1_31' title="bbox 107 4447 1423 4527; baseline 0.005 -25"><span class='ocrx_word' id='word_1_277' title='bbox 107 4447 248 4524; x_wconf 76' lang='lat' dir='ltr'>rtcharroy</span> <span class='ocrx_word' id='word_1_278' title='bbox 261 4452 298 4508; x_wconf 90' lang='lat' dir='ltr'>da</span> <span class='ocrx_word' id='word_1_279' title='bbox 311 4451 430 4526; x_wconf 78' lang='lat' dir='ltr'>bagaige</span> <span class='ocrx_word' id='word_1_280' title='bbox 445 4453 478 4508; x_wconf 89' lang='lat' dir='ltr'>de</span> <span class='ocrx_word' id='word_1_281' title='bbox 493 4452 611 4510; x_wconf 76' lang='lat' dir='ltr'>l&#39;armee.</span> <span class='ocrx_word' id='word_1_282' title='bbox 630 4453 667 4510; x_wconf 88' lang='lat' dir='ltr'>Ca</span> <span class='ocrx_word' id='word_1_283' title='bbox 682 4453 729 4527; x_wconf 89' lang='lat' dir='ltr'>qui</span> <span class='ocrx_word' id='word_1_284' title='bbox 743 4452 828 4510; x_wconf 88' lang='lat' dir='ltr'>tencit</span> <span class='ocrx_word' id='word_1_285' title='bbox 842 4452 876 4507; x_wconf 91' lang='lat' dir='ltr'>de</span> <span class='ocrx_word' id='word_1_286' title='bbox 890 4451 957 4526; x_wconf 80' lang='lat' dir='ltr'>long</span> <span class='ocrx_word' id='word_1_287' title='bbox 971 4451 1033 4525; x_wconf 90' lang='lat' dir='ltr'>plus</span> <span class='ocrx_word' id='word_1_288' title='bbox 1048 4450 1081 4506; x_wconf 88' lang='lat' dir='ltr'>dc</span> <span class='ocrx_word' id='word_1_289' title='bbox 1096 4452 1169 4508; x_wconf 86' lang='lat' dir='ltr'>deux</span> <span class='ocrx_word' id='word_1_290' title='bbox 1186 4449 1272 4507; x_wconf 88' lang='lat' dir='ltr'>milles</span> <span class='ocrx_word' id='word_1_291' title='bbox 1286 4452 1321 4507; x_wconf 88' lang='lat' dir='ltr'>do</span> <span class='ocrx_word' id='word_1_292' title='bbox 1335 4469 1403 4526; x_wconf 78' lang='lat' dir='ltr'>pays</span> <span class='ocrx_word' id='word_1_293' title='bbox 1411 4493 1423 4510; x_wconf 89' lang='lat'>.-</span> 
     </span>
     <span class='ocr_line' id='line_1_32' title="bbox 107 4534 1422 4616; baseline 0.005 -25"><span class='ocrx_word' id='word_1_294' title='bbox 107 4534 150 4592; x_wconf 86' lang='lat' dir='ltr'>Les</span> <span class='ocrx_word' id='word_1_295' title='bbox 171 4555 238 4610; x_wconf 75' lang='lat' dir='ltr'>gans</span> <span class='ocrx_word' id='word_1_296' title='bbox 251 4541 368 4598; x_wconf 82' lang='lat' dir='ltr'>d&#39;annes</span> <span class='ocrx_word' id='word_1_297' title='bbox 389 4557 423 4597; x_wconf 88' lang='lat' dir='ltr'>en</span> <span class='ocrx_word' id='word_1_298' title='bbox 438 4541 492 4599; x_wconf 90' lang='lat' dir='ltr'>bon</span> <span class='ocrx_word' id='word_1_299' title='bbox 514 4542 594 4598; x_wconf 86' lang='lat' dir='ltr'>ordre</span> <span class='ocrx_word' id='word_1_300' title='bbox 613 4549 641 4599; x_wconf 87' lang='lat' dir='ltr'>el</span> <span class='ocrx_word' id='word_1_301' title='bbox 662 4541 706 4600; x_wconf 91' lang='lat' dir='ltr'>bel</span> <span class='ocrx_word' id='word_1_302' title='bbox 721 4559 801 4616; x_wconf 81' lang='lat' dir='ltr'>arrcy</span> <span class='ocrx_word' id='word_1_303' title='bbox 822 4541 993 4597; x_wconf 77' lang='lat' dir='ltr'>marcherent</span> <span class='ocrx_word' id='word_1_304' title='bbox 1010 4543 1100 4614; x_wconf 79' lang='lat' dir='ltr'>apres,</span> <span class='ocrx_word' id='word_1_305' title='bbox 1123 4546 1229 4597; x_wconf 87' lang='lat' dir='ltr'>moutez</span> <span class='ocrx_word' id='word_1_306' title='bbox 1242 4539 1271 4598; x_wconf 65' lang='lat' dir='ltr'>&#39;et</span> <span class='ocrx_word' id='word_1_307' title='bbox 1293 4558 1382 4597; x_wconf 84' lang='lat' dir='ltr'>armez</span> <span class='ocrx_word' id='word_1_308' title='bbox 1396 4541 1422 4598; x_wconf 91' lang='lat' dir='ltr'>la</span> 
     </span>
     <span class='ocr_line' id='line_1_33' title="bbox 108 4623 1423 4704; baseline 0.004 -24"><span class='ocrx_word' id='word_1_309' title='bbox 108 4623 172 4682; x_wconf 88' lang='lat' dir='ltr'>lance</span> <span class='ocrx_word' id='word_1_310' title='bbox 190 4645 237 4684; x_wconf 87' lang='lat' dir='ltr'>sar</span> <span class='ocrx_word' id='word_1_311' title='bbox 253 4629 396 4699; x_wconf 86' lang='lat' dir='ltr'>tacuisse,</span> <span class='ocrx_word' id='word_1_312' title='bbox 416 4637 443 4688; x_wconf 89' lang='lat' dir='ltr'>et</span> <span class='ocrx_word' id='word_1_313' title='bbox 456 4629 483 4688; x_wconf 85' lang='lat' dir='ltr'>la</span> <span class='ocrx_word' id='word_1_314' title='bbox 500 4637 570 4688; x_wconf 83' lang='lat' dir='ltr'>teste</span> <span class='ocrx_word' id='word_1_315' title='bbox 588 4649 622 4688; x_wconf 90' lang='lat' dir='ltr'>en</span> <span class='ocrx_word' id='word_1_316' title='bbox 637 4631 751 4698; x_wconf 74' lang='lat' dir='ltr'>immet,</span> <span class='ocrx_word' id='word_1_317' title='bbox 772 4640 834 4688; x_wconf 85' lang='lat' dir='ltr'>tous</span> <span class='ocrx_word' id='word_1_318' title='bbox 853 4647 886 4688; x_wconf 88' lang='lat' dir='ltr'>ou</span> <span class='ocrx_word' id='word_1_319' title='bbox 906 4628 1009 4704; x_wconf 89' lang='lat' dir='ltr'>poinct,</span> <span class='ocrx_word' id='word_1_320' title='bbox 1032 4647 1136 4686; x_wconf 89' lang='lat' dir='ltr'>comme</span> <span class='ocrx_word' id='word_1_321' title='bbox 1154 4647 1223 4702; x_wconf 92' lang='lat' dir='ltr'>pour</span> <span class='ocrx_word' id='word_1_322' title='bbox 1241 4629 1335 4686; x_wconf 89' lang='lat' dir='ltr'>devoir</span> <span class='ocrx_word' id='word_1_323' title='bbox 1346 4646 1423 4685; x_wconf 86' lang='lat' dir='ltr'>oom-</span> 
     </span>
     <span class='ocr_line' id='line_1_34' title="bbox 107 4711 1423 4794; baseline 0.007 -28"><span class='ocrx_word' id='word_1_324' title='bbox 107 4711 194 4772; x_wconf 88' lang='lat' dir='ltr'>battre.</span> <span class='ocrx_word' id='word_1_325' title='bbox 209 4717 284 4775; x_wconf 81' lang='lat' dir='ltr'>Ainsi</span> <span class='ocrx_word' id='word_1_326' title='bbox 303 4723 447 4793; x_wconf 81' lang='lat' dir='ltr'>passereut</span> <span class='ocrx_word' id='word_1_327' title='bbox 459 4735 509 4794; x_wconf 88' lang='lat' dir='ltr'>par</span> <span class='ocrx_word' id='word_1_328' title='bbox 529 4719 555 4776; x_wconf 94' lang='lat' dir='ltr'>la</span> <span class='ocrx_word' id='word_1_329' title='bbox 570 4719 633 4776; x_wconf 87' lang='lat' dir='ltr'>ville</span> <span class='ocrx_word' id='word_1_330' title='bbox 652 4722 686 4776; x_wconf 92' lang='lat' dir='ltr'>de</span> <span class='ocrx_word' id='word_1_331' title='bbox 705 4722 802 4792; x_wconf 83' lang='lat' dir='ltr'>Rome,</span> <span class='ocrx_word' id='word_1_332' title='bbox 823 4736 945 4778; x_wconf 87' lang='lat' dir='ltr'>sannaus</span> <span class='ocrx_word' id='word_1_333' title='bbox 964 4725 1110 4792; x_wconf 89' lang='lat' dir='ltr'>trompetes</span> <span class='ocrx_word' id='word_1_334' title='bbox 1130 4723 1158 4774; x_wconf 89' lang='lat' dir='ltr'>at</span> <span class='ocrx_word' id='word_1_335' title='bbox 1177 4711 1295 4776; x_wconf 86' lang='lat' dir='ltr'>clairons</span> <span class='ocrx_word' id='word_1_336' title='bbox 1316 4725 1342 4775; x_wconf 89' lang='lat' dir='ltr'>et</span> <span class='ocrx_word' id='word_1_337' title='bbox 1355 4713 1423 4792; x_wconf 69' lang='lat' dir='ltr'>gros</span> 
     </span>
     <span class='ocr_line' id='line_1_35' title="bbox 108 4797 1422 4882; baseline 0.005 -25"><span class='ocrx_word' id='word_1_338' title='bbox 108 4804 208 4862; x_wconf 86' lang='lat' dir='ltr'>labours</span> <span class='ocrx_word' id='word_1_339' title='bbox 222 4806 255 4863; x_wconf 84' lang='lat' dir='ltr'>de</span> <span class='ocrx_word' id='word_1_340' title='bbox 277 4807 399 4878; x_wconf 78' lang='lat' dir='ltr'>scisses,</span> <span class='ocrx_word' id='word_1_341' title='bbox 415 4809 441 4866; x_wconf 86' lang='lat' dir='ltr'>si</span> <span class='ocrx_word' id='word_1_342' title='bbox 460 4797 513 4882; x_wconf 87' lang='lat' dir='ltr'>que</span> <span class='ocrx_word' id='word_1_343' title='bbox 533 4814 659 4866; x_wconf 90' lang='lat' dir='ltr'>tonnerre</span> <span class='ocrx_word' id='word_1_344' title='bbox 680 4811 770 4866; x_wconf 85' lang='lat' dir='ltr'>u&#39;eust</span> <span class='ocrx_word' id='word_1_345' title='bbox 793 4809 819 4865; x_wconf 83' lang='lat' dir='ltr'>la</span> <span class='ocrx_word' id='word_1_346' title='bbox 841 4813 899 4866; x_wconf 82' lang='lat' dir='ltr'>este</span> <span class='ocrx_word' id='word_1_347' title='bbox 920 4814 976 4882; x_wconf 78' lang='lat' dir='ltr'>ottq</span> <span class='ocrx_word' id='word_1_348' title='bbox 979 4848 1034 4866; x_wconf 81' lang='grc'><strong>.....</strong></span> <span class='ocrx_word' id='word_1_349' title='bbox 1048 4807 1169 4864; x_wconf 76' lang='lat' dir='ltr'>-llevant</span> <span class='ocrx_word' id='word_1_350' title='bbox 1188 4805 1213 4862; x_wconf 88' lang='lat' dir='ltr'>la</span> <span class='ocrx_word' id='word_1_351' title='bbox 1236 4808 1368 4865; x_wconf 82' lang='lat' dir='ltr'>chasteau</span> <span class='ocrx_word' id='word_1_352' title='bbox 1387 4807 1422 4864; x_wconf 88' lang='lat' dir='ltr'>da</span> 
     </span>
     <span class='ocr_line' id='line_1_36' title="bbox 107 4889 1422 4973; baseline 0.002 -27"><span class='ocrx_word' id='word_1_353' title='bbox 107 4889 192 4950; x_wconf 87' lang='lat' dir='ltr'>Saiuct</span> <span class='ocrx_word' id='word_1_354' title='bbox 205 4897 291 4970; x_wconf 77' lang='lat' dir='ltr'>Ange,</span> <span class='ocrx_word' id='word_1_355' title='bbox 306 4897 609 4973; x_wconf 66' lang='lat' dir='ltr'>amnemamnem</span> <span class='ocrx_word' id='word_1_356' title='bbox 624 4898 706 4956; x_wconf 85' lang='lat' dir='ltr'>basse</span> <span class='ocrx_word' id='word_1_357' title='bbox 721 4897 822 4973; x_wconf 83' lang='lat' dir='ltr'>galeria</span> <span class='ocrx_word' id='word_1_358' title='bbox 837 4897 920 4956; x_wconf 83' lang='lat' dir='ltr'>estoit</span> <span class='ocrx_word' id='word_1_359' title='bbox 934 4896 959 4952; x_wconf 92' lang='lat' dir='ltr'>le</span> <span class='ocrx_word' id='word_1_360' title='bbox 974 4913 1054 4972; x_wconf 91' lang='lat' dir='ltr'>pape,</span> <span class='ocrx_word' id='word_1_361' title='bbox 1070 4893 1264 4968; x_wconf 80' lang='lat' dir='ltr'>accompaigne</span> <span class='ocrx_word' id='word_1_362' title='bbox 1281 4895 1316 4948; x_wconf 89' lang='lat' dir='ltr'>de</span> <span class='ocrx_word' id='word_1_363' title='bbox 1333 4894 1422 4966; x_wconf 81' lang='lat' dir='ltr'>grand</span> 
     </span>
     <span class='ocr_line' id='line_1_37' title="bbox 107 4973 1423 5061; baseline 0.004 -28"><span class='ocrx_word' id='word_1_364' title='bbox 107 4981 209 5040; x_wconf 86' lang='lat' dir='ltr'>nombre</span> <span class='ocrx_word' id='word_1_365' title='bbox 223 4985 255 5040; x_wconf 91' lang='lat' dir='ltr'>de</span> <span class='ocrx_word' id='word_1_366' title='bbox 267 4985 438 5061; x_wconf 85' lang='lat' dir='ltr'>cardinaulx,</span> <span class='ocrx_word' id='word_1_367' title='bbox 455 4973 685 5060; x_wconf 81' lang='lat' dir='ltr'>d&#39;arclrevesques</span> <span class='ocrx_word' id='word_1_368' title='bbox 699 4995 727 5044; x_wconf 90' lang='lat' dir='ltr'>et</span> <span class='ocrx_word' id='word_1_369' title='bbox 743 5005 887 5061; x_wconf 86' lang='lat' dir='ltr'>evesques,</span> <span class='ocrx_word' id='word_1_370' title='bbox 909 4992 935 5042; x_wconf 91' lang='lat' dir='ltr'>et</span> <span class='ocrx_word' id='word_1_371' title='bbox 947 4986 1022 5042; x_wconf 86' lang='lat' dir='ltr'>aussi</span> <span class='ocrx_word' id='word_1_372' title='bbox 1037 5001 1103 5042; x_wconf 90' lang='lat' dir='ltr'>avec</span> <span class='ocrx_word' id='word_1_373' title='bbox 1117 4983 1163 5058; x_wconf 78' lang='lat' dir='ltr'>luy</span> <span class='ocrx_word' id='word_1_374' title='bbox 1180 4982 1262 5040; x_wconf 88' lang='lat' dir='ltr'>estoit</span> <span class='ocrx_word' id='word_1_375' title='bbox 1277 4983 1300 5038; x_wconf 85' lang='lat' dir='ltr'>le</span> <span class='ocrx_word' id='word_1_376' title='bbox 1320 4983 1375 5038; x_wconf 88' lang='lat' dir='ltr'>duc</span> <span class='ocrx_word' id='word_1_377' title='bbox 1389 4982 1423 5039; x_wconf 89' lang='lat' dir='ltr'>de</span> 
     </span>
     <span class='ocr_line' id='line_1_38' title="bbox 109 5065 1422 5149; baseline 0.005 -27"><span class='ocrx_word' id='word_1_378' title='bbox 109 5065 263 5130; x_wconf 85' lang='lat' dir='ltr'>Valentinoia</span> <span class='ocrx_word' id='word_1_379' title='bbox 277 5083 305 5132; x_wconf 87' lang='lat' dir='ltr'>st</span> <span class='ocrx_word' id='word_1_380' title='bbox 317 5074 456 5149; x_wconf 88' lang='lat' dir='ltr'>plusieurs</span> <span class='ocrx_word' id='word_1_381' title='bbox 477 5073 619 5149; x_wconf 78' lang='lat' dir='ltr'>seigneurs</span> <span class='ocrx_word' id='word_1_382' title='bbox 633 5077 668 5133; x_wconf 88' lang='lat' dir='ltr'>dc</span> <span class='ocrx_word' id='word_1_383' title='bbox 682 5076 779 5136; x_wconf 81' lang='lat' dir='ltr'>Rome.</span> <span class='ocrx_word' id='word_1_384' title='bbox 802 5075 836 5133; x_wconf 87' lang='lat' dir='ltr'>Et</span> <span class='ocrx_word' id='word_1_385' title='bbox 853 5093 889 5132; x_wconf 92' lang='lat' dir='ltr'>au</span> <span class='ocrx_word' id='word_1_386' title='bbox 905 5075 1033 5149; x_wconf 81' lang='lat' dir='ltr'>passaigs</span> <span class='ocrx_word' id='word_1_387' title='bbox 1049 5073 1082 5129; x_wconf 91' lang='lat' dir='ltr'>de</span> <span class='ocrx_word' id='word_1_388' title='bbox 1097 5073 1204 5129; x_wconf 79' lang='lat' dir='ltr'>l&#39;armee</span> <span class='ocrx_word' id='word_1_389' title='bbox 1223 5071 1248 5128; x_wconf 90' lang='lat' dir='ltr'>le</span> <span class='ocrx_word' id='word_1_390' title='bbox 1263 5072 1315 5128; x_wconf 88' lang='lat' dir='ltr'>dict</span> <span class='ocrx_word' id='word_1_391' title='bbox 1334 5071 1422 5128; x_wconf 90' lang='lat' dir='ltr'>sainct</span> 
     </span>
     <span class='ocr_line' id='line_1_39' title="bbox 109 5155 1423 5240; baseline 0.004 -30"><span class='ocrx_word' id='word_1_392' title='bbox 109 5155 169 5214; x_wconf 78' lang='lat' dir='ltr'>Pera</span> <span class='ocrx_word' id='word_1_393' title='bbox 180 5159 266 5218; x_wconf 85' lang='lat' dir='ltr'>donus</span> <span class='ocrx_word' id='word_1_394' title='bbox 286 5163 457 5222; x_wconf 84' lang='lat' dir='ltr'>benediction</span> <span class='ocrx_word' id='word_1_395' title='bbox 472 5164 643 5240; x_wconf 83' lang='lat' dir='ltr'>apostolique</span> <span class='ocrx_word' id='word_1_396' title='bbox 667 5172 693 5224; x_wconf 87' lang='lat' dir='ltr'>et</span> <span class='ocrx_word' id='word_1_397' title='bbox 707 5164 732 5222; x_wconf 90' lang='lat' dir='ltr'>le</span> <span class='ocrx_word' id='word_1_398' title='bbox 742 5164 830 5240; x_wconf 79' lang='lat' dir='ltr'>jubile</span> <span class='ocrx_word' id='word_1_399' title='bbox 845 5168 862 5220; x_wconf 80' lang='lat' dir='ltr'>a</span> <span class='ocrx_word' id='word_1_400' title='bbox 876 5172 938 5222; x_wconf 91' lang='lat' dir='ltr'>tons</span> <span class='ocrx_word' id='word_1_401' title='bbox 953 5162 992 5218; x_wconf 88' lang='lat' dir='ltr'>les</span> <span class='ocrx_word' id='word_1_402' title='bbox 1008 5163 1029 5218; x_wconf 89' lang='lat' dir='ltr'>F</span> <span class='ocrx_word' id='word_1_403' title='bbox 1030 5161 1126 5234; x_wconf 74' lang='lat' dir='ltr'>anqois</span> <span class='ocrx_word' id='word_1_404' title='bbox 1141 5169 1168 5220; x_wconf 88' lang='lat' dir='ltr'>et</span> <span class='ocrx_word' id='word_1_405' title='bbox 1181 5161 1318 5226; x_wconf 75' lang='lat' dir='ltr'>alemans¹</span> <span class='ocrx_word' id='word_1_406' title='bbox 1334 5161 1381 5234; x_wconf 89' lang='lat' dir='ltr'>qui</span> <span class='ocrx_word' id='word_1_407' title='bbox 1395 5160 1423 5216; x_wconf 82' lang='lat' dir='ltr'>la</span> 
     </span>
     <span class='ocr_line' id='line_1_40' title="bbox 109 5249 1422 5326; baseline 0.002 -27"><span class='ocrx_word' id='word_1_408' title='bbox 109 5251 231 5321; x_wconf 76' lang='lat' dir='ltr'>esthent.</span> <span class='ocrx_word' id='word_1_409' title='bbox 243 5249 274 5310; x_wconf 81' lang='lat' dir='ltr'>Et</span> <span class='ocrx_word' id='word_1_410' title='bbox 286 5257 366 5326; x_wconf 80' lang='lat' dir='ltr'>apres</span> <span class='ocrx_word' id='word_1_411' title='bbox 380 5270 411 5308; x_wconf 88' lang='lat' dir='ltr'>ee</span> <span class='ocrx_word' id='word_1_412' title='bbox 426 5252 534 5310; x_wconf 74' lang='lat' dir='ltr'>l&#39;ormee</span> <span class='ocrx_word' id='word_1_413' title='bbox 548 5254 652 5312; x_wconf 89' lang='lat' dir='ltr'>issitde</span> <span class='ocrx_word' id='word_1_414' title='bbox 667 5257 753 5312; x_wconf 84' lang='lat' dir='ltr'>Rome</span> <span class='ocrx_word' id='word_1_415' title='bbox 768 5261 794 5312; x_wconf 90' lang='lat' dir='ltr'>et</span> <span class='ocrx_word' id='word_1_416' title='bbox 812 5253 924 5310; x_wconf 83' lang='lat' dir='ltr'>adressa</span> <span class='ocrx_word' id='word_1_417' title='bbox 942 5269 1001 5308; x_wconf 87' lang='lat' dir='ltr'>vers</span> <span class='ocrx_word' id='word_1_418' title='bbox 1016 5251 1040 5308; x_wconf 86' lang='lat' dir='ltr'>le</span> <span class='ocrx_word' id='word_1_419' title='bbox 1055 5252 1193 5324; x_wconf 80' lang='lat' dir='ltr'>royanlme</span> <span class='ocrx_word' id='word_1_420' title='bbox 1209 5251 1242 5308; x_wconf 88' lang='lat' dir='ltr'>de</span> <span class='ocrx_word' id='word_1_421' title='bbox 1263 5251 1383 5326; x_wconf 83' lang='lat' dir='ltr'>Naples..</span> <span class='ocrx_word' id='word_1_422' title='bbox 1408 5274 1422 5301; x_wconf 70' lang='lat' dir='ltr'>a</span> 
     </span>
     <span class='ocr_line' id='line_1_41' title="bbox 109 5331 650 5414; baseline 0.017 -25"><span class='ocrx_word' id='word_1_423' title='bbox 109 5331 357 5414; x_wconf 79' lang='lat' dir='ltr'>t.d&#39;ltuton,·chap.</span> <span class='ocrx_word' id='word_1_424' title='bbox 379 5361 403 5410; x_wconf 78' lang='lat' dir='ltr'>a,</span> <span class='ocrx_word' id='word_1_425' title='bbox 419 5359 450 5414; x_wconf 89' lang='lat' dir='ltr'>p.</span> <span class='ocrx_word' id='word_1_426' title='bbox 472 5344 564 5400; x_wconf 72' lang='lat' dir='ltr'>tlt-2.</span> <span class='ocrx_word' id='word_1_427' title='bbox 648 5349 650 5354; x_wconf 58' lang='lat'><strong><em>⁴</em></strong></span> 
     </span>
    </p>
   </div>
   <div class='ocr_carea' id='block_1_4' title="bbox 0 0 1757 6036">
    <p class='ocr_par' dir='ltr' id='par_1_13' title="bbox 0 0 1757 6036">
     <span class='ocr_line' id='line_1_42' title="bbox 0 0 1757 6036; baseline 0 0"><span class='ocrx_word' id='word_1_428' title='bbox 0 0 1757 6036; x_wconf 95' lang='lat' dir='ltr'> </span> 
     </span>
    </p>
   </div>
  </div>
 </body>
</html>
