3502 6036
95 565 157 628 [sua
172 565 241 624 raa
415 559 541 617 aaauu
565 559 791 617 unnnuaauu
811 534 1072 620 conuaura'au.
1360 571 1411 627 ua

94 715 418 806 horaduodecima‚
438 719 535 812 Papa
553 721 629 788 erat
643 737 758 812 prope
777 723 919 812 portam
940 717 1063 815 palatii
1083 717 1245 792 exiturus
1261 720 1306 798 ad
1327 745 1412 818 pro-

95 845 303 930 cessionem,
322 864 428 938 quam
443 839 554 913 voluit
568 839 747 936 integram
763 840 850 916 cleri
866 847 906 917 et
915 842 1124 919 officialium
1140 849 1223 916 ante
1239 869 1277 918 se
1293 844 1413 920 videre

94 973 125 1040 et
140 987 207 1038 non
225 964 346 1062 potuit
367 987 433 1061 pro
458 963 703 1054 multitudine,
726 987 810 1040 cum
826 967 903 1062 jam
925 989 991 1041 suo
1017 967 1144 1042 ordine
1167 967 1269 1042 multi
1293 976 1416 1044 essent

92 1091 188 1164 nimis
208 1089 319 1189 longe
342 1095 425 1164 ante
447 1111 545 1164 aum.
573 1088 763 1163 Processio
784 1089 908 1164 habita
932 1096 988 1165 est
1011 1115 1125 1188 usque
1148 1094 1194 1166 ad
1214 1091 1362 1168 domum
1382 1120 1412 1168 a.

92 1215 276 1292 Clementis
293 1220 329 1288 et
348 1214 449 1304 alias,
474 1219 582 1310 prout
600 1237 710 1310 supra
728 1213 794 1287 luit
811 1215 1030 1290 ordinatum.
1051 1217 1249 1290 Cardinalis
1268 1214 1414 1317 Capua-

91 1363 162 1430 nus,
181 1340 432 1414 celebraturus
447 1337 862 1414 missamsolamnemin
877 1339 1072 1415 basilicas.
1094 1342 1205 1434 Petri,
1225 1366 1298 1416 non
1316 1344 1413 1418 venit

91 1465 368 1562 inprocesaione
386 1465 505 1540 sedin
523 1487 639 1561 cappa
656 1487 722 1538 sua
739 1465 929 1540 descendit
951 1466 995 1540 de
1018 1467 1153 1568 palatio
1177 1469 1221 1540 ad
1244 1470 1411 1545 eamdem

91 1590 264 1664 basilicam
289 1597 326 1665 et
346 1591 488 1688 accepit
511 1613 634 1664 sacras
661 1597 779 1664 vestes
803 1614 904 1666 more
932 1600 1120 1667 consueto.
1152 1595 1191 1666 ln
1211 1593 1281 1668 hac
1302 1595 1413 1668 missa

90 1715 200 1790 omnia
216 1723 302 1792 acta
318 1723 402 1791 sunt
418 1724 456 1790 ut
474 1716 577 1790 alias.

115 1841 191 1914 llis
205 1841 352 1931 diebus,
369 1841 628 1916 Columnenses
647 1841 892 1940 intelligentes
905 1842 1142 1918 concordiam
1159 1867 1239 1918 asse
1255 1868 1413 1943 concep-

89 1973 153 2042 tam
166 1967 263 2040 inter
278 1991 387 2064 reges
402 1967 555 2040 Francia
573 1973 609 2039 et
624 1967 810 2065 Hispania,
828 1974 864 2042 et
879 1972 1074 2064 propterea
1091 1967 1158 2044 sibi
1176 1971 1346 2046 timentes
1365 1971 1411 2046 ob

89 2093 270 2166 adrentum
294 2090 458 2188 gentium
479 2069 703 2189 gallicarum,
730 2092 971 2166 decreverunt
997 2097 1112 2167 terras
1135 2119 1217 2170 suas
1239 2097 1411 2170 commit-

90 2221 157 2290 tere
175 2239 284 2290 sacro
306 2215 461 2312 collegio
481 2219 699 2289 RRmorum.
722 2218 797 2289 DI).
821 2216 1072 2308 cardinalium,
1096 2218 1194 2318 quod
1216 2219 1410 2318 collegium

90 2339 260 2413 nunciavit
279 2342 391 2437 Pape,
407 2339 466 2436 qui
485 2338 594 2413 voluit
609 2339 681 2412 boc
700 2338 791 2430 fieri,
813 2339 877 2413 sed
893 2341 990 2436 quod
1009 2337 1272 2418 Golumnenses
1289 2344 1411 2419 mitta-

90 2469 162 2537 rent
180 2463 304 2538 claves
330 2470 513 2536 terrarum
539 2485 686 2537 suarum
713 2463 901 2537 Sanctitati
932 2489 995 2538 sue
1021 2489 1105 2539 cum
1129 2465 1249 2554 minis,
1280 2467 1348 2540 nisi
1363 2468 1411 2542 'id

91 2585 255 2676 lacerent,
272 2586 647 2684 ipsasGolumnenses
660 2585 767 2659 etiam
783 2586 820 2658 in
836 2609 963 2662 aarum
978 2587 1143 2685 personis
1157 2588 1246 2663 velle
1261 2590 1388 2689 punire
1401 2615 1409 2682 3

91 2711 320 2791 decreverunt
336 2715 487 2809 propter
506 2712 594 2784 dare
617 2733 677 2784 aas
699 2711 815 2786 claves
834 2715 930 2810 Pape
950 2719 987 2787 et
1005 2712 1173 2811 collegia,
1196 2719 1232 2787 et
1253 2719 1352 2813 Papa
1367 2717 1413 2790 ad

92 2835 174 2910 hanc
197 2859 347 2911 causam
373 2835 472 2909 misit
492 2835 564 2908 hoc
591 2857 699 2910 mane
722 2834 768 2910 ad
792 2859 855 2910 eos
883 2839 924 2909 R.
957 2839 1000 2909 D.
1027 2840 1176 2912 Petrum
1191 2837 1411 2938 ,episcopum

93 2963 376 3051 casanatensem,
397 2961 601 3035 auditorem
619 2985 779 3053 camere,
800 2961 956 3057 quirem
975 2962 1150 3036 conclusit
1168 2987 1252 3036 cum
1270 2963 1336 3039 eis.

131 3086 234 3161 Faria
260 3087 383 3176 tertia,
417 3091 458 3161 15
487 3085 571 3160 dicti
598 3086 735 3160 mensis
758 3086 866 3184 junii,
897 3095 1129 3164 recesserunt
1154 3111 1199 3163 ex
1224 3087 1318 3163 Urbe
1346 3089 1412 3164 do-

93 3208 211 3283 mini...
232 3209 280 3310 (l)
310 3209 522 3284 cubicularii
557 3213 620 3284 SS.
651 3213 695 3283 D.
729 3211 843 3284 nostri
871 3233 955 3286 cum
983 3211 1176 3288 balistariis
1202 3212 1325 3310 viginti
1358 3213 1413 3287 vel

93 3334 234 3428 circiter,
252 3335 337 3408 ituri
356 3333 552 3410 Sublacnm
570 3336 616 3408 ad
632 3335 850 3432 capiendam
865 3337 1135 3434 possessionem
1148 3339 1241 3412 arcis
1255 3344 1290 3413 et
1305 3340 1413 3412 castri

93 3481 127 3531 ac
150 3460 362 3534 monasterii
391 3458 633 3551 sublacensis,
658 3467 694 3532 et
718 3459 930 3534 octodecem
958 3459 1113 3535 aliorum
1138 3467 1341 3535 castrorum
1358 3461 1414 3535 ‘ad

94 3581 261 3658 abbatiam
276 3583 364 3658 dicti
377 3585 591 3680 monasterii
606 3587 859 3682 spectantium,
877 3585 1025 3660 nomine
1042 3589 1150 3682 Papa,
1170 3586 1215 3658 de
1234 3609 1414 3660 consensu

95 3707 175 3779 nni.
201 3712 245 3782 l).
267 3709 464 3784 cardinalis
488 3709 676 3802 Columna,
704 3710 915 3783 monasterii
939 3709 1090 3808 predicti
1117 3709 1286 3806 perpetui
1316 3734 1415 3784 cnm-

95 3821 317 3924 mandatoris,
343 3831 452 3932 quam
471 3831 742 3932 possessionem
769 3833 954 3910 consecuti
977 3840 1071 3917 sunt,
1099 3833 1244 3907 nemine
1267 3839 1413 3910 contra·

94 3953 237 4030 dicente.

127 4082 239 4154 laria
256 4081 395 4178 quinta,
415 4088 456 4155 17
473 4082 560 4156 dicti
575 4081 711 4155 mensis
722 4083 830 4180 junii,
848 4081 946 4156 circa
961 4083 1115 4180 primam
1129 4082 1260 4156 horam
1280 4084 1411 4174 ucetia,

98 4205 208 4277 limus.
228 4209 271 4278 D.
293 4205 486 4281 cardinalis
503 4207 636 4306 Borgia
647 4206 790 4280 intravit
807 4207 941 4303 Urbem
960 4231 1026 4304 per
1043 4211 1185 4303 portam
1200 4207 1243 4280 de
1261 4207 1412 4306 Populo,

98 4325 317 4403 curi-venerat
339 4330 481 4405 obviam
504 4331 714 4428 capitaneus
739 4336 844 4428 porte
869 4315 992 4428 palatii
1022 4335 1134 4428 Papa,
1160 4329 1275 4404 laicus
1302 4332 1415 4406 irater

99 4439 178 4523 suus
189 4475 398 4550 germanae,
420 4454 466 4528 ad
483 4455 555 4530 duo
573 4455 687 4529 millia
702 4455 758 4530 vel
779 4452 878 4529 circa
894 4460 996 4530 extra
1012 4461 1161 4552 pontem
1182 4453 1355 4544 llilvium,
1380 4463 1416 4529 et

99 4571 162 4650 non
178 4577 363 4655 descendit
382 4605 426 4656 ex
444 4605 538 4678 equo
556 4581 782 4679 capitaneae,
802 4603 885 4654 cum
905 4581 1110 4678 porrigeret
1127 4603 1275 4662 manum
1295 4580 1415 4654 cardi·
1532 4669 1535 4672 ¹

98 4700 187 4792 nali,
213 4708 308 4780 venit
338 4707 449 4782 eliam
477 4707 620 4784 obviam
649 4708 769 4782 eidem
801 4707 848 4781 ad
874 4705 1029 4780 milliare
1060 4727 1142 4779 cum
1169 4703 1279 4795 dicto,
1314 4711 1416 4780 extra

100 4831 257 4909 eumdem
274 4844 423 4936 pontem
442 4841 568 4911 Rmus.
590 4842 633 4911 l).
655 4837 848 4911 cardinalis
872 4841 1061 4935 Capuanus
1082 4837 1144 4934 qui
1166 4834 1266 4911 omni
1285 4836 1415 4905 conatu

99 4955 199 5031 voluit
217 4962 310 5057 quod
332 4963 465 5059 Borgia
486 4962 554 5036 iret
576 4961 622 5036 ad
638 4961 838 5054 dexteram,
863 4962 927 5035 sed
941 4962 1098 5035 omnino
1123 4960 1240 5035 noluit
1266 4955 1413 5052 Bargia,

136 5231 145 5283 1
169 5229 212 5288 le
224 5251 284 5292 narn
299 5237 347 5293 des
362 5235 542 5294 cubiculaires
557 5237 593 5293 du
610 5253 679 5312 pape
692 5245 736 5295 est
750 5235 831 5294 luisse
846 5253 881 5292 en
894 5231 976 5292 blanc
991 5235 1060 5293 dana
1075 5243 1137 5294 tous
1152 5236 1191 5294 les
1206 5253 1273 5294 mas.
1292 5251 1295 5258 ’
