3590 6042
119 597 223 657 [taurios
237 593 307 652 taut]
435 591 560 648 RERUM
584 588 808 646 URBANARUM
829 589 1091 647 COMMENTAHH.
1115 675 1117 681 Α
1395 597 1430 648 tn

119 749 319 846 pedimento
333 771 396 820 sou
409 745 499 820 alias
509 742 784 841 quomodolibet
796 742 962 840 impediti
973 743 1244 816 matrimonium
1260 745 1426 833 inuicem,

121 875 266 948 scienter
280 872 337 948 vel
356 872 579 970 ignoranter,
596 869 633 942 in
652 869 775 964 quovis
795 867 904 942 etiam
924 869 1041 966 primo
1063 868 1259 957 altinitatis,
1277 895 1346 966 que
1367 895 1432 968 per

119 998 272 1096 copulam
294 995 525 1070 fornicariam
546 999 732 1069 contracta
751 999 861 1083 esset,
879 993 991 1090 gradu
1011 995 1275 1068 contraxissent
1292 1020 1334 1068 ac
1352 1019 1431 1070 car-

116 1124 177 1197 nali
192 1123 321 1219 copula
340 1127 668 1210 consummassent,
687 1119 717 1215 si
738 1119 1036 1216 impedimentum
1056 1120 1265 1218 hujusmodi
1285 1121 1321 1193 in
1333 1121 1432 1218 judi-

116 1247 200 1322 cium
219 1248 414 1322 deductum
438 1270 513 1322 uon
536 1248 629 1320 soret
652 1243 705 1318 vel
730 1245 940 1318 scandalum
961 1246 1127 1342 generari
1151 1271 1223 1320 nou
1245 1253 1368 1344 posset
1387 1248 1431 1322 ab

114 1397 251 1448 excessu
271 1372 484 1471 hujusmodi
504 1379 542 1446 et
561 1370 947 1446 excommunicationis
967 1372 1146 1445 sententia
1163 1395 1269 1467 quam
1286 1378 1432 1470 propte-

114 1523 166 1573 rea
192 1498 447 1590 incurrissent,
471 1497 641 1596 injunctis
671 1495 755 1570 inde
784 1495 836 1569 eis
865 1519 930 1592 pro
960 1496 1069 1571 modo
1098 1497 1202 1594 culpe
1232 1497 1433 1594 penitentia

112 1623 244 1698 salutari
263 1647 337 1722 quo
357 1623 404 1698 ad
422 1647 512 1722 opus
531 1621 751 1696 detensionis
772 1621 983 1718 hujusmodi
1005 1621 1195 1718 dirigatur,
1213 1629 1249 1698 et
1270 1623 1367 1720 quod
1386 1622 1430 1696 de

111 1755 219 1824 cetero
242 1749 330 1822 talia
355 1773 430 1822 non
455 1747 684 1822 committant
706 1771 774 1820 nec
801 1746 1112 1822 committentibus
1139 1756 1302 1845 prestent
1328 1751 1432 1824 auxi-

110 1871 200 1964 lium,
216 1874 410 1950 consilium
425 1874 480 1948 xel
494 1873 653 1948 levorem
670 1879 705 1946 et
721 1872 799 1946 aliis
815 1895 884 1969 que
901 1872 945 1946 de
959 1873 1042 1970 jure
1059 1873 1191 1948 fuerint
1208 1875 1433 1971 injungenda

112 1999 323 2092 absolvendi,
343 2007 381 2073 et
400 2008 438 2074 ut
457 1999 494 2072 in
513 1997 722 2096 hujusmodi
738 1997 970 2072 matrimonio
992 1999 1043 2072 sic
1064 2006 1250 2074 contracto
1269 1999 1433 2075 similiter

112 2148 289 2200 remanere
308 2149 375 2199 seu
393 2132 532 2200 secrete
548 2125 593 2198 de
612 2147 703 2198 novo
725 2123 962 2212 contraherc;
982 2123 1073 2197 etin
1093 2124 1153 2200 illo
1174 2124 1225 2198 sic
1247 2133 1431 2202 contracto

112 2250 264 2326 similitor
287 2274 482 2326 remanere
510 2250 623 2324 libere
651 2257 687 2324 et
714 2249 812 2322 licite
836 2249 992 2341 valeant,
1015 2249 1155 2347 prolem
1181 2252 1363 2349 suscipere
1388 2277 1432 2326 ex

110 2373 307 2473 tqusmodi
327 2375 576 2465 matrimonio,
595 2375 624 2448 si
644 2399 715 2471 que
731 2375 790 2466 sit,
807 2383 842 2448 et
862 2373 1128 2472 suscipiendam
1148 2375 1347 2471 legitimam
1367 2377 1432 2452 de-

111 2501 280 2576 cernendo
308 2501 544 2598 dispensandi
572 2499 737 2574 similiter
761 2499 798 2572 in
822 2499 952 2574 eodem
980 2500 1058 2573 loro
1089 2501 1312 2575 conscientie
1339 2504 1432 2576 dun-

111 2633 211 2716 taxat3
229 2633 266 2702 et
282 2651 370 2700 cum
385 2613 673 2724 quibuscumque
687 2625 747 2724 qui
762 2625 882 2722 aliqua
896 2625 991 2698 bona
1008 2625 1246 2700 ecclesiarum
1263 2651 1432 2724 quarum·

111 2750 185 2826 libet
198 2752 383 2827 habereut
398 2760 434 2827 at
442 2752 660 2850 judicialiter
672 2750 925 2826 deficientibus
939 2750 1211 2848 probationibus
1225 2751 1272 2825 ad
1288 2753 1430 2828 illorum

112 2877 367 2953 restitutionem
386 2877 554 2975 compelli
568 2902 643 2950 nou
660 2883 822 2975 possent,
841 2876 982 2978 etiamsi
998 2900 1063 2974 per
1078 2876 1175 2974 ipsos
1191 2877 1335 2975 probari
1350 2901 1432 2977 pos-

112 3010 168 3093 set,
183 3027 252 3100 que
268 3003 372 3077 bona
386 3002 506 3076 omnia
524 3002 570 3076 ad
586 3027 676 3100 opus
692 3001 909 3100 premissum
925 3001 1160 3100 applicamus,
1179 3027 1290 3100 super·
1302 3027 1431 3078 eorum

112 3127 326 3204 restitutione
342 3127 456 3203 libere
472 3127 692 3218 absolvendi,
711 3133 747 3201 et
762 3129 858 3225 quod
874 3127 935 3200 illa
952 3127 1049 3200 licite
1070 3128 1225 3202 retinere
1241 3129 1382 3226 possint
1394 3130 1431 3202 in

111 3260 297 3348 posterum,
324 3253 377 3328 eis
402 3254 510 3328 etiam
535 3253 759 3327 concedendi
783 3261 818 3326 et
843 3253 1063 3349 generaliter
1086 3253 1210 3327 omnia
1231 3262 1268 3328 et
1292 3254 1432 3351 singula

112 3375 139 3450 iu
156 3377 341 3475 premissis
362 3383 399 3452 ct
417 3377 515 3451 circa
535 3399 577 3451 ea
598 3375 817 3465 necessaria,
842 3399 906 3450 seu
928 3377 1202 3474 quomodolibet
1227 3384 1431 3476 opportuna

111 3500 263 3592 lacicudi,
288 3502 440 3600 gerendi
462 3509 498 3576 et
520 3501 723 3598 exequendi
747 3501 893 3598 plenam
916 3509 952 3576 et
974 3503 1127 3578 liberam
1151 3503 1248 3576 dicta
1270 3505 1430 3577 auctori-

114 3635 185 3716 tate,
206 3635 338 3704 tenore
359 3629 582 3726 presentium
603 3625 836 3701 concedimus
856 3634 1075 3725 potestatem
1092 3637 1128 3701 et
1144 3628 1369 3718 lac‘ultatem3
1393 3638 1430 3702 et

114 3775 149 3826 ue
164 3753 210 3828 illi
233 3755 299 3854 qui
315 3754 539 3852 peregrinari
555 3762 591 3828 et
605 3753 764 3850 aliquam
783 3777 828 3826 ex
845 3753 1009 3828 ecclesiis
1027 3753 1240 3851 deputandis
1258 3777 1324 3851 pro
1341 3778 1429 3828 con-

113 3880 282 3974 sequenda
298 3879 524 3976 indulgentia
537 3879 746 3978 hujusmodi
765 3879 957 3953 commode
974 3887 1011 3953 et
1024 3880 1178 3954 honeste
1195 3879 1340 3954 visitare
1356 3905 1428 3953 non

113 4010 265 4098 poterunt
289 4003 476 4102 utriusque
498 4029 619 4096 sexus,
640 4011 764 4103 utpote
785 4005 932 4097 infirmi,
956 4005 1143 4102 decrepiti,
1166 4005 1426 4095 valetudinarii,

112 4125 297 4228 divinisque
317 4139 381 4204 aut
399 4130 567 4205 humanis
587 4131 740 4206 servitiis
760 4131 969 4229 mancipati,
992 4132 1122 4206 ellectu
1143 4137 1290 4205 careant
1309 4131 1429 4204 indul-

112 4256 218 4348 gentie
231 4263 450 4346 memorate,
462 4256 627 4330 volumus
641 4256 738 4353 quod
751 4257 781 4329 si
794 4257 884 4331 tales
898 4255 1106 4353 hujusmodi
1120 4263 1181 4328 aut
1194 4256 1271 4330 aliis
1284 4257 1429 4353 quibus*

113 4379 154 4450 vis
170 4382 438 4480 impedimentis
458 4381 620 4479 impediti
639 4383 813 4457 eeclesias
828 4383 924 4478 ipsas
944 4382 1102 4472 visitare,
1121 4405 1205 4457 rere
1224 4382 1428 4478 penitentes

113 4510 141 4579 et
162 4507 314 4583 confessi
341 4507 389 4582 ad
415 4529 542 4605 capsas
571 4507 751 4603 predictas
780 4529 845 4604 per
873 4506 1000 4580 fideles
1027 4531 1154 4581 manus
1185 4508 1429 4582 transmittant

114 4638 272 4723 quantum
301 4655 369 4731 per
395 4653 504 4705 unam
535 4631 801 4706 hebdomadam
831 4631 1010 4730 integram
1036 4633 1073 4706 iu
1102 4632 1316 4706 victualibus
1344 4655 1427 4704 curu

113 4775 225 4831 eurum
240 4757 376 4832 familia
394 4779 576 4856 exponere
594 4763 872 4847 consueverunt,
891 4765 963 4832 tam
980 4759 1061 4856 ipsi,
1080 4783 1188 4856 quam
1204 4758 1250 4832 de
1266 4758 1426 4854 ipsorum

114 4878 155 4953 sic
170 4881 422 4980 impeditorum
440 4881 579 4956 familia
595 4882 790 4956 existentes
814 4907 887 4956 non
903 4883 1078 4981 impediti,
1096 4883 1262 4958 eamdam
1278 4907 1426 4980 prorsus

115 5002 361 5104 indulgentiam
379 5015 649 5104 consequantur
665 5031 707 5081 ac
727 5007 754 5080 si
773 5008 1012 5104 personaliter
1031 5011 1227 5098 visitarent,
1248 5008 1427 5102 liceatque

114 5133 269 5224 predictis
294 5135 480 5208 nuntie-ct
501 5133 752 5207 commissario
778 5157 820 5207 ac
847 5131 1061 5231 deputandis
1086 5140 1122 5208 et
1147 5131 1427 5230 subdelegaudis

116 5277 170 5350 pro
190 5259 316 5336 talibus
341 5259 523 5358 impeditis
546 5260 582 5332 in
607 5259 755 5355 singulis
779 5258 882 5349 locis,
901 5259 945 5332 de
966 5261 1094 5356 quibus
1116 5259 1268 5334 subinde
1290 5258 1427 5332 videbi*
