3554 6042
317 555 370 611 soa
428 569 429 572 κ
773 548 949 606 sonamus
973 547 1197 620 cucumam,
1406 543 1566 607 [neaman
1582 541 1658 606 rsus]

320 708 501 806 prefectus
518 703 672 780 ecclesie
688 703 924 778 Suessanensi
940 711 976 778 et
991 705 1039 778 de·
1060 702 1323 778 subdiaconatu
1344 699 1510 798 provisus
1525 699 1658 774 Carolo

321 837 365 910 de
384 835 545 924 Solariis,
567 833 923 908 camerariosecreto
945 836 1007 908 SS.
1028 836 1070 908 D.
1092 832 1207 908 nostri
1223 832 1330 907 etatis
1347 851 1532 904 annorum
1548 828 1659 924 quin·

322 961 440 1035 decim
456 959 514 1034 vel
533 959 643 1032 circa.

371 1084 574 1173 Dominica,
595 1089 640 1158 30
662 1083 880 1170 novembris,
906 1083 1038 1158 testum
1060 1108 1090 1158 s.
1113 1085 1258 1160 Andree
1279 1084 1446 1184 apostoli,
1470 1084 1571 1180 quod
1589 1083 1658 1156 luit

321 1211 359 1284 in
377 1209 475 1284 diem
490 1209 689 1282 crastinam
704 1209 934 1298 translatum,
950 1208 1019 1284 tuit
1032 1208 1153 1307 primo
1166 1209 1351 1284 dominica
1364 1208 1554 1283 adventus.
1572 1209 1659 1282 blis-
1767 1221 1768 1248 t

321 1359 399 1410 sam
421 1334 605 1433 publicam
632 1333 831 1410 celebravit
853 1335 1062 1432 patriarcba
1086 1335 1371 1425 Alexandrinus,
1394 1341 1431 1409 et
1458 1335 1659 1431 episcopus
1767 1335 1768 1426 t

322 1459 486 1548 Pisanus,
502 1458 643 1556 primus
659 1457 834 1532 assistens
850 1463 961 1556 Pape,
975 1462 1073 1558 Papa
1086 1463 1272 1557 presente,
1287 1458 1375 1533 tecit
1393 1458 1549 1555 primam
1567 1459 1658 1532 mis·
1767 1487 1768 1502 ¹

322 1607 414 1673 sam,
426 1583 630 1657 orationem
645 1582 730 1656 tecit
745 1583 891 1678 quidam
907 1583 1022 1658 trater
1036 1583 1324 1682 predicatorum,
1336 1607 1401 1681 pro
1418 1591 1657 1680 procuratore

322 1707 484 1807 ejusdem
500 1705 653 1780 ordinis.
677 1709 776 1804 Papa
794 1709 976 1783 concessit
996 1709 1262 1808 indulgentiam
1282 1708 1441 1806 quinque
1457 1730 1655 1796 annorum,
1767 1755 1768 1768 κ

321 1857 425 1906 more
443 1831 562 1906 solito.
586 1830 723 1904 Eadem
742 1832 815 1922 dic,
835 1833 1154 1908 vicecancellarius
1174 1832 1276 1908 dedit
1290 1831 1483 1930 prandium
1501 1833 1577 1906 sive
1594 1857 1658 1906 ce·

321 1981 407 2033 nam
425 1962 469 2032 D.
491 1959 608 2030 Laure
626 1965 736 2053 nupto
759 1959 801 2032 D.
822 1957 959 2032 Nicolai
984 1957 1108 2033 fratris
1135 1958 1202 2032 sui.
1227 1957 1473 2032 interfuerunt
1492 1957 1656 2055 quinque

321 2082 537 2173 cardinales,
557 2081 727 2159 videlicet
749 2081 939 2173 Columna,
957 2083 1130 2174 Medicas,
1149 2081 1345 2179 Aragonia,
1368 2081 1579 2172 Farnesius,
1601 2083 1656 2156 vi·
1767 2149 1768 2156 ,

321 2207 606 2284 cecancellarius
625 2212 663 2282 et
679 2231 743 2280 sex
761 2206 946 2298 mulieres,
966 2207 1134 2283 videlicet
1151 2229 1298 2304 sponsa,
1319 2206 1467 2282 domina
1483 2208 1657 2282 Mariotta

321 2337 366 2411 do
382 2334 585 2425 Camerino,
606 2334 704 2410 Felix
718 2333 794 2408 tilia
812 2337 922 2432 Papa,
941 2335 1011 2410 due
1030 2356 1178 2409 sorores
1196 2332 1391 2407 cardinalis
1405 2337 1443 2406 et
1460 2333 1557 2406 lolia
1573 2356 1655 2407 ma·

321 2465 533 2558 tersponse.
552 2459 764 2535 cardinales
784 2460 959 2534 sederunt
979 2459 1017 2534 in
1040 2482 1180 2550 mensa,
1198 2459 1236 2532 in
1257 2457 1319 2532 illo
1338 2457 1459 2555 capite
1482 2457 1567 2531 aula
1587 2481 1656 2554 per
1767 2549 1768 2554 Ἰ

317 2585 468 2682 longum
486 2585 577 2660 citra
591 2585 769 2661 fenestras
786 2586 917 2684 posite,
931 2584 992 2658 ubi
1009 2588 1105 2658 stare
1130 2582 1224 2658 solet
1247 2581 1405 2686 banoum
1429 2585 1649 2672 Romanum,
1767 2609 1768 2620 ³

319 2715 355 2785 et
372 2711 547 2784 mulieres
568 2711 604 2784 in
632 2711 694 2785 illa
720 2734 849 2786 mensa
867 2710 905 2784 in
929 2709 992 2784 illo
1016 2708 1134 2806 capite
1164 2707 1245 2782 aule
1273 2731 1339 2804 per
1367 2711 1649 2782 transvorsum:

242 2905 249 2918 ,
320 2857 474 2932 sponsus
492 2835 593 2908 stetit
610 2835 710 2910 circa
727 2859 912 2934 sponsam.

368 2961 482 3049 Lunc,
499 2963 514 3032 l
535 2958 756 3050 decembris,
771 2959 837 3032 suit
854 2955 1112 3032 consistorium
1122 2959 1303 3030 secretum
1312 2956 1350 3030 in
1361 2979 1433 3054 quo
1444 2957 1513 3032 luit
1522 2963 1654 3034 tracta·

319 3089 395 3156 tum
413 3083 459 3156 dc
481 3081 641 3156 creando
660 3083 789 3158 decem
806 3105 920 3158 novos
943 3080 1161 3170 cardinales,
1179 3079 1349 3156 videlicet
1365 3081 1535 3156 Carolum
1553 3107 1652 3158 mar·

321 3197 489 3281 ahionem
508 3207 635 3298 Finali,
654 3207 967 3306 archiepiscopum
982 3205 1194 3282 Thebanum
1208 3210 1245 3280 et
1260 3207 1424 3282 Marcum
1438 3209 1652 3306 episcopum
1767 3199 1768 3288 l

319 3331 647 3429 senogalliensem,
666 3331 905 3406 castellanum
923 3356 953 3405 s.
972 3330 1114 3426 Angeli,
1133 3329 1272 3404 ordinis
1284 3329 1480 3422 minorum,
1495 3337 1653 3408 Leonar-

320 3459 407 3532 dum
420 3457 632 3556 episcopum
641 3462 909 3554 Agennensem,
923 3463 1095 3555 nepotem
1106 3479 1214 3554 pape,
1229 3455 1429 3532 Robcrtum
1438 3458 1652 3556 episcopum

319 3583 589 3672 Redonensem,
617 3586 799 3657 oratorem
828 3582 924 3680 regis
951 3582 1115 3672 Francia,
1142 3581 1414 3680 Sigismundum
1438 3588 1652 3681 protonota-

319 3708 432 3800 rium,
454 3709 606 3782 iratrem
630 3708 795 3782 moderni
817 3707 1003 3782 Mantuani
1029 3706 1267 3798 marchionis,
1287 3708 1486 3783 Antonium
1508 3709 1651 3808 episco-
1767 3727 1768 3730 ’

321 3857 408 3932 purn
427 3833 671 3930 Eugubinum,
683 3833 897 3929 magistrum
915 3833 1045 3907 domus
1062 3835 1172 3930 Papa,
1186 3833 1419 3908 Franciscum
1438 3835 1651 3932 episcopum

322 3957 552 4054 Papiensem,
576 3955 844 4032 thesaurarium
869 3960 979 4056 Papo,
1005 3958 1213 4032 Gabrielem
1234 3959 1281 4032 de
1303 3961 1416 4050 Fano,
1437 3960 1653 4060 episcopum

323 4082 617 4175 Urbinatensem,
645 4084 798 4172 Fatium,
828 4083 1041 4180 episcopum
1073 4087 1368 4175 Cesenatensem,
1392 4085 1590 4177 datarium,
1619 4093 1656 4161 et

322 4205 574 4282 Bandinellum
592 4207 637 4280 de
654 4207 761 4298 Salis,
777 4209 1018 4302 secretarium
1036 4215 1072 4282 et
1086 4209 1380 4306 protonotarium
1395 4211 1653 4306 apostolicum.

323 4336 423 4430 Papa
441 4332 548 4408 exivit
575 4333 622 4408 ad
641 4357 828 4410 cameram
851 4335 1049 4424 audientie,
1071 4335 1172 4410 circa
1190 4335 1323 4409 horam
1341 4337 1533 4432 septimam
1556 4339 1658 4413 deci-

322 4481 421 4532 mam
447 4463 483 4532 et
508 4459 650 4533 vocavit
676 4459 812 4534 ibidem
837 4459 884 4533 ad
908 4483 1095 4534 cameram
1119 4459 1303 4559 Papagalli
1332 4460 1407 4536 sive
1431 4462 1655 4538 consistorii,

322 4583 442 4682 primo
459 4583 753 4681 Neapolitanum,
771 4584 903 4678 deinde
920 4583 1080 4683 singulos
1095 4585 1312 4676 cardinales,
1329 4610 1413 4661 cum
1428 4587 1562 4684 quibus
1576 4611 1658 4684 par-

322 4709 527 4782 ticulariter
542 4709 687 4783 locutus
704 4715 761 4784 est
784 4710 828 4784 de
851 4710 911 4784 illa
935 4710 1136 4801 creatione,
1155 4715 1192 4784 et
1210 4711 1354 4786 duravit
1371 4711 1441 4786 hec
1460 4713 1657 4788 collocutio

323 4837 360 4908 et
375 4834 633 4908 consistorium
648 4859 763 4932 usque
778 4835 825 4910 ad
837 4835 1050 4933 vigesimam
1063 4841 1228 4934 quartam
1243 4837 1386 4928 horam,
1400 4846 1438 4911 et
1451 4860 1526 4912 non
1540 4839 1657 4936 potuit

323 4981 386 5032 cos
406 4959 675 5056 particulariter
691 4961 849 5034 vincere.
870 4961 1044 5034 Omnibus
1060 4961 1241 5051 allocutis,
1262 4964 1361 5060 Papa
1378 4963 1487 5037 exivit
1505 4963 1549 5036 ad
1568 4987 1655 5036 con·

323 5083 520 5173 sistorium,
539 5093 575 5158 ct
590 5085 653 5174 ibi,
669 5085 706 5158 in
721 5085 906 5160 communi
922 5086 1089 5160 tractavit
1104 5109 1172 5159 nec
1188 5087 1241 5160 sic
1257 5088 1374 5184 potuit
1390 5087 1550 5162 vincere.
1567 5091 1655 5162 Tan-

323 5205 406 5279 dem
428 5209 594 5303 pervenit
615 5209 661 5281 ad
684 5209 814 5300 minas,
834 5216 871 5284 et
891 5211 988 5306 quod
1011 5209 1172 5286 tacturus
1192 5211 1432 5286 essetnescio
1451 5212 1653 5308 quidquod
1767 5295 1768 5316 ξ
