3506 6034
376 629 428 685 res
828 621 1005 680 tonsurus
1028 586 1252 694 nuscanum,
1545 624 1692 694 [aaran

376 804 485 878 quam
519 779 712 854 celebravit
738 783 779 852 R.
808 782 850 851 D.
881 777 1072 868 Orlandus,
1110 777 1304 876 episcopus
1334 778 1509 870 NolanuS,
1539 781 1692 856 assistens

378 910 488 1004 Papo.
518 908 733 980 Sermonem
762 903 850 978 iecit
875 911 1091 1002 procurator
1112 904 1247 978 ordinis
1272 927 1459 978 servorum
1489 905 1540 1004 [h.
1571 907 1688 1005 Mariel.

376 1019 564 1108 Venerunt
583 1029 628 1105 ad
654 1030 830 1128 capellam
853 1029 1061 1129 hujusmodi
1086 1029 1285 1127 supradicti
1303 1030 1496 1120 nominati,
1517 1038 1691 1130 antequem

377 1156 586 1232 dicerentur
600 1157 783 1230 orationes
802 1155 925 1246 misse,
943 1155 1075 1252 quibus
1090 1155 1174 1230 dedi
1187 1155 1309 1230 locum
1326 1167 1434 1253 prout
1445 1159 1547 1254 Papa
1563 1157 1692 1232 manda·

375 1283 435 1357 vit.
465 1285 553 1357 Cum
578 1281 762 1356 diceretur
784 1281 950 1380 epistola,
982 1280 1066 1354 dedi
1086 1279 1209 1354 locum
1227 1280 1322 1354 inter
1351 1282 1566 1357 assistentes
1595 1285 1688 1380 Papo,

349 1447 351 1452 v
376 1406 607 1482 demandato
624 1407 833 1482 sanctitatis
849 1431 926 1498 sue,
947 1411 988 1480 R.
1008 1409 1051 1480 [t.
1071 1406 1228 1480 Adriano
1245 1407 1458 1482 castellensi
1475 1407 1521 1482 de
1538 1410 1688 1500 Corneto,

373 1533 548 1632 episeopo
576 1533 847 1622 Herelordensi,
875 1531 1082 1607 Sanctitatis
1109 1557 1174 1606 sue
1198 1532 1395 1608 secretario
1417 1542 1455 1608 et
1486 1533 1690 1607 thesaurario

375 1659 535 1756 generali
553 1665 589 1732 et
605 1681 749 1734 camere
764 1657 962 1757 apostolice
982 1659 1131 1732 clerico.
1152 1659 1235 1733 Alia
1250 1661 1375 1732 omnia
1392 1681 1496 1734 more
1513 1657 1627 1733 solito.

425 1784 561 1859 Eadem
586 1785 658 1875 die,
683 1783 779 1858 eirca
802 1783 932 1858 horam
961 1783 1173 1880 vigesimam
1200 1791 1381 1882 quartam,
1407 1807 1477 1881 per
1499 1789 1635 1882 portam
1655 1783 1690 1856 de

376 1909 525 2008 Populo,
541 1909 684 1984 intravit
698 1910 832 1984 Urbem
848 1913 973 1982 Rmns.
993 1911 1036 1982 ll.
1052 1909 1247 1984 cardinalis
1263 1909 1307 1985 de
1322 1911 1517 2003 Alibretlo,
1534 1911 1589 1986 cui
1603 1933 1690 1984 vene-

376 2043 459 2111 runt
474 2035 616 2111 obviam
632 2059 746 2132 usque
764 2036 809 2110 ad
825 2043 973 2133 pontem
990 2035 1149 2109 Milvium
1172 2039 1214 2109 R.
1238 2039 1281 2109 D.
1300 2035 1495 2133 episcopus
1510 2039 1688 2109 Trecoren·

376 2163 437 2254 sis,
464 2171 500 2237 et
520 2163 640 2236 socius
660 2186 745 2235 suus
767 2161 894 2252 laicus,
919 2165 1080 2234 oratores
1101 2159 1200 2257 regis
1222 2160 1388 2252 Francie,
1416 2161 1479 2257 qui
1505 2159 1689 2258 equitarunt

372 2291 476 2387 juxta
490 2311 588 2378 eum,
605 2287 691 2360 hinc
712 2295 748 2361 et
769 2287 853 2361 inde
871 2261 984 2384 usque
1000 2285 1047 2360 ad
1061 2285 1214 2383 gradum
1234 2285 1389 2361 ecclesie
1412 2285 1522 2362 heato
1538 2283 1685 2360 llariede

376 2413 512 2512 Populo
537 2413 612 2504 ubi,
644 2437 687 2487 eo
719 2413 881 2504 dimisso,
913 2415 1142 2486 recesserunt
1171 2411 1268 2485 circa
1295 2410 1456 2486 mediam
1482 2411 1588 2500 viam,
1612 2409 1687 2482 inter

237 2557 242 2566 ·
374 2546 523 2637 pontem
547 2539 708 2613 ltlilvium
734 2545 769 2613 et
795 2545 936 2636 portam
961 2535 1173 2635 predictam.
1195 2537 1367 2611 Eruimus
1385 2537 1605 2612 cardinalem
1622 2555 1686 2632 pre·

375 2665 512 2739 dictum
526 2665 732 2740 venientem
747 2663 921 2738 mantello
936 2663 980 2738 de
997 2661 1243 2738 ciamboUotto
1257 2662 1464 2737 cremosino
1481 2669 1518 2738 et
1532 2659 1684 2759 capucino

373 2791 548 2880 violaceo,
571 2800 607 2867 et
623 2790 805 2865 induimus
820 2813 903 2864 eum
924 2813 1040 2887 cappa
1062 2788 1256 2864 cardinali:
1281 2788 1499 2865 mantellum
1520 2793 1557 2864 et
1579 2807 1686 2882 capuc·
1739 2859 1740 2894 3

376 2917 498 2991 einum
514 2917 785 3006 custodivimus,
804 2939 905 2990 more
921 2917 1040 2991 solito.
1739 2901 1740 2930 i

425 3045 530 3118 Feria
550 3044 719 3134 secunda,
741 3049 784 3115 ll
805 3041 941 3116 mensis
961 3041 1093 3133 martii,
1111 3047 1241 3140 parato
1261 3040 1359 3116 bono
1379 3065 1490 3134 mane
1510 3041 1587 3116 loco
1605 3037 1684 3135 espi-

374 3171 482 3244 tulari
501 3171 545 3246 de
563 3168 702 3267 Populo
723 3168 776 3240 vix
800 3167 836 3241 in
855 3171 1032 3265 tempore,
1051 3168 1134 3264 quia
1152 3167 1293 3242 torrerii
1316 3171 1412 3266 Pape
1437 3191 1513 3242 non
1535 3165 1684 3240 miseruut

374 3319 515 3394 pannos
532 3299 567 3370 et
582 3299 723 3392 tapetes
739 3316 809 3389 que
831 3293 991 3382 tandem,
1009 3293 1133 3368 nescio
1150 3291 1260 3382 unde,
1279 3296 1470 3390 apportata
1487 3299 1580 3384 sunt,
1595 3311 1683 3364 vene·
1738 3359 1739 3398 ,

375 3428 459 3495 runt
474 3421 510 3494 in
526 3420 696 3495 eumdem
715 3419 835 3494 locum
852 3419 998 3492 solitum
1018 3417 1220 3493 cardinales
1243 3417 1518 3516 Neapolitanus,
1538 3442 1564 3493 s.
1584 3413 1682 3490 Crucis
1738 3399 1739 3425 ¹

374 3553 410 3622 et
427 3546 611 3635 Senensis,
630 3543 717 3618 item
735 3543 883 3618 Ursinus
896 3549 933 3616 et
947 3543 1120 3632 Medicas,
1138 3542 1225 3617 item
1242 3542 1525 3640 Ulissiponensis
1541 3550 1574 3618 et
1588 3545 1682 3615 Reos·

374 3671 536 3747 natensis
553 3699 560 3760 ;
579 3677 663 3745 tunc
682 3695 711 3743 s.
733 3669 917 3760 Praxedis,
939 3668 1218 3760 Alexandrinus,
1236 3669 1509 3767 Agrigentinus,
1530 3669 1682 3743 Arboreu-

375 3799 436 3888 sis,
452 3797 684 3886 Cusentinns,
702 3795 962 3885 Salernitanus,
981 3795 1281 3893 caputaquensiS,
1302 3795 1533 3885 Mutinensis,
1547 3788 1680 3868 Estensis
1737 3835 1738 3857 2

374 3931 409 3998 et
425 3921 580 4020 Bongia3
601 3921 748 3995 tandem
768 3921 973 4014 Grimanus,
998 3945 1027 3994 s.
1052 3921 1213 3996 Severini
1236 3926 1273 3995 et
1293 3923 1498 3996 Cesarinus.
1522 3915 1680 3994 Ascende·

373 4055 458 4121 runt
473 4045 590 4121 mulas
603 4069 744 4136 omneS,
765 4055 801 4120 et
819 4045 992 4142 perviam
1008 4045 1165 4137 solitam,
1180 4047 1286 4144 Juxta
1302 4045 1451 4139 flumen,
1468 4041 1678 4144 equitavimus

374 4173 419 4248 ad
442 4172 629 4270 palatium.
658 4171 780 4250 Ultimi
808 4177 880 4245 tres
909 4172 1115 4270 presbyteri
1141 4173 1348 4269 equitarunt
1376 4173 1503 4266 simul,
1529 4178 1563 4246 et
1588 4183 1677 4241 novus

373 4298 467 4372 inter
482 4267 682 4372 Senensem
696 4304 732 4372 et
747 4297 792 4372 de
808 4297 959 4372 Medicis
977 4297 1014 4370 in
1029 4298 1155 4372 ultimo
1172 4297 1266 4388 loco,
1292 4321 1394 4372 more
1411 4303 1593 4374 consueto.
1615 4291 1676 4364 Non

372 4422 521 4523 premisi
539 4422 629 4498 duos
649 4423 821 4497 diaconos
838 4423 1050 4498 assistentes
1071 4424 1118 4498 ad
1136 4427 1286 4522 Papam,
1304 4426 1389 4522 quia
1403 4420 1596 4502 existimari
1610 4434 1676 4491 eum

372 4550 512 4625 tardius
539 4549 718 4624 exiturum
747 4548 793 4622 ad
817 4549 1085 4624 consistorium.
1115 4555 1154 4625 ln
1184 4573 1300 4649 parva
1322 4551 1462 4648 capella
1491 4543 1676 4626 manserunt

374 4675 559 4764 Senensis,
581 4675 642 4772 qui
665 4675 716 4749 sic
733 4675 857 4765 voluit,
883 4682 919 4750 et
941 4677 1096 4774 Bongia:
1124 4677 1391 4775 quamprimum
1416 4677 1476 4752 alii
1503 4665 1675 4751 cardinales

372 4805 548 4875 venerunt
563 4801 609 4875 ad
625 4823 809 4874 cameram
825 4801 1028 4900 Papagalli;
1043 4804 1141 4899 Papa
1160 4801 1271 4877 exivit
1289 4801 1414 4876 dicens
1435 4825 1474 4877 se
1493 4802 1550 4874 diu
1567 4811 1674 4892 expet·

372 4931 469 5001 tasse
485 4932 521 5001 et
536 4925 703 5002 debuisse
718 4925 909 5024 pervenire
925 4926 1015 5002 duos
1029 4927 1249 5018 cardinales
1263 4929 1367 5026 juxta
1382 4923 1673 5002 consuetudinem:

369 5051 537 5126 excusavi
554 5052 652 5149 quod
666 5051 820 5150 cogitavi
835 5075 919 5125 eum
936 5052 1070 5126 tardius
1086 5053 1280 5129 exiturum.
1309 5055 1405 5152 Papa
1420 5053 1515 5128 venit
1529 5048 1570 5124 ad
1582 5037 1675 5144 publi·

373 5197 457 5250 cum
476 5177 732 5252 consistorium
749 5177 786 5250 in
801 5179 910 5253 tertia
925 5177 1007 5254 aula
1020 5185 1199 5276 paratum,
1220 5181 1256 5254 in
1274 5203 1346 5277 quo
1361 5179 1540 5278 proposite
1555 5165 1673 5246 luerunt

373 5308 530 5399 quatuor
551 5303 839 5378 commissiones.
869 5303 1028 5378 Primam
1048 5307 1239 5403 proposuit
1265 5307 1307 5380 ll.
1334 5303 1467 5380 Paulus
1485 5303 1528 5378 do
1549 5297 1670 5374 Plano,
