3502 6036
128 619 215 683 [biara
228 618 301 680 1501]
470 611 597 672 RERUM
620 611 845 670 URBANARUM
869 613 1133 676 COMMENTARII.
1414 619 1468 674 119

131 774 192 848 liis
214 771 415 846 multorum
439 753 698 878 cardinalium,
719 770 999 866 precedentibus
1019 769 1258 868 quadraginta
1276 768 1467 844 intorticiis

133 907 169 973 et
186 897 316 995 viginti
338 895 491 970 funestis
505 893 623 992 ipsum
642 895 875 990 sequentibus
898 877 1053 994 duorum
1082 895 1198 968 ultimi
1218 897 1347 970 decem
1367 917 1468 968 asso-

131 1024 218 1097 ciati
241 1023 393 1096 fuerunt
414 1021 459 1094 ab
480 1020 685 1094 oratoribus
710 1024 746 1092 et
768 1021 930 1118 prelatis.
953 1022 1115 1096 Primum
1135 1021 1256 1094 locum
1279 994 1405 1094 babuit
1422 1026 1464 1094 U.

132 1148 363 1222 Philibertus
378 1145 563 1233 Naturelli,
584 1150 708 1219 orator
724 1146 945 1220 serenissimi
966 1152 1216 1220 Romanorum
1235 1146 1348 1242 regis;
1371 1147 1469 1219 circa

131 1297 271 1372 corpus
307 1271 546 1370 portabantur
577 1270 761 1343 sexdecim
792 1270 922 1346 falconi
956 1272 1169 1346 societatum
1200 1275 1463 1344 Romanorum.

131 1399 214 1472 Alia
231 1421 337 1472 more
354 1397 472 1470 solito.
491 1395 706 1492 Requiesoat
721 1396 757 1469 in
773 1419 876 1493 pace,
894 1397 979 1494 quia
995 1396 1192 1470 iuitbonus
1208 1396 1366 1470 curialis,

180 1523 361 1612 Sabbato,
391 1527 412 1594 6
440 1520 581 1610 martis,
614 1521 759 1595 intravit
790 1523 926 1596 Urbem
955 1547 1022 1620 per
1050 1527 1194 1619 portam
1225 1521 1395 1596 viridarii
1422 1523 1465 1593 I).

128 1649 354 1722 Franciscus
394 1646 493 1742 Pepi,
525 1647 668 1736 doctor,
700 1651 824 1720 orator
856 1646 1006 1721 dominii
1038 1645 1347 1734 Florentinorum3
1387 1650 1469 1741 post

131 1775 268 1847 horam
294 1793 541 1868 vesperorum,
566 1777 734 1868 receptus
759 1779 814 1846 est
837 1776 873 1845 et
897 1771 1096 1846 associatus
1115 1795 1136 1844 a
1157 1769 1302 1844 familiis
1332 1771 1396 1842 SS.
1422 1771 1465 1841 D.

129 1898 251 1971 nostri
264 1905 302 1971 et
320 1897 482 1972 omnium
494 1893 751 1986 cardinalium,
768 1895 939 1993 equitavit
956 1896 1050 1970 inter
1068 1895 1352 1993 gubernatorem
1367 1893 1468 1968 Urbis
1578 1925 1586 1940 ·

129 2029 166 2096 et
188 2027 235 2096 b.
257 2022 460 2097 Robertum
478 2020 688 2117 episcopum
703 2023 978 2112 Trecoreusem,
1000 2027 1181 2096 oratorem
1199 2019 1298 2116 regis
1316 2022 1470 2092 Franco-

129 2173 218 2222 rum
238 2148 286 2222 ad
302 2149 450 2222 domum
473 2145 739 2243 archiepiscopi
759 2147 944 2234 Tarentini
971 2171 1086 2245 prope
1109 2145 1281 2244 palatium
1306 2143 1400 2218 Rmi.
1422 2151 1464 2219 D.

128 2271 375 2347 cardinalias.
396 2269 556 2366 Georgii,
570 2269 607 2342 in
622 2293 694 2366 qua
712 2275 767 2345 est
778 2270 1004 2371 hospitatus(
1030 2270 1054 2369 ).

183 2395 377 2470 Dominica
399 2394 560 2468 secunda
581 2395 869 2492 quadragesime,
900 2403 918 2468 7
938 2395 1073 2486 martii,
1101 2399 1142 2468 R.
1167 2399 1208 2468 D.
1236 2399 1393 2468 ioannes
1409 2417 1468 2466 ar-

131 2521 399 2618 chiepiscopus
414 2519 632 2616 Ragusinus,
654 2519 829 2592 assistens
845 2525 955 2617 Papa,
976 2519 1173 2594 celebravit
1187 2518 1335 2592 missam
1349 2517 1468 2614 publi-

129 2670 214 2720 cam
248 2645 287 2718 in
321 2643 461 2742 capella
493 2643 627 2740 majori
653 2643 788 2740 palatii,
820 2647 918 2742 Papa
942 2654 1127 2741 presente;
1155 2665 1363 2717 sermonem
1382 2642 1468 2716 tecit

128 2773 352 2869 procurator
375 2768 514 2842 ordinis
528 2769 727 2859 Minorum;
753 2769 839 2842 dum
864 2772 961 2866 Papa
988 2769 1172 2866 acciperet
1191 2773 1405 2865 paramenta
1430 2768 1467 2839 in

131 2919 286 2971 camera
310 2893 510 2992 papagalli,
536 2897 663 2968 Rmus.
688 2897 731 2968 b.
758 2893 956 2968 cardinalis
983 2893 1243 2990 Neapolitanus
1265 2893 1311 2966 ad
1328 2893 1467 2968 instan-

128 3021 222 3094 tiam
244 3041 378 3132 meam*
390 3017 608 3115 supplicavit
624 3021 720 3114 Pape
744 3019 842 3115 quod
860 3019 1054 3092 mandaret
1073 3041 1155 3091 cras
1174 3041 1248 3090 uon
1264 3018 1381 3096 teneri
1401 3041 1467 3092 au-

130 3143 310 3219 dientiam
344 3146 498 3240 propter
522 3141 656 3214 testum
684 3165 712 3216 s.
741 3142 880 3216 Thome
907 3143 1017 3215 hodie
1047 3141 1217 3232 existens,
1241 3143 1279 3214 in
1306 3142 1467 3215 crastiua

131 3269 230 3342 diem
257 3267 578 3354 transferendum3
604 3270 703 3363 Papa
731 3267 915 3368 mandavit
933 3267 984 3341 sic
1011 3266 1104 3354 fieri,
1132 3271 1311 3362 quatenus
1337 3267 1465 3343 ultimo

130 3393 182 3468 sic
200 3393 332 3468 fuisset
347 3393 593 3466 observatum.
1033 3389 1038 3395 '

179 3518 289 3592 Feria
306 3517 479 3606 secunda,
501 3521 522 3590 8
541 3517 677 3606 martii,
699 3521 867 3618 adquam
880 3519 947 3594 suit
962 3521 1181 3594 translatum
1200 3517 1362 3592 officium
1380 3518 1463 3593 sesti

130 3669 159 3718 s.
178 3625 320 3718 Thome
339 3643 384 3714 de
404 3641 558 3738 Aquino,
581 3646 702 3715 etnon
719 3645 787 3718 tuit
806 3645 992 3718 audientia
1011 3645 1056 3718 de
1076 3643 1249 3718 mandato
1266 3645 1363 3739 Pape
1380 3641 1462 3715 heri

129 3769 239 3855 tacto,
261 3767 348 3864 quia
361 3789 457 3839 anno
476 3767 694 3858 MGCCCXC,
716 3792 788 3865 quo
808 3771 905 3843 idem
923 3769 1056 3844 testum
1075 3769 1195 3842 iuerat
1212 3766 1380 3840 similiter
1401 3766 1458 3838 die

128 3893 326 3981 dominica,
356 3891 394 3964 in
417 3891 616 3964 secuudum
643 3892 774 3966 seriam
801 3895 1042 3984 translatum3
1066 3917 1140 3967 non
1167 3892 1236 3966 fuit
1260 3891 1458 3966 audientia.

129 4023 169 4092 R.
191 4023 230 4092 P.
254 4023 298 4092 D.
328 4021 451 4106 Josue,
482 4015 675 4114 episcopus
696 4019 911 4110 asculanus,
935 3997 1305 4093 celebravitmissam
1326 4017 1460 4090 solem-

127 4145 260 4218 nemin
280 4141 438 4216 ecclesia
453 4141 614 4216 Minerva
626 4165 709 4216 cum
728 4169 801 4217 una
816 4145 997 4234 oratione,
1021 4144 1141 4219 Gloria
1154 4145 1191 4216 io
1205 4143 1348 4218 anacleta
1367 4142 1456 4219 Deo,

127 4269 257 4359 Credo,
278 4265 492 4364 Prefotione
505 4268 703 4359 communi,
724 4271 861 4368 absque
884 4269 1234 4344 commemoratione
1254 4268 1362 4356 serie;
1384 4265 1457 4340 alia

122 4418 227 4468 more
248 4393 372 4467 solito.
398 4391 648 4466 interfuerunt
662 4395 856 4468 sexdecim
884 4394 1101 4483 cardinales,
1127 4393 1296 4468 videlicet
1313 4397 1456 4488 Neapo-

121 4519 272 4608 litanus,
286 4544 316 4595 s.
330 4515 542 4606 Clementis,
563 4519 852 4612 Beneventanus,
867 4545 896 4593 s.
919 4519 1106 4608 Praxedis,
1128 4519 1289 4608 Ursinus,
1305 4518 1459 4591 Alexan-

121 4646 265 4735 drinus,
291 4669 321 4718 s.
349 4643 489 4734 Crucis,
515 4641 790 4739 Agrigentinus,
809 4649 1014 4744 Capuanus,
1037 4644 1266 4733 Cusentinus,
1290 4646 1453 4738 Caputa-

156 4855 181 4909 t.
203 4849 243 4906 Le
256 4847 413 4905 lendemain
429 4851 505 4906 etant
528 4867 565 4906 uu
589 4849 747 4920 dimanche,
771 4848 796 4906 le
819 4847 920 4905 nourel
949 4851 1057 4904 orateur
1077 4846 1203 4904 florentin
1218 4865 1254 4902 ue
1276 4847 1318 4903 sut
1340 4863 1404 4915 recu
1423 4865 1457 4904 en

121 4939 265 5004 audianos,
281 4955 332 5012 par
345 4937 370 4994 le
385 4955 464 5013 pape,
481 4955 534 5012 que
548 4939 572 4995 le
587 4938 688 4996 lundi8
703 4954 794 4994 mars:
810 4960 824 4990 u
840 4936 930 5011 Hoggi
946 4953 1015 4992 sono
1027 4943 1100 4994 stato
1114 4953 1163 5010 per
1177 4935 1203 4991 lo
1217 4935 1305 5010 prima
1319 4935 1458 4993 audientia

121 5045 170 5084 auu
184 5027 212 5084 la
225 5025 352 5084 sanctita
363 5027 392 5082 di
406 5033 501 5085 nostro
521 5027 649 5102 Signore,
664 5043 716 5084 con
727 5027 746 5082 il
760 5027 840 5100 quale
854 5043 908 5084 nou
929 5027 964 5082 ho
979 5033 1043 5082 auto
1057 5041 1105 5100 per
1118 5031 1215 5098 questo
1228 5023 1315 5097 primo
1331 5026 1457 5099 ingresso

120 5117 201 5174 attare
221 5115 289 5172 altre
312 5117 404 5191 parole
423 5116 476 5172 cbe'
495 5117 684 5184 cerimoniose,
704 5133 754 5174 oon
774 5116 876 5190 exporli
895 5113 1134 5183 commendationi,
1154 5119 1206 5174 etc.
1222 5113 1321 5182 Rome,
1340 5113 1385 5170 die
1411 5114 1455 5189 viij

120 5203 208 5262 martii
226 5205 306 5261 1500.
321 5205 483 5262 Franciscus
497 5207 531 5264 de
545 5207 629 5280 Pepis
645 5205 888 5265 Ductor...0rator.
903 5227 917 5257 o
936 5205 1034 5278 (droit.
1054 5205 1192 5270 Fiorent„
1206 5201 1274 5259 cius.
1290 5202 1326 5272 X,
1341 5203 1409 5263 dist.
1427 5205 1455 5262 2.

121 5294 178 5351 blza
189 5295 235 5358 it),
252 5311 303 5351 oc.
321 5294 395 5364 103.)
