3590 6042
346 585 380 642 lt]
802 579 977 636 JOHANNIS
1002 577 1223 649 BURCHARDI,
1529 584 1595 646 [Μαί
1612 585 1686 646 istu]

394 741 561 827 Veneris,
591 746 633 814 15
657 739 756 826 maii,
783 737 969 812 celebrate
992 741 1076 810 sunt
1099 739 1251 833 exequie
1275 740 1370 812 bone
1393 740 1573 812 memorie
1595 763 1683 813 car·

347 865 478 939 dinalis
515 866 795 962 segobricencis
829 865 866 936 in
900 862 1054 938 basilica
1087 887 1116 936 s.
1156 861 1254 934 Petri
1284 862 1330 934 de
1358 863 1482 954 Urbe;
1515 863 1681 938 ollioium

349 992 533 1088 inceptum
561 991 630 1066 suit
653 995 754 1067 circa
780 993 913 1066 horam
939 989 1220 1078 duodecimam
1253 991 1378 1061 Rmus.
1414 991 1456 1062 D.
1480 990 1682 1062 cardinalis

348 1119 538 1212 Capuanus
556 1118 755 1192 celebravit
771 1119 922 1191 missam
941 1117 1122 1213 majorem
1142 1114 1179 1186 in
1197 1113 1304 1187 altari
1321 1117 1362 1186 B.
1380 1115 1495 1187 Marie
1514 1116 1677 1212 virginis,

349 1242 408 1313 ubi
438 1241 636 1314 cardinalis
658 1242 853 1316 defunctus
879 1247 935 1314 est
960 1239 1137 1337 sepultus.
1164 1237 1306 1312 Chorus
1331 1263 1399 1335 pro
1427 1239 1681 1314 cardinalibus

349 1371 497 1462 paratus
518 1366 584 1439 luit
601 1373 685 1440 ante
704 1369 844 1441 dictum
866 1367 982 1440 altare
1006 1366 1052 1438 ad
1080 1387 1190 1438 unam
1214 1387 1369 1439 cannam
1392 1365 1574 1462 acapello
1592 1389 1680 1461 pre·

348 1463 447 1564 dicla
462 1493 601 1565 distans
616 1517 624 1582 3
641 1493 746 1590 juxta
764 1492 954 1565 columnas
978 1517 998 1565 a
1023 1515 1139 1565 cornu
1159 1489 1335 1587 evangelii
1358 1489 1485 1562 altaris
1502 1491 1676 1586 predicti,

348 1639 497 1688 scamna
515 1639 583 1710 pro
601 1617 783 1714 episcopis
801 1623 837 1690 et
853 1616 1092 1714 presbyteris,
1112 1621 1148 1688 ct
1167 1639 1188 1688 a
1205 1637 1320 1686 cornu
1338 1613 1492 1710 epistole
1510 1615 1679 1712 ejusdem

347 1739 486 1825 altaris,
508 1764 658 1815 scamna
675 1767 743 1839 pro
761 1741 926 1815 diaconis
945 1739 1217 1829 cardinalibus;
1239 1743 1275 1811 et
1293 1743 1376 1835 post
1392 1762 1584 1812 scamnum
1604 1739 1681 1812 dia·

348 1885 538 1953 cenorum,
577 1891 766 1940 scamnum
802 1866 918 1962 magis
952 1866 1099 1938 bassum
1134 1887 1203 1960 pro
1239 1864 1471 1952 oratoribus;
1506 1869 1542 1937 et
1574 1871 1678 1938 retro
1792 1853 1793 1920 ἓ

348 2010 539 2060 scamnum
559 1987 814 2078 diaconorum,
841 1995 918 2062 tres
936 1989 1031 2062 lince
1054 2013 1289 2063 scamnorum
1313 2012 1382 2085 pro
1404 1989 1569 2085 prelatis.
1592 1993 1680 2062 Pre·
1792 2015 1793 2062 t

346 2109 409 2183 lati
445 2111 570 2208 palatii
606 2113 781 2184 sederunt
808 2114 844 2185 in
871 2138 1021 2188 scamno
1055 2137 1163 2188 muro
1196 2113 1350 2187 ecclesie
1386 2115 1675 2211 propinquiore;
1792 2163 1793 2168 =

347 2237 536 2309 credentia
564 2260 631 2333 pro
659 2237 869 2312 celebrante
893 2245 1025 2336 parata
1053 2239 1121 2312 luit
1149 2239 1186 2312 in
1212 2239 1346 2334 angulo
1374 2239 1469 2311 muri
1495 2245 1677 2312 transvor-

347 2359 432 2432 salis
456 2361 552 2434 dicte
575 2361 715 2458 capelle
739 2387 760 2436 a
782 2387 898 2436 cornu
920 2364 1074 2460 epistole
1101 2387 1211 2460 super
1236 2365 1314 2460 ipso
1338 2387 1468 2452 mu1·o;
1499 2371 1535 2436 et
1556 2369 1672 2446 extra,

347 2485 502 2581 epistola
519 2491 555 2559 ct
572 2488 801 2584 evangelium
820 2489 1020 2563 dictasunt
1042 2489 1079 2561 in
1102 2489 1181 2585 ipsa
1203 2488 1347 2586 capella
1365 2494 1570 2562 oratorum.
1595 2493 1675 2563 Post

346 2611 508 2700 missam,
530 2611 615 2685 lecit
636 2615 843 2687 orationem
862 2619 1083 2711 procurator
1100 2614 1241 2688 ordinis
1260 2614 1558 2702 Carmelitarum,
1576 2621 1676 2688 stans

345 2759 455 2832 super
474 2737 656 2833 pulpitum
675 2738 710 2810 in
729 2739 898 2836 opposito
916 2739 1012 2812 dicte
1032 2739 1184 2836 capelle,
1206 2738 1317 2812 alme
1335 2763 1572 2812 scamnorum
1591 2764 1676 2813 ora-

346 2866 481 2932 torum.
507 2865 675 2934 Castrum
699 2863 837 2936 doloris
860 2866 1020 2960 positum
1039 2865 1106 2938 luit
1130 2889 1151 2939 a
1173 2864 1366 2952 columnis,
1392 2869 1495 2937 retro
1518 2865 1676 2938 bancum

345 2984 606 3080 episcoporum
635 2991 670 3059 et
698 2988 1001 3085 presbyterorum
1028 2989 1271 3064 cardinallum
1300 2989 1346 3062 ad
1375 2989 1586 3064 distantiam
1616 3014 1676 3062 sex

345 3107 553 3203 palmorum
573 3111 618 3182 ab
637 3111 726 3207 ipsis
745 3112 937 3202 columnis,
960 3119 996 3186 et
1018 3119 1128 3210 caput
1151 3115 1263 3187 castri
1287 3114 1355 3186 luit
1377 3137 1504 3186 versus
1528 3115 1677 3188 easdem

346 3231 548 3322 columnas,
580 3240 617 3307 et
639 3234 706 3308 luit
729 3236 969 3332 longitudinis
996 3237 1206 3335 palmorum
1232 3239 1385 3335 triginta
1407 3238 1526 3328 unius,
1550 3238 1677 3313 latitu-
1793 3247 1794 3328 ζ

343 3356 438 3428 dinis
472 3357 680 3454 palmorum
710 3363 858 3458 triginta
884 3364 1056 3460 quinque,
1086 3363 1288 3436 altitudinis
1314 3363 1522 3460 palmorum
1546 3367 1677 3437 sexde—

344 3481 415 3553 cim
442 3483 498 3554 vel
525 3485 637 3558 circa.
666 3485 752 3558 Tele
779 3487 895 3582 posite
923 3487 1072 3560 luerunt
1098 3489 1193 3562 sieut
1221 3488 1259 3560 in
1284 3489 1447 3585 exequiis
1474 3489 1675 3563 cardinalis
1793 3497 1794 3554 ἓ

343 3631 372 3680 s.
410 3609 589 3708 Dionysii,
631 3616 783 3708 excepta
817 3613 958 3710 capella
990 3613 1157 3686 mulieris
1192 3613 1332 3687 incluse
1359 3613 1418 3712 (l),
1459 3615 1520 3687 ubi
1555 3618 1674 3712 posite

343 3733 489 3806 luerunt
506 3737 647 3808 circum
665 3737 863 3832 imaginem
881 3738 988 3811 beate
1005 3739 1121 3812 Mario
1138 3739 1304 3836 virginis.

389 3859 429 3928 ln
447 3857 563 3930 choro
582 3859 839 3950 cardinalium,
861 3862 898 3933 in
917 3863 1072 3958 capella,
1096 3864 1156 3936 ubi
1177 3863 1288 3938 missa
1306 3869 1362 3936 est
1379 3863 1579 3954 celebrata,
1602 3890 1674 3940 non

342 3983 488 4054 luerunt
521 3981 594 4054 tele
620 4007 739 4078 noque
768 3985 918 4059 intortia
944 3989 1203 4085 supraposita
1231 3989 1267 4060 in
1294 3989 1436 4084 quadro
1465 3989 1567 4062 circa
1594 4015 1674 4064 cas-

341 4112 462 4194 trum;
484 4130 597 4202 supra
615 4107 718 4198 telas,
740 4109 778 4180 in
795 4115 953 4205 quatuor
976 4114 1153 4210 partibus,
1181 4113 1300 4208 posita
1322 4112 1473 4186 luerunt
1492 4114 1673 4189 intortitia

340 4231 604 4328 quinquaginta
619 4233 674 4306 vel
693 4233 805 4324 circa,
821 4236 990 4310 videlicet
1005 4261 1118 4334 supra
1136 4235 1326 4310 columnas
1345 4260 1498 4334 magnas
1516 4238 1672 4312 ecclesie

340 4356 521 4429 intortitia
539 4358 732 4451 tredecim,
754 4366 790 4433 ct
808 4361 1004 4434 duodecim
1028 4386 1140 4460 supra
1158 4361 1348 4435 columnas
1366 4363 1672 4437 demoniacorum

340 4481 438 4578 ipsas
469 4485 675 4576 sequentes,
713 4509 802 4580 quas
837 4486 908 4559 tole
938 4511 1011 4560 non
1038 4489 1285 4578 excedebant3
1315 4488 1469 4560 totidem
1494 4489 1530 4561 in
1555 4513 1672 4586 oppo-

341 4607 433 4696 sito;
467 4611 629 4680 castrum
665 4609 803 4683 doloris
837 4610 902 4685 luit
939 4613 1049 4684 nimis
1072 4637 1188 4711 prope
1214 4611 1294 4686 illas
1328 4613 1531 4701 columnas,
1569 4623 1672 4690 retro

377 4815 401 4869 t.
424 4812 445 4868 ll
461 4813 548 4888 s'agit
561 4815 596 4871 de
617 4820 688 4872 cette
703 4815 824 4889 chapelle
842 4816 876 4872 de
892 4816 1084 4890 Saint-l’icrre,
1099 4823 1134 4874 ou
1157 4835 1185 4874 sc
1210 4818 1297 4876 tenuit
1316 4820 1421 4877 recluso
1434 4837 1489 4877 une
1510 4821 1609 4880 lemme
1626 4825 1673 4897 qui

340 4902 444 4974 possuit
460 4919 530 4976 pour
543 4903 642 4964 sainte.
659 4903 887 4961 L'umbassadeur
906 4906 941 4962 du
962 4907 1014 4962 duc
1034 4907 1069 4962 de
1088 4907 1199 4964 Ferrare
1222 4911 1239 4964 t
1259 4908 1355 4977 Rome,
1372 4909 1519 4968 Beltrando
1536 4911 1571 4968 de
1586 4913 1673 4970 Cons-

340 4989 426 5058 rabili,
444 5007 477 5046 en
490 4990 566 5065 parle
578 4994 648 5050 dans
659 5011 690 5050 su
704 4993 824 5066 depeche
837 4995 873 5050 du
889 4996 922 5050 18
933 4999 998 5052 aottt
1013 4997 1091 5066 1503,
1102 5013 1137 5052 ou
1152 4997 1266 5070 sujetde
1281 4998 1307 5054 la
1320 4997 1437 5056 maledie
1452 5000 1488 5056 du
1503 5017 1583 5075 pape.
1598 5025 1613 5053 α
1630 5001 1671 5058 On

339 5077 389 5133 tait
403 5078 468 5134 laire
488 5080 629 5156 beaucoup
644 5083 678 5139 de
696 5083 800 5158 priores
818 5101 867 5157 par
882 5102 934 5140 une
953 5085 1050 5142 lemme
1070 5103 1123 5159 que
1143 5084 1195 5142 l'on
1216 5087 1284 5144 croit
1303 5087 1401 5158 sainte,
1417 5094 1508 5146 mures
1523 5107 1556 5146 cn
1577 5091 1670 5149 Saint-

341 5165 432 5221 Pierre
449 5184 455 5222 :
471 5175 543 5225 cette
558 5170 655 5228 lemme
671 5176 765 5245 aspere
780 5190 832 5246 peu
848 5172 917 5229 dans
931 5173 956 5230 la
969 5174 1012 5231 rie
1027 5176 1061 5231 de
1077 5177 1115 5238 Sa
1129 5175 1262 5234 Saintcte.
1279 5200 1293 5228 u
1308 5176 1449 5235 Petrucclli
1464 5179 1533 5236 della
1549 5179 1670 5248 Gallina,

340 5257 417 5311 Hire.
436 5257 550 5326 diplom.
566 5261 612 5314 des
624 5262 769 5322 conolores.
782 5269 801 5318 t.
820 5262 841 5330 l,
854 5278 881 5336 p.
898 5263 959 5320 437.
