3520 6036
106 625 176 690 [tuln
189 624 269 686 laet]
437 623 565 686 RERUM
588 620 815 686 URBANARUM
839 622 1100 684 COMMENTARH.
1394 625 1444 682 361

107 779 221 854 trium
237 779 434 854 librarum.
451 784 492 854 ln
505 779 713 883 summitate
733 781 843 856 castri
867 779 1002 856 doloris
1030 777 1213 855 intorticia
1239 787 1394 878 quatuor
1412 787 1448 858 et

107 903 250 980 nullum
270 905 308 978 in
325 903 467 1002 angulis
484 903 730 995 interioribus,
751 907 788 980 ct
803 905 955 980 candele
978 928 1087 1002 supra
1110 908 1269 980 castrum
1300 906 1447 983 luerunt

107 1029 269 1106 ducente
287 1029 447 1122 circiter,
464 1031 573 1105 castri
592 1030 775 1106 intorticia
786 1029 978 1106 duedecim
993 1029 1030 1104 in
1047 1030 1210 1128 quelibet
1228 1030 1356 1122 latare,
1382 1057 1447 1130 per

106 1155 319 1248 eeclesiam,
339 1180 448 1254 super
463 1161 621 1254 portam,
631 1156 815 1232 interlicia
827 1179 902 1246 sex,
917 1157 985 1230 sub
999 1179 1087 1232 areu
1102 1159 1186 1230 ante
1198 1156 1311 1232 altare
1327 1157 1445 1255 majus

105 1278 292 1356 interlicia
308 1281 482 1378 quinque,
495 1279 560 1355 sub
577 1280 830 1378 quolibetarcu
846 1279 1028 1356 intertieia
1041 1279 1219 1376 quinqua
1235 1304 1257 1354 a
1271 1280 1445 1356 lateribus

105 1403 231 1478 altaris
248 1405 401 1504 majoris
415 1409 453 1480 et
479 1409 579 1480 retro
600 1405 690 1480 illud
710 1429 785 1480 non
804 1405 949 1481 suerunt
974 1405 1156 1480 intorticia
1182 1427 1301 1502 neque
1325 1406 1447 1503 lignea

104 1529 222 1626 pesile
242 1555 251 1603 :
272 1537 434 1605 castrum
454 1531 592 1606 doloris
612 1537 648 1606 ct
670 1531 785 1606 lectus
808 1530 934 1606 subtus
955 1530 1180 1606 sufficienter
1200 1530 1348 1605 luerunt
1371 1531 1444 1604 dis-

104 1654 250 1750 posita:
275 1677 349 1730 non
368 1656 588 1730 mensurari.
604 1655 748 1730 Funesti
777 1655 923 1730 inerunt
948 1655 1045 1731 cirea
1067 1655 1215 1754 triginta
1236 1678 1311 1745 sex,
1339 1679 1445 1754 pare-

102 1777 253 1853 lrenarii
284 1781 492 1856 babuerunt
526 1803 733 1872 sacconem,
768 1781 938 1856 cussinos
968 1787 1005 1855 et
1034 1779 1213 1856 tlabella:
1248 1779 1444 1856 cardinalis

103 1905 328 1978 Cusentinus
346 1905 541 1982 celebravit
553 1905 701 1980 missam
715 1913 750 1982 et
767 1929 849 1982 cum
874 1929 918 1981 ae
937 1905 1166 1988 absolverunt
1189 1904 1441 1995 Bononiensis,

102 2027 368 2104 volaterranus
384 2035 420 2106 et
435 2029 673 2106 Mimatensis.
692 2031 826 2106 Ultimo
841 2031 923 2106 leco
936 2029 1183 2104 interfuerunt
1202 2054 1233 2104 s.
1256 2029 1440 2120 Praxedis,

102 2175 129 2224 s.
149 2153 317 2252 Georgii,
342 2154 622 2246 Alexandrinus,
648 2155 853 2246 Grimanus,
877 2155 1053 2232 Columna
1076 2162 1114 2230 et
1138 2153 1316 2230 Elnensis.
1350 2158 1442 2228 Exe-

101 2279 437 2374 quutercstucrunt
460 2279 663 2356 cardinales
685 2303 715 2354 s.
747 2280 930 2371 Praxedis,
954 2279 1171 2356 Cusentinus
1190 2284 1226 2356 et
1246 2279 1440 2357 Salernita-

101 2423 181 2493 uus,
202 2407 242 2477 et
261 2412 387 2480 orator
404 2405 503 2505 regis
520 2412 556 2480 et
570 2405 695 2504 regine
711 2406 979 2505 Hispaniarum.

145 2531 323 2622 Veneris,
342 2535 387 2604 28
398 2531 492 2629 junii
508 2531 674 2629 predicti,
694 2531 842 2607 luerunt
855 2553 1003 2630 vespere
1020 2531 1167 2630 papales
1184 2530 1222 2604 in
1243 2553 1433 2628 paramen-

105 2654 146 2728 tis
163 2656 316 2730 rubris:
339 2659 437 2753 Papa
451 2655 727 2747 tecitotticium,
746 2658 806 2754 qui
832 2657 969 2754 incepit
994 2657 1150 2755 primam
1175 2657 1430 2754 antiphenam;

100 2779 299 2856 cardinalis
315 2779 489 2856 Columna
506 2783 717 2874 secundam,
733 2782 907 2858 assistens
924 2805 946 2856 a
968 2781 1119 2873 dextris;
1145 2782 1289 2857 tertiam
1316 2781 1433 2856 cardi-

99 2903 187 2978 nalis
206 2930 240 2980 s.
263 2907 451 2996 praxedis,
479 2907 674 3006 episcopus
699 2908 895 2998 assistens;
917 2915 1081 3004 quartam
1105 2905 1301 2982 cardinalis
1326 2905 1431 3003 Agri-

98 3029 230 3124 geusis,
252 3030 351 3129 prior
372 3031 667 3130 presbyterorum
684 3032 939 3122 cardinalium;
960 3033 1123 3130 quintam
1141 3031 1333 3107 cardinalis
1347 3035 1433 3105 Are-

98 3153 203 3249 gonia
217 3155 395 3230 assistens
410 3179 433 3230 a
447 3155 602 3231 sinistris
621 3159 731 3255 Pape.
753 3158 859 3234 Dicto
875 3157 1049 3256 capitulo,
1076 3163 1244 3232 cauteres
1262 3155 1432 3230 adstatim

98 3277 315 3378 inceperunt
328 3281 518 3380 hymnum,
539 3306 613 3356 non
635 3289 868 3380 expectantes
894 3284 990 3381 quod
1009 3287 1109 3380 Papa
1122 3282 1370 3380 preintenaret
1396 3288 1433 3355 et

98 3401 172 3500 ipse
186 3406 375 3482 intonaret
391 3407 628 3505 antiphonam
650 3432 658 3481 :
682 3409 728 3482 ad
741 3409 960 3506 Magnifice!
973 3408 1109 3505 incepit
1126 3410 1236 3504 Papa.
1258 3410 1301 3480 Ι).
1316 3409 1431 3480 Fran-

100 3527 214 3603 ciscus
228 3531 463 3606 Guastaterre
476 3531 721 3608 subdiaconus
731 3533 818 3610 iecit
827 3531 1002 3608 osticium.
1016 3530 1259 3608 Interluerunt
1271 3529 1429 3627 vesperis

102 3662 222 3729 orator
240 3655 532 3732 Florentinerum
551 3665 588 3732 et
604 3661 647 3732 D.
665 3657 880 3734 Franciscus
895 3657 940 3733 de
957 3657 1109 3746 Grassis,
1130 3655 1223 3754 juris
1242 3654 1429 3751 utriusque

101 3776 240 3870 doctor,
252 3789 418 3856 oratores
427 3782 653 3858 marchionis
662 3782 922 3858 Montislerrati
937 3781 998 3880 qui
1013 3781 1246 3878 stabantpest
1258 3779 1432 3854 Florenti-

100 3924 199 3996 num3
216 3909 256 3978 et
271 3927 340 4003 ege
355 3905 459 4003 posui
476 3929 560 3982 eum
578 3911 661 3982 ante
677 3907 941 3998 Florentinum,
961 3905 1059 4003 quod
1072 3905 1140 3979 init
1158 3906 1275 3980 visum
1299 3927 1430 3978 novum

102 4027 342 4104 cardinalibus
357 4055 387 4103 s.
406 4032 551 4129 Georgii
571 4036 608 4106 et
623 4031 701 4106 aliis
719 4035 757 4108 et
783 4032 955 4130 episcope
980 4029 1231 4129 Gallipelitane
1257 4029 1317 4127 qui
1342 4029 1431 4103 dixit

102 4151 329 4228 Florentines
355 4179 399 4228 ex
422 4157 665 4254 potestatibus
691 4157 792 4232 ltalie
820 4157 960 4232 nullum
983 4157 1181 4254 precedere
1212 4155 1281 4230 nisi
1307 4179 1432 4253 regem

103 4277 390 4376 Neapolitanum,
407 4285 569 4356 Venetos
585 4286 622 4356 et
641 4282 772 4356 ducem
793 4281 1006 4357 Mediolani:
1031 4281 1205 4356 assistens
1220 4281 1257 4354 in
1271 4280 1432 4378 vesperis

104 4398 165 4474 luit
176 4404 372 4478 cardinalis
388 4429 417 4478 s.
434 4406 624 4496 Praxcdis;
646 4406 717 4480 alia
731 4429 834 4482 mere
851 4406 971 4482 solito.

148 4529 318 4618 sabbato,
338 4533 384 4602 29
398 4530 505 4626 junii,
522 4531 591 4604 tuit
615 4531 750 4606 testum
778 4535 987 4606 sanctorum
1009 4531 1259 4630 apostolerum
1274 4531 1370 4605 Petri
1396 4537 1431 4604 ct

105 4651 225 4727 Pauli:
253 4655 352 4750 Papa
374 4654 474 4728 venit
503 4656 550 4729 ad
569 4655 755 4730 basilicam
779 4656 981 4752 predictam
1005 4655 1073 4730 sub
1091 4655 1308 4730 baldachino
1332 4661 1368 4729 et
1393 4655 1429 4728 in

104 4797 231 4873 regno;
259 4777 450 4852 cardinalis
477 4779 522 4853 de
547 4781 731 4878 dragonis
761 4781 848 4856 dixit
879 4781 1118 4878 evangelium,
1147 4785 1189 4854 [t.
1217 4779 1429 4854 Franciscus

104 4900 344 4993 Guastalerre,
371 4903 613 4978 subdiaconus
643 4927 771 4998 nevus,
806 4905 1016 5003 epistolam;
1048 4911 1092 4986 Ι).
1118 4905 1246 4978 lsatius
1273 4927 1429 5002 evange-

104 5023 185 5100 lium
197 5049 363 5126 grecum,
382 5032 425 5102 Ι).
440 5030 644 5104 Demetrius
665 5031 859 5128 epistolam
880 5053 1042 5128 grecam.
1068 5029 1267 5104 Cardinalis
1291 5053 1320 5104 s.
1341 5033 1429 5103 Pra-

104 5151 196 5224 xedis
210 5153 398 5246 assistens,
415 5155 644 5252 presentibus
654 5157 904 5254 Neapolitano,
926 5155 1171 5247 Ulixbenensi,
1190 5155 1429 5230 Recanatensi

107 5275 351 5369 cardinalibus,
364 5286 401 5356 et
413 5281 664 5356 consentiente
676 5285 784 5382 Papa,
800 5286 995 5381 antequam
1011 5281 1148 5356 veniret
1166 5281 1213 5356 ad
1227 5303 1426 5370 eameram,
