3520 6036
348 575 401 632 arr
803 567 978 625 tonsurus
1003 567 1226 637 suriculam,
1437 567 1663 632 [ammissa]

399 729 464 802 Die
486 723 681 812 dominica,
706 729 727 796 8
751 723 968 814 decembris,
995 725 1156 796 secunda
1181 723 1368 810 adrentus,
1392 722 1580 820 episcopus
1601 727 1662 796 Au-

350 853 529 952 gustinus,
553 848 801 946 majordomus
826 855 862 923 et
882 849 1068 938 assistens,
1094 848 1292 922 celebravit
1313 847 1462 921 missam
1485 847 1659 944 publicam,

351 983 449 1075 Papa
470 981 666 1073 presente:
689 995 899 1048 sermonem
922 973 1005 1047 lecit
1030 973 1177 1070 quidam
1200 973 1312 1046 irater
1338 997 1367 1046 s.
1389 971 1570 1046 Francisci
1591 996 1664 1044 con·

351 1098 525 1176 ventualis
558 1121 626 1194 pro
658 1101 916 1194 procuratore,
945 1097 980 1170 iu
1012 1121 1083 1192 quo
1113 1096 1181 1169 suit
1210 1096 1396 1171 contentio
1431 1095 1526 1172 iuter
1551 1095 1666 1170 iratres

350 1223 492 1300 Araceli
516 1227 647 1298 centra
668 1221 879 1318 hujusmodi
900 1221 1052 1296 fratrem
1077 1244 1185 1316 quem
1209 1220 1292 1318 ipsi,
1323 1225 1337 1293 1
1365 1219 1486 1318 hujus,
1517 1221 1670 1317 jurarunt

352 1349 419 1424 sub
446 1349 531 1423 ficta
554 1370 665 1421 causa
687 1345 784 1442 quod
813 1353 910 1420 esset
936 1346 981 1419 de
1008 1368 1136 1419 eorum
1164 1345 1372 1419 obedientia
1397 1351 1433 1419 et
1457 1345 1673 1420 retinuerunt

354 1497 437 1550 eum
461 1497 576 1570 usque
599 1472 645 1546 ad
661 1471 738 1545 heri
762 1494 859 1561 sere,
888 1471 1075 1545 cardinale
1094 1471 1266 1545 Crimauo
1284 1471 1337 1544 eis
1357 1471 1512 1562 favente,
1533 1470 1672 1566 quierat

354 1602 542 1697 protector
558 1596 656 1669 illius
670 1594 822 1669 ordinis.
842 1595 1004 1669 Tandem
1025 1599 1123 1692 Papa
1139 1595 1224 1669 fecit
1240 1595 1342 1668 illum
1359 1595 1511 1669 liberari
1529 1600 1565 1668 et
1578 1594 1671 1668 uoluit

355 1747 440 1796 eum
464 1743 675 1794 sermonem
697 1720 833 1793 lacere.
854 1720 1031 1793 Dixeruut
1054 1743 1139 1794 eum
1164 1719 1274 1793 etiam
1297 1727 1502 1816 apostatam
1525 1727 1560 1792 et
1579 1743 1672 1816 prop-

357 1853 459 1921 terea
477 1844 833 1920 excommunicatum
851 1848 891 1916 ut
915 1847 1013 1940 Papa
1037 1845 1168 1918 saltem
1187 1844 1392 1920 absolverat
1408 1845 1456 1916 ad
1477 1843 1668 1917 cautelam:

357 1969 543 2068 respondit
559 1973 659 2066 Papa
676 1968 774 2065 quod
789 1968 904 2042 nollet
923 1967 976 2042 eis
993 1969 1159 2058 credere,
1182 1977 1217 2043 et
1240 1969 1269 2042 si
1289 1969 1350 2042 ille
1370 1973 1469 2042 esset
1484 1966 1672 2043 encommu·

357 2095 510 2184 nicetus,
529 2093 628 2190 quod
650 2101 792 2190 poterat
814 2091 1003 2168 absolvere
1023 2101 1058 2168 et
1071 2093 1231 2168 libenter
1255 2093 1322 2167 sibi
1340 2094 1575 2191 impensurus
1593 2097 1672 2165 esset

357 2243 439 2294 eam
456 2217 767 2317 [absolutionem];
786 2219 850 2291 sed
867 2217 926 2293 ille
945 2218 1089 2315 negavit
1105 2243 1144 2292 se
1158 2243 1238 2292 esse
1254 2223 1459 2316 apostatam
1473 2219 1531 2292 vel
1545 2240 1672 2292 excom·

358 2343 597 2418 manicatum.
1746 2369 1747 2436 p

406 2469 572 2556 Veneris,
598 2472 641 2544 13
660 2466 879 2555 decembris,
897 2467 934 2540 in
951 2467 1043 2542 leste
1060 2493 1089 2542 s.
1118 2468 1240 2562 Lucia,
1272 2473 1317 2544 1).
1346 2470 1531 2544 lohannes
1557 2465 1675 2542 Trivul

359 2593 430 2667 tius
458 2592 739 2667 Mediolanensis
774 2591 968 2688 disputavit
998 2593 1141 2690 publice
1176 2595 1212 2667 in
1243 2595 1397 2670 ecclesia
1431 2605 1622 2669 cenventus
1648 2616 1672 2662 s.

359 2717 576 2815 Augustini:
595 2717 842 2790 interfuerunt
855 2716 959 2788 multi
979 2717 1198 2792 cardinales.

410 2840 610 2930 Dominica,
635 2845 677 2913 15
697 2839 915 2931 decembris,
936 2842 1043 2915 tertia
1063 2842 1250 2934 adventus,
1276 2847 1399 2918 limus.
1428 2847 1472 2916 D.
1497 2838 1674 2916 cardinalis

361 2967 553 3040 Grimanus
571 2963 767 3039 celebravit
782 2964 932 3038 missam
951 2967 1147 3062 publicam,
1163 2971 1261 3066 Papa
1274 2976 1443 3066 presente
1461 2993 1468 3040 :
1488 2985 1675 3042 sermenem

362 3090 447 3166 lecit
461 3089 562 3187 prior
578 3088 852 3163 Heremitarum
872 3115 901 3163 s.
917 3091 1123 3188 Augustini.

411 3219 523 3305 Luue,
551 3218 594 3288 16
618 3214 834 3304 decembris,
866 3214 1011 3288 suerunt
1032 3215 1174 3314 incepta
1207 3217 1358 3313 exequie
1392 3215 1487 3289 boue
1521 3210 1676 3288 memorie

363 3336 557 3414 cardinalis
583 3337 819 3412 Mimatensis.
844 3337 993 3414 Missam
1018 3338 1214 3414 celebrarit
1241 3339 1434 3414 cardinalis
1460 3338 1505 3413 de
1527 3337 1635 3410 Flisoo
1650 3335 1677 3405 in

365 3462 504 3560 capella
532 3461 635 3551 Sinti,
666 3467 703 3536 et
729 3460 892 3556 sepultus
923 3461 1002 3536 sine
1034 3462 1138 3559 signo
1164 3463 1221 3538 vel
1248 3463 1425 3538 memoria
1455 3487 1463 3535 ε
1493 3457 1680 3536 cardinales

267 3651 277 3668 .
366 3586 538 3662 sederunt
560 3587 597 3660 iu
621 3585 749 3662 eadem
779 3585 918 3683 capella
942 3586 978 3658 in
1005 3609 1130 3660 eorum
1160 3589 1317 3662 scamnis
1349 3588 1388 3661 in
1413 3588 1523 3686 plano
1550 3586 1629 3660 hinc
1652 3585 1681 3654 et

366 3711 451 3786 inde
478 3710 623 3810 positis3
652 3709 778 3807 prelati
807 3716 908 3786 extra
932 3711 1134 3786 cancellum
1159 3714 1325 3810 ejusdem
1352 3712 1507 3810 capelle.
1534 3715 1681 3785 Castrum

367 3833 503 3908 doloris
528 3833 593 3907 luit
618 3833 777 3931 positum
798 3832 835 3906 in
861 3836 1021 3908 secunda
1039 3835 1134 3926 uari,
1154 3844 1262 3934 caput
1284 3861 1407 3912 versus
1432 3836 1607 3934 capellam
1625 3830 1684 3928 pri-

370 3981 467 4032 mam
490 3962 527 4032 et
541 3957 653 4056 pedes
671 3981 736 4032 suo
755 3957 884 4032 ordine
904 3959 940 4032 in
961 3965 1208 4034 transversum
1229 3961 1324 4034 illius
1347 3962 1460 4053 naris,
1484 3962 1579 4035 cirea
1601 3953 1684 4054 quod

371 4083 518 4157 luerunt
543 4083 676 4156 lunesti
700 4084 961 4183 quinquaginta
983 4086 1040 4160 vel
1067 4087 1177 4160 cirea.
1210 4087 1419 4162 Orationem
1449 4086 1533 4161 lecit
1557 4083 1685 4182 quidam

371 4207 534 4282 Andreas
550 4208 594 4282 de
613 4212 711 4282 Luca
728 4207 889 4282 defuncti
910 4209 1109 4284 familiaris.
1132 4215 1222 4286 Cum
1240 4211 1450 4286 celebrante
1471 4210 1686 4284 absolverunt

373 4334 498 4407 llllmi.
528 4336 603 4407 bb.
630 4331 834 4407 cardinales
864 4334 1124 4426 salernitanus,
1157 4335 1411 4429 Bononiensis
1440 4337 1686 4414 volaterranus

374 4462 411 4532 et
434 4457 625 4548 Adrianus,
648 4463 771 4554 preter
791 4479 881 4554 ques
902 4457 1148 4534 interfuerunt
1175 4460 1304 4536 decem
1329 4465 1367 4536 et
1393 4465 1476 4535 octo
1502 4455 1687 4534 cardinales

373 4581 542 4656 videlicet
564 4579 836 4678 Neapolitanus,
864 4583 1137 4676 Reoanateusis,
1161 4607 1189 4658 s.
1212 4585 1399 4675 Praxedis,
1424 4582 1686 4666 Alexandrinus,

375 4732 404 4780 s.
432 4707 568 4798 Crucis,
584 4706 859 4805 Agrigentinus,
874 4687 1082 4802 Grimanus,
1101 4711 1302 4808 Regiensis,
1324 4711 1554 4801 Cusentinus,
1576 4712 1689 4783 Cuma·

373 4853 455 4924 nus,
477 4856 506 4906 s.
529 4831 627 4904 Petri
650 4831 695 4906 ad
709 4829 876 4924 Vincula,
899 4833 1089 4927 Columna,
1110 4835 1301 4926 Ascanius,
1322 4833 1496 4926 ltledices,
1519 4832 1689 4910 Cesarinus
1746 4877 1747 4922 ,

375 4963 411 5030 et
426 4956 602 5030 Elnensis.

426 5085 610 5174 Mercurii,
635 5089 677 5158 18
694 5085 913 5182 decembris,
931 5093 973 5162 o.
997 5089 1216 5164 Benedictus
1241 5085 1370 5180 Adam,
1393 5090 1599 5189 prepositus
1619 5090 1692 5162 Are·

379 5207 579 5302 nionensis,
596 5235 709 5285 novus
720 5211 876 5304 auditor,
894 5213 1041 5290 intravit
1054 5240 1121 5314 per
1136 5214 1371 5306 audientiam,
1392 5220 1428 5290 et
1444 5215 1536 5290 sedit
1556 5217 1600 5290 ad
1614 5216 1693 5290 latus
