3520 6036
365 638 419 694 358
823 629 1000 690 JOHANNIS
1024 627 1247 698 cuncutitur,
1540 635 1617 696 [tutu
1634 639 1710 699 isos]

418 795 470 864 De
486 789 655 864 mandato
674 790 737 864 SS.
760 789 802 861 D.
821 789 864 861 N.
883 809 990 884 pape,
1007 783 1203 860 mandatur
1216 781 1370 883 singulis
1379 781 1620 884 infrascriptis
1639 789 1708 862 sub

366 940 461 1015 pena
479 917 695 989 ducatorum
712 913 870 1010 quinque
884 912 929 985 de
949 933 1095 986 camera
1118 909 1317 1010 apostolice
1343 931 1489 984 camere
1507 910 1708 986 irremissi-

365 1041 485 1116 biliter
501 1039 799 1137 applicandorum
819 1037 973 1112 debeant
988 1059 1055 1134 per
1070 1039 1183 1110 totam
1199 1040 1367 1134 quartam
1393 1033 1492 1110 diem
1524 1037 1708 1134 presentis

366 1166 501 1242 mensis
518 1165 612 1265 junii
625 1163 769 1239 dedisse
788 1167 829 1238 R.
848 1167 891 1237 u.
911 1162 1083 1261 episcopo
1100 1165 1234 1237 tirtanc
1247 1161 1398 1236 nomina
1421 1169 1458 1236 et
1484 1163 1709 1259 cognomina

365 1294 527 1367 omnium
543 1297 578 1367 et
596 1291 820 1389 singulorum
845 1288 1051 1364 officiorum
1075 1295 1111 1363 et
1135 1289 1344 1364 officialium
1368 1288 1424 1362 vel
1450 1287 1706 1386 capitanatum

365 1418 596 1492 existentium
622 1439 665 1490 ac
689 1415 726 1488 in
749 1415 914 1513 margine
938 1419 1087 1489 notasse
1113 1415 1141 1488 si
1162 1413 1242 1511 quis
1262 1413 1474 1489 eorumdem
1495 1413 1706 1490 officialium

364 1544 508 1618 suntab
525 1543 619 1617 Urbe
640 1542 807 1616 absentes
825 1539 880 1614 vel
897 1539 1031 1614 infirmi
1047 1545 1108 1615 aut
1127 1540 1279 1614 aliorum
1289 1539 1494 1614 ciliciorum
1512 1539 1704 1630 officiales,

364 1669 541 1760 videlicet,
560 1666 749 1765 capellano
772 1660 992 1763 scriptorum
1007 1665 1308 1764 apostolicorum,
1326 1687 1428 1740 sacre
1447 1664 1706 1762 penitentiaria

363 1794 562 1892 apostolice
576 1793 778 1891 capellano,
799 1791 1040 1868 abbreviatori
1056 1791 1247 1889 capellano
1273 1790 1548 1865 sollicitatorum
1565 1789 1707 1866 littera.

362 1945 444 1996 rum
478 1918 772 2017 apostolicarum,
816 1909 1005 2015 capellano
1039 1917 1277 1996 collectorum
1319 1915 1472 2014 plumbi,
1513 1917 1706 2014 capellano

363 2046 586 2121 notariorum
620 2048 713 2134 rote,
742 2043 892 2142 syndico
932 2046 1211 2142 procuratorum
1248 2043 1462 2140 gratiarum,
1498 2041 1705 2140 computari

363 2177 645 2273 procuratorum
660 2169 928 2268 penitentiarie.

413 2303 464 2374 De
480 2296 653 2371 mandato
671 2297 734 2370 SS.
754 2299 798 2370 Ι).
816 2293 932 2368 nostri
947 2293 1134 2368 intimetur
1152 2297 1193 2368 R.
1216 2297 1259 2367 b.
1284 2293 1457 2392 episcopo
1480 2292 1706 2368 Curciolensi

362 2427 399 2501 in
418 2425 518 2498 alma
535 2421 629 2497 Urbe
644 2421 771 2519 atejus
787 2419 951 2492 districtu
969 2443 1032 2492 suc
1052 2419 1261 2494 Sanctitatis
1280 2419 1414 2495 vicarie
1437 2418 1600 2516 generali
1619 2442 1706 2515 qua-

365 2561 471 2624 tenus
488 2549 547 2624 die
569 2547 674 2648 jovis,
702 2551 723 2619 6
748 2545 929 2644 presentis
952 2545 1089 2619 mensis
1110 2545 1204 2645 junii
1235 2545 1439 2619 festivitatis
1468 2545 1706 2620 sacratissimi

363 2675 531 2772 corporis
547 2671 692 2763 Christi,
711 2671 805 2745 hora
822 2673 962 2762 octava,
990 2670 1266 2768 processionem
1291 2669 1379 2745 cleri
1406 2670 1515 2745 Urbis
1539 2694 1562 2744 a
1584 2671 1707 2768 platea

363 2799 542 2899 principis
562 2797 808 2896 apostolorum
824 2820 890 2894 per
904 2796 999 2870 viam
1016 2797 1221 2870 ordinatam
1243 2800 1281 2871 et
1297 2799 1464 2894 paratam
1485 2819 1552 2870 suo
1577 2795 1707 2870 ordine

369 2924 580 2999 immediate
609 2928 693 2996 ante
724 2919 996 3020 processionem
1021 2923 1084 2995 SS.
1107 2924 1149 2994 b.
1169 2923 1219 3007 Ν.
1246 2943 1341 3020 pape
1368 2920 1569 3019 procedere
1598 2920 1708 2996 iaciat

326 3119 331 3129 .
363 3050 571 3138 mandetur,
594 3055 629 3122 et
647 3048 848 3122 camerario
865 3045 952 3122 clari
965 3046 1136 3145 predicti,
1154 3051 1333 3144 quatenus
1350 3047 1417 3120 sub
1432 3069 1529 3145 pena
1544 3047 1705 3145 quinque

363 3177 579 3248 ducatorum
600 3175 679 3248 auri
696 3195 844 3248 camere
861 3173 1059 3270 apostolice
1084 3173 1385 3248 irremissibiliter
1403 3172 1706 3271 applicandorum

363 3301 638 3400 processionem
670 3299 835 3398 ejusdem
865 3297 953 3372 cleri
979 3297 1072 3374 hora
1098 3303 1134 3372 et
1157 3297 1285 3374 ordine
1311 3297 1486 3397 predictis
1520 3297 1703 3388 sollicitet,

363 3433 399 3501 et
413 3427 523 3500 iaciat
535 3425 711 3525 premissa
729 3423 883 3499 tirmiter
897 3424 1103 3499 observare.

409 3553 550 3645 Martis,
569 3557 591 3626 l
612 3551 723 3652 junii,
752 3571 921 3626 cursores
951 3549 1168 3642 retulerunt,
1196 3549 1285 3624 mibi
1308 3549 1477 3626 sciuisse
1501 3554 1703 3649 exequutus

363 3679 533 3754 mandata
548 3677 769 3776 supradicta.

413 3805 546 3878 Eadem
566 3803 638 3895 die,
665 3803 756 3877 hora
782 3802 880 3876 circa
900 3825 1070 3901 resperas
1098 3802 1188 3877 obiit
1211 3801 1405 3876 cardinalis
1430 3803 1643 3893 casanova3
1669 3809 1703 3876 et

363 3931 430 4003 luit
444 3929 651 4002 intimatum
664 3927 907 4004 cardinalibus
922 3951 990 4027 pro
1014 3927 1072 4002 die
1096 3927 1255 4003 crastina
1277 3927 1324 4002 ad
1344 3928 1475 4004 boram
1496 3950 1636 4002 nonam
1650 3927 1702 4002 vel

365 4053 563 4143 decimam;
586 4057 623 4127 ct
647 4053 717 4128 alia
743 4054 911 4129 ordinata
930 4077 997 4153 per
1020 4053 1131 4129 alium
1156 4053 1371 4152 magistrum
1396 4054 1698 4140 ceremoniarum,

364 4203 425 4254 mc
440 4179 662 4254 inconsulto.

412 4305 599 4396 Mercurii,
618 4305 676 4380 die
693 4312 714 4382 5
726 4307 836 4406 junii,
852 4309 948 4383 hora
961 4331 1059 4383 nona
1081 4306 1138 4382 vel
1159 4306 1269 4400 circa,
1289 4306 1433 4406 incepta
1455 4307 1603 4383 luerunt
1628 4333 1701 4386 res·

364 4455 450 4531 pere
467 4439 503 4508 et
525 4431 734 4506 continuate
750 4433 929 4508 matutine
956 4436 1187 4507 mortuorum
1211 4457 1278 4532 per
1303 4432 1510 4531 religiosos.
1530 4436 1699 4509 lntertue-

364 4562 450 4633 ruut
463 4555 592 4633 decem
611 4563 648 4632 et
662 4581 792 4632 novem
809 4559 1027 4652 cardinales,
1047 4559 1216 4633 videlicet
1229 4584 1259 4634 s.
1281 4559 1440 4658 Georgii,
1461 4583 1498 4648 s.¹
1513 4562 1696 4648 Praxedis,

364 4683 648 4776 Alexandrinus
662 4707 692 4758 s.
707 4685 844 4778 Crucis,
861 4685 1301 4782 Regiensiscusentiuus,
1311 4685 1572 4776 Salernitanus,
1583 4691 1696 4762 Bonc-

364 4809 516 4900 niensis,
533 4809 805 4902 Volaterranos,
826 4811 870 4886 de
888 4810 1019 4902 Flisco,
1034 4809 1283 4909 Legionensis,
1297 4809 1490 4904 Adrianus,
1501 4836 1531 4886 s.
1545 4812 1643 4886 Petri
1656 4810 1695 4884 ad

362 4934 528 5026 Vincula,
560 4935 747 5026 Columna,
780 4935 970 5026 Ascanius,
1006 4935 1180 5024 Medices,
1208 4935 1405 5034 dragonis,
1438 4938 1485 5011 dc
1506 4937 1692 5026 Alibretto,

363 5061 543 5134 Eluensis.
565 5060 691 5134 Finitis
706 5061 886 5154 laudibus,
910 5085 1042 5160 corpus
1063 5061 1223 5136 defuncti
1243 5063 1338 5160 quod
1350 5063 1498 5161 jacebat
1518 5063 1557 5136 in
1580 5064 1694 5161 prima

363 5186 458 5276 aula,
480 5185 526 5259 ad
543 5185 733 5260 ecclesiam
752 5186 796 5259 de
815 5186 950 5284 Populo
971 5189 1155 5283 portatum
1183 5186 1263 5276 luit,
1292 5192 1329 5261 et
1354 5185 1557 5261 cardinales
1581 5189 1695 5262 redie

363 5317 446 5386 runt
462 5312 508 5385 ad
530 5337 614 5386 suas
629 5313 756 5385 dcrncs
775 5340 781 5385 :
803 5312 972 5398 Michael‚
1000 5312 1210 5386 substitutus
1226 5335 1343 5402 meus,
1373 5312 1528 5410 portavit
1557 5312 1593 5385 in
1622 5336 1695 5410 par-
