3502 6036
350 585 401 641 na
685 555 687 560 ’
801 579 977 638 rouunms
1002 577 1224 650 auncunnm,
1436 579 1660 644 romanamet

348 761 432 810 nam
451 735 497 810 ad
513 735 722 832 magnificat
743 734 921 810 intonavit
939 737 1049 833 Papa,
1071 735 1271 812 secundum
1291 734 1486 811 cardinalis
1503 734 1657 818 Medicas,

350 860 495 935 tertium
523 860 717 936 cardinalis
741 859 1012 952 Reeanatansis‚
1039 867 1208 958 quartum
1234 885 1264 934 s.
1296 859 1482 948 praxedis,
1514 858 1660 956 quintum

348 1010 377 1058 s.
400 984 559 1060 Severini
574 1008 582 1075 3
604 984 676 1060 alia
691 1007 793 1059 more
810 984 931 1060 solito.
948 988 988 1059 ln
1004 985 1190 1061 matutinis
1206 989 1305 1083 Papo
1318 1009 1392 1059 nou
1406 984 1488 1075 luit,
1506 1008 1572 1058 neo
1583 1007 1660 1082 ego;

347 1110 541 1185 cardinalis
568 1111 785 1186 cusentinus
811 1111 898 1186 lecit
922 1109 1108 1200 olticium;
1133 1110 1376 1186 interfuerunt
1393 1135 1458 1186 sex
1480 1110 1540 1185 alii
1560 1111 1662 1186 cardi-

348 1235 461 1324 nales,
479 1234 648 1310 videlicet
663 1235 895 1328 arborensis,
915 1235 1144 1326 Mutinensis,
1164 1236 1339 1326 Estensis,
1362 1235 1568 1327 Cesariuus,
1587 1241 1662 1311 Far-

347 1359 468 1434 nasius
493 1366 529 1434 et
552 1361 709 1461 Borgia;
736 1364 779 1435 D.
808 1360 1005 1436 Honolrius
1023 1361 1122 1451 cole,
1145 1361 1388 1438 subdiaconus
1411 1362 1565 1460 capelle,
1588 1362 1662 1436 dixit

334 1463 544 1561 'secundam
561 1486 724 1560 missam.

963 1868 1062 1939 MDll

395 2204 500 2274 Anno
524 2225 546 2274 a
572 2198 761 2273 nativitato
789 2196 935 2272 Domini
966 2199 1073 2284 MCll,
1103 2194 1161 2269 die
1188 2197 1343 2286 sabbati,
1378 2204 1423 2274 25
1451 2201 1655 2276 decembris.

346 2328 441 2400 sesto
466 2324 666 2398 nativitatis
689 2321 888 2397 Salvatoris
914 2323 957 2394 ll.
983 2324 1024 2394 N.
1048 2325 1080 2394 J.
1106 2321 1253 2412 Christi,
1280 2325 1467 2399 Sanctitas
1494 2331 1537 2401 D.
1557 2325 1657 2400 nostri

346 2451 444 2526 venit
462 2447 786 2549 processionaliter
805 2447 851 2520 ad
867 2445 1057 2520 basilicam
1076 2472 1103 2520 s.
1121 2445 1220 2521 Petri
1238 2447 1360 2547 inqua
1378 2451 1578 2526 celebravit
1593 2451 1650 2524 mis

347 2601 425 2652 sam
444 2576 658 2652 solemnem.
681 2571 885 2647 Cardinalis
908 2572 1168 2670 Neapolitanus
1189 2573 1256 2648 luit
1279 2575 1475 2664 assistens;
1504 2575 1658 2651 Senensis

346 2703 438 2778 dixit
454 2700 649 2800 epistolam
666 2699 819 2774 latinam
835 2703 871 2772 et
887 2697 1084 2772 Lucentius
1102 2697 1147 2771 de
1165 2698 1361 2786 Cosciariis
1379 2701 1573 2798 epistolam
1589 2725 1659 2798 gre-

346 2851 442 2918 cam,
461 2826 491 2899 si
509 2829 610 2899 recte
626 2823 791 2914 memini,
812 2827 855 2897 D.
873 2821 1033 2912 Alexius,
1048 2821 1239 2921 episcopus
1256 2823 1549 2922 Gallipolitanus‚
1568 2848 1658 2900 eran·
1733 2887 1734 2918 p

347 2951 482 3052 galium
513 2973 677 3050 grecum.
711 2953 754 3023 D.
792 2947 1046 3022 Ferdinondus
1080 2951 1288 3040 Ponzettus‚
1318 2949 1478 3026 clericus
1511 2973 1652 3038 camere,

346 3076 506 3176 portavit
525 3097 650 3149 ensem
669 3073 788 3148 eundo
811 3077 848 3146 et
868 3053 1159 3148 redeundo'ante
1177 3073 1354 3173 acolytos,
1376 3075 1608 3152 thuriferario
1624 3097 1657 3148 ac

346 3199 581 3276 ceroferariis
604 3204 687 3273 ante
710 3220 860 3272 erucem
882 3196 1148 3272 incedentibus.
1167 3199 1331 3300 Primam
1348 3225 1484 3298 aquam
1506 3201 1654 3276 manibus

347 3330 443 3426 Papa
459 3326 561 3402 dedit
577 3329 704 3401 orator
722 3323 821 3422 regis
839 3323 1113 3420 Hispaniarum,
1130 3325 1329 3400 secundam
1345 3329 1387 3400 D.
1405 3325 1654 3426 Sigismundus,

344 3453 460 3527 frater
488 3450 687 3528 cardinalis
711 3448 884 3541 Estensis,
912 3450 1059 3524 tertiam
1087 3453 1129 3524 D.
1155 3451 1419 3542 Fordinandus,
1440 3452 1556 3529 frater
1572 3451 1654 3549 ejus-

345 3578 443 3669 dem,
463 3582 633 3676 quartam
651 3575 723 3650 dux
741 3574 970 3652 Valentinus.

396 3703 497 3795 Heri,
524 3701 759 3776 ante'horam
786 3723 1040 3799 vesperorum,
1070 3704 1133 3778 SS.
1163 3705 1207 3778 u.
1234 3709 1361 3779 noster
1387 3705 1569 3781 commisit
1590 3698 1655 3778 dari

345 3829 467 3904 locum
486 3828 523 3900 in
544 3829 664 3925 primo
691 3827 807 3924 gradu
831 3826 911 3899 solii
937 3826 1182 3918 Fordinando,
1202 3833 1239 3904 et
1261 3830 1297 3903 in
1316 3831 1486 3927 proximo
1508 3823 1652 3928 sequenti
1731 3859 1732 3908 ξ

346 3957 389 4027 Ι).
412 3951 660 4050 Sigismundo‚
688 3951 865 4025 fratribus
886 3951 1082 4026 cardinalis
1101 3954 1261 4028 Estensis
1283 3959 1320 4030 et
1337 3956 1451 4030 voluit
1468 3981 1531 4032 eos
1547 3955 1654 4030 incen-

347 4077 420 4152 sari
438 4081 474 4151 et
498 4075 551 4150 eis
568 4053 650 4149 dari
672 4097 802 4173 pacem
820 4079 905 4150 ante
923 4075 1135 4150 assistentes
1157 4082 1192 4151 et
1209 4078 1301 4154 alios
1317 4079 1498 4178 prelatos;
1522 4077 1610 4177 quod
1625 4077 1654 4146 ct

345 4203 569 4277 factumest.

395 4331 437 4401 D:
459 4325 616 4400 Annibal
639 4323 862 4417 Bentivolus,
893 4323 1066 4400 Nicolaus
1088 4325 1132 4399 de
1155 4325 1325 4424 Corrigia
1348 4332 1384 4402 et
1410 4329 1507 4404 lilius
1530 4346 1606 4402 suus
1624 4322 1653 4392 et

346 4453 471 4551 plures
494 4450 556 4525 alii
582 4473 697 4548 usque
726 4449 772 4524 ad
797 4473 994 4524 numerum
1020 4474 1083 4523 sex
1107 4451 1164 4524 vel
1188 4451 1288 4526 circa
1314 4451 1524 4528 habuerunt
1548 4451 1651 4526 locum

346 4601 459 4675 osque
484 4577 529 4652 ad
557 4574 769 4649 interiorem
793 4574 948 4674 gradum
976 4574 1058 4648 solii
1080 4579 1177 4674 Pape
1195 4581 1279 4650 ante
1298 4581 1507 4653 senatorem
1529 4581 1563 4650 ct
1578 4589 1650 4648 con«

345 4708 551 4778 servatores
574 4699 696 4791 Urbis,
721 4701 766 4776 de
795 4725 969 4798 expresso
996 4700 1167 4776 mandato
1195 4703 1305 4800 Papa.
1337 4703 1442 4779 [licto
1470 4695 1649 4798 evangelio,

343 4923 370 4979 ln
387 4940 441 4980 una
457 4922 528 4979 testa
544 4925 571 4978 et
586 4916 718 4978 bonarda
731 4935 807 4976 come
821 4936 836 4976 a
854 4925 963 4993 questa,
977 4935 993 4976 e
1007 4918 1088 4977 erede
1101 4937 1185 4978 nasos
1198 4921 1249 4979 obe
1267 4919 1292 4979 lo
1307 4939 1396 4982 nuovo
1410 4921 1437 4982 di
1452 4919 1562 4982 Francia
1575 4931 1621 4975 non
1633 4909 1648 4966 ll

342 5011 465 5086 piaccino
482 5011 576 5082 molto,
591 5027 664 5067 come
684 5009 713 5065 lo
727 5009 888 5065 liberatione
911 5011 942 5065 di
961 5011 1098 5082 Monstra.
1119 5012 1247 5079 moenio,
1272 5010 1378 5069 bancho
1397 5029 1449 5070 sua
1472 5000 1647 5069 Sanctiudie

341 5102 391 5156 ohe
405 5105 487 5158 none
502 5119 576 5171 vero,
591 5117 636 5156 mo
650 5099 701 5156 ohe
715 5097 752 5154 ha
761 5096 866 5154 chiesto
879 5097 907 5153 di
917 5097 1006 5172 gratia
1019 5099 1094 5157 alltc
1107 5101 1139 5156 dt
1149 5106 1244 5172 potore
1258 5103 1364 5158 andare
1374 5103 1410 5158 ad
1421 5105 1532 5158 visitare
1546 5089 1647 5152 turcot-

341 5189 445 5246 duoa...
461 5189 557 5260 Rome,
569 5207 647 5246 xxnu
665 5187 814 5246 decembris
824 5186 994 5263 Mccocct,
1006 5187 1168 5247 l'ranoiscua
1181 5189 1338 5265 cappellus.
1360 5212 1374 5246 a
1391 5191 1477 5264 (Clas.
1496 5189 1528 5261 x,
1545 5185 1604 5244 dist.
1620 5179 1643 5242 2»

341 5277 401 5335 lllza
414 5279 459 5348 51,
475 5295 492 5335 a
506 5297 530 5335 o.
545 5279 621 5351 250.)
