3506 6034
91 649 205 716 [lauder
219 653 294 718 15⁰3]
416 652 543 712 RERUM
568 653 797 713 URBANARUM
818 655 1082 714 communituri.
1374 665 1429 720 229

89 811 220 884 llabuit
252 817 341 887 aute
375 835 413 886 se
443 809 627 908 pulpitum
655 832 849 884 commune
877 834 961 884 cum
990 835 1110 908 panno
1144 819 1179 887 et
1204 813 1350 888 cossino
1383 816 1426 888 de

87 935 307 1028 bracchom,
338 939 385 1012 ad
418 935 763 1036 genuflectendum:
803 941 886 1033 post
921 960 1004 1010 eum
1040 937 1086 1010 ad
1124 938 1281 1035 spatium
1319 941 1427 1014 unius

89 1085 201 1136 caune
219 1062 259 1136 iu
279 1061 409 1137 eodem
434 1083 583 1137 scamno
603 1063 639 1134 et
657 1059 729 1134 alio
748 1060 856 1133 simili
879 1062 1114 1136 transversali
1138 1064 1312 1138 sederunt
1334 1065 1427 1162 epis-

89 1187 168 1283 copi
188 1188 393 1261 Suanensis
413 1191 449 1262 et
468 1185 741 1282 Bisignauensis
759 1209 801 1258 ac
820 1189 863 1259 1).
886 1185 1091 1260 Alexander
1111 1188 1424 1285 prothonotariuS,

88 1311 200 1384 irater
236 1311 333 1387 Rmi.
366 1315 409 1385 D.
440 1310 636 1386 cardinalis
667 1335 697 1384 S.
729 1310 892 1384 Severini
918 1333 992 1384 non
1021 1309 1128 1409 louge
1162 1311 1246 1386 inde
1276 1312 1312 1385 in
1336 1336 1426 1386 nave

89 1435 219 1526 media,
249 1437 356 1535 juxta
386 1437 574 1511 columnas
607 1437 644 1510 in
679 1436 836 1510 scamnis
869 1435 1004 1532 paratis
1039 1437 1215 1510 sederunt
1249 1435 1426 1534 capellani

87 1560 250 1656 ejusdem
270 1562 367 1636 Rmi.
388 1565 431 1635 D.
452 1561 672 1636 cardinalis:
693 1561 816 1634 omnia
837 1560 1131 1652 benefecerunt,
1154 1565 1311 1658 excepto
1329 1561 1426 1656 quod

90 1691 169 1760 ante
188 1686 387 1762 introitum
408 1687 604 1784 missaper
625 1685 872 1760 celebrantem
898 1685 1049 1777 dicium,
1074 1687 1236 1762 nonfuit
1259 1686 1426 1761 incensa-

88 1818 161 1884 tum
180 1811 307 1885 altare
325 1811 500 1909 quianon
517 1819 598 1885 erat
615 1815 765 1908 paratus
780 1811 875 1908 ignis
890 1835 1001 1907 quem
1016 1810 1283 1908 aliquantulum
1298 1835 1428 1908 expec-

89 1937 255 2010 tavimus.
280 1937 386 2012 Dicta
402 1937 469 2011 luit
490 1941 631 2013 tantum
652 1960 724 2011 una
742 1937 883 2027 oratic,
902 1942 939 2010 et
957 1936 1029 2011 alia
1056 1960 1160 2010 more
1191 1937 1311 2012 solito.
1338 1939 1427 2012 Can-

90 2069 185 2136 torcs
205 2066 309 2162 Pape
330 2069 525 2138 cantarunt
549 2062 709 2154 missam,
737 2063 798 2160 qui
826 2061 992 2136 lecerunt
1016 2063 1147 2138 deinde
1171 2061 1364 2160 prandium
1390 2063 1427 2136 in

91 2187 259 2285 hospitali
279 2189 459 2287 predicto,
481 2195 517 2264 et
533 2211 601 2263 nos
619 2189 789 2280 ministri,
809 2211 892 2262 cum
909 2189 1134 2280 celebrante,
1160 2190 1195 2262 in
1215 2189 1325 2264 domo
1345 2212 1423 2262 sua.

136 2315 245 2388 Faria
276 2323 392 2406 sexta,
420 2320 466 2390 30
494 2315 582 2390 dicti
605 2315 742 2390 mensis
763 2314 983 2402 decembris,
1014 2313 1082 2386 luit
1109 2315 1187 2388 dies
1216 2315 1315 2390 clara
1341 2337 1425 2390 cum

94 2444 195 2514 nocte
211 2442 395 2538 sequenti.

137 2565 316 2656 Sabbata,
348 2573 388 2643 31
418 2567 639 2658 decembris,
666 2568 733 2642 luit
760 2565 837 2642 dies
866 2567 993 2641 clara:
1015 2569 1163 2642 luerunt
1186 2590 1334 2665 vespere
1365 2591 1426 2665 pa-

94 2688 189 2782 pales
206 2690 246 2764 in
265 2691 408 2789 capella
428 2693 570 2790 majore
595 2691 732 2789 palatii,
759 2697 861 2791 Papa
879 2699 1061 2792 presente.
1092 2696 1130 2766 ln
1150 2715 1233 2766 sero
1263 2698 1300 2766 ct
1317 2698 1425 2769 nocte

94 2819 282 2910 sequente,
302 2815 369 2891 luit
386 2823 529 2915 tempus
546 2816 869 2914 pluviosissimum.

139 2941 345 3033 bominica,
371 2948 386 3014 1
410 2941 547 3017 mensis
564 2942 735 3038 januarii,
755 2943 849 3018 testo
869 2945 1158 3020 circumcisionis
1177 2944 1324 3019 Domini
1339 2967 1426 3018 uos·
1468 2929 1471 2936 ’

98 3063 139 3136 tri
157 3069 243 3139 lesu
272 3066 417 3158 Christi,
442 3071 541 3164 Papa
563 3068 662 3140 venit
688 3067 734 3142 ad
758 3069 936 3166 capellam
963 3071 1180 3168 predictam,
1206 3071 1252 3144 ad
1275 3070 1424 3144 missam

99 3189 313 3283 solemnem,
336 3215 446 3289 quam
472 3191 667 3267 celebravit
691 3197 816 3268 Rmus.
846 3197 887 3268 l).
908 3195 1103 3270 cardinalis
1132 3197 1298 3271 Ursinus.
1328 3195 1425 3268 lnlra

99 3315 254 3408 missam,
278 3318 396 3392 lactus
416 3318 483 3392 luit
498 3317 670 3392 assistens
686 3323 728 3392 R.
756 3323 800 3394 b.
826 3322 1054 3410 FrauciscuS,
1085 3322 1279 3420 episcopus
1298 3321 1425 3417 Legio-

100 3443 228 3534 neusis,
250 3450 289 3518 et
308 3447 351 3516 D.
375 3442 670 3533 Bartholomeua,
696 3444 888 3543 episcopus
911 3446 1153 3538 BellunensiS,
1178 3447 1295 3522 iactus
1320 3450 1426 3522 assis-

99 3573 172 3641 tens
201 3571 247 3645 de
285 3591 410 3643 meuse
442 3569 586 3668 augusti
615 3569 788 3667 preterito
814 3595 822 3644 :
849 3571 996 3645 donavit
1022 3573 1127 3645 nobis
1153 3573 1244 3645 duos
1272 3575 1424 3648 ducatos

96 3692 253 3791 duplices
265 3717 333 3792 pro
352 3695 498 3768 strenis.
517 3699 607 3769 Tota
624 3695 682 3768 die
701 3703 736 3770 et
751 3701 859 3770 nocte
875 3703 1049 3794 sequente
1065 3697 1133 3770 fuit
1151 3697 1282 3795 pluvia.

17 3913 22 3920 Β
141 3821 292 3895 Factum
308 3819 512 3918 Seuogallie
524 3821 624 3894 sicse
642 3820 782 3896 babuit.
802 3821 1020 3896 Proiectissa
1033 3823 1159 3896 videns
1176 3846 1214 3897 se
1228 3847 1301 3896 non
1317 3847 1424 3920 posse

100 3945 266 4044 aufugere
282 3951 499 4043 potestatam
515 3945 617 4020 ducis
627 3945 897 4022 valentinensis
910 3946 972 4046 (l),
986 3949 1152 4024 oneravit
1164 3950 1254 4024 duas
1270 3950 1425 4026 barches

101 4070 201 4144 rebus
215 4076 255 4146 et
269 4071 373 4145 bonis
389 4071 555 4145 suiacum
571 4071 703 4169 quibus
718 4078 753 4144 et
768 4071 846 4168 ipsa
856 4097 922 4170 per
938 4097 1040 4149 mare
1056 4076 1222 4172 pervenit
1236 4077 1420 4165 Venetiae,

103 4199 133 4264 et
145 4194 180 4268 in
193 4219 346 4272 recessu
360 4219 426 4271 suo
439 4197 537 4270 misit
554 4195 897 4294 claves-Senogallie
908 4197 946 4270 in
961 4198 1055 4295 pelvi
1074 4205 1248 4298 argenteo
1269 4200 1328 4300 (2).

143 4322 246 4395 deria
271 4323 444 4412 secunda,
473 4325 493 4394 2
519 4322 655 4394 mensis
676 4322 847 4419 januarii,
869 4327 946 4396 tota
964 4323 1023 4395 die
1049 4329 1084 4397 et
1108 4349 1223 4422 usque
1241 4325 1425 4423 adplures

102 4441 198 4520 horas
214 4447 335 4521 noctis
351 4447 457 4544 pluit,
478 4453 512 4519 et
528 4469 612 4543 sepe
632 4445 790 4521 sortiter.

133 4721 155 4776 1.
169 4720 238 4796 Vog.
258 4719 286 4776 la
303 4717 425 4795 legatiou
440 4722 474 4778 de
488 4701 660 4779 Macbiavdlli
676 4726 776 4796 aupres
792 4723 829 4779 du
844 4723 898 4780 duc
916 4723 950 4778 de
975 4721 1146 4780 Valentinois
1162 4729 1189 4778 et
1199 4719 1226 4778 la
1240 4719 1346 4779 celebra
1361 4723 1425 4781 des-

105 4806 205 4882 cription
215 4811 254 4868 du
267 4827 405 4868 massacre
419 4811 454 4868 de
467 4810 636 4886 Siuigaglis.

133 4897 380 4958 adstanteme
395 4900 429 4957 dc
443 4901 626 4967 Monteleltre,
637 4919 723 4958 veuva
738 4903 772 4958 de
788 4903 856 4960 Jean
870 4901 904 4959 de
919 4903 946 4960 la
956 4901 1063 4958 ltovere
1074 4907 1101 4958 et
1115 4919 1190 4958 suam
1204 4901 1238 4959 de
1254 4903 1425 4961 Gnidobaldo

106 4983 216 5047 d'Urbin.
243 4991 331 5064 Aprbs
352 4989 465 5047 l’eutrtc
480 4989 657 5048 d'Oliveretto
672 4992 707 5048 de
722 4993 819 5048 Farmo
832 4996 848 5047 a
863 4990 1028 5066 Siniguglia,
1045 4990 1096 5047 elle
1118 4989 1209 5048 s’ttuit
1223 4991 1342 5066 refugite
1356 4993 1425 5050 dans

105 5071 126 5127 ln
138 5075 266 5146 citadclle,
281 5096 348 5136 avec
362 5097 413 5136 son
423 5079 508 5154 jaune
526 5079 571 5136 fils
588 5085 617 5136 et
630 5079 655 5136 le
669 5079 775 5138 celebre
798 5081 890 5138 Andre
912 5081 1005 5147 Dorta,
1026 5097 1064 5136 un
1079 5081 1130 5136 des
1146 5085 1251 5138 tuteurs
1273 5081 1348 5138 dccc
1363 5082 1424 5139 der·

106 5161 163 5221 nior.
177 5167 297 5242 lugeant
309 5173 385 5225 toute
405 5168 556 5226 resistance
581 5167 752 5242 impossible,
778 5169 861 5226 Dorio
873 5169 967 5226 sidat.
988 5169 1013 5225 la
1026 5168 1094 5225 luite
1117 5167 1151 5224 de
1165 5169 1269 5227 Jeanue
1283 5177 1310 5227 et
1325 5171 1359 5228 de
1374 5189 1425 5229 son

106 5249 204 5394 {isqui
219 5273 248 5314 se
259 5255 404 5344 ¹rendireut
415 5275 465 5332 par
479 5275 546 5330 mer,
562 5261 578 5315 t
594 5257 705 5316 Venise.
721 5258 791 5333 Voy.
811 5257 931 5332 Ugolini,
950 5255 1043 5316 Storio
1058 5259 1105 5316 det
1118 5261 1193 5315 conti
1211 5275 1225 5315 e
1244 5261 1327 5318 ducti
1342 5262 1424 5318 d'Ur·

125 5341 198 5414 'tat
213 5347 250 5412 11,
264 5365 293 5421 p.
310 5348 402 5406 113-5.
