3502 6036
345 644 394 702 151
797 638 972 703 lobannis
998 639 1217 712 1111111111,
1514 645 1594 708 [noua
1609 650 1670 716 1111

343 793 453 869 fuisse
470 793 628 892 positum
648 793 821 890 plicatum
838 793 944 889 juxta
964 815 1060 884 eum,
1083 794 1155 869 sive
1175 793 1242 870 sub
1259 796 1419 894 planeta,
1444 797 1522 872 siae
1541 797 1668 876 alibiet
1732 773 1733 858 Ϊ

343 920 394 992 sic
414 941 496 990 cum
519 939 562 992 eo
586 917 743 1015 sepeliri,
767 917 822 991 vel
846 917 881 990 in
903 917 1088 1015 sepultura
1107 925 1169 994 aut
1191 919 1296 1017 juxta
1317 944 1403 996 eum
1428 921 1500 994 sibi
1526 921 1666 1020 imponi.

341 1046 509 1119 Portatus
526 1041 593 1136 fuit
616 1042 654 1114 in
676 1041 795 1116 aulam
817 1065 987 1138 magnam
1012 1047 1108 1140 Papa
1133 1041 1178 1120 de
1204 1046 1361 1120 cameris
1383 1047 1464 1120 suis
1486 1053 1523 1121 et
1541 1047 1668 1143 positus
1732 1035 1733 1110 1

342 1192 451 1266 super
466 1167 682 1242 catalectum
694 1160 831 1248 ibidem
845 1175 1010 1264 paratum
1024 1191 1108 1242 cum
1122 1168 1229 1265 pallia
1246 1169 1408 1244 braccati
1425 1172 1625 1246 Innocentii
1643 1183 1670 1245 et

342 1293 619 1392 precedentibus
632 1292 781 1390 triginta
796 1292 1000 1380 intorticiis,
1018 1316 1087 1391 que
1104 1293 1158 1366 sui
1175 1293 1339 1368 scutiferi
1358 1295 1575 1392 portabant..
1596 1299 1670 1370 Par·

344 1425 439 1495 tatus
462 1419 530 1492 fuit
557 1442 622 1516 per
645 1418 843 1492 servitobes
868 1441 953 1492 suas
976 1441 1042 1515 per
1068 1418 1184 1492 scalas
1207 1443 1352 1492 camere
1376 1419 1582 1517 apostolice
1603 1422 1669 1496 siue

345 1568 452 1620 cruce
468 1551 504 1618 et
526 1545 605 1619 sine
624 1543 724 1617 clero
742 1548 843 1616 extra
861 1550 1004 1640 partam
1027 1543 1149 1640 palatii
1169 1567 1240 1640 que
1261 1545 1322 1619 dat
1342 1545 1488 1618 aditum
1508 1545 1671 1646 adporti-
1732 1543 1733 1632 ξ

343 1693 426 1746 aum
442 1694 472 1743 s.
491 1669 590 1742 Petri
604 1692 687 1743 curn
702 1691 822 1760 cruce,
842 1692 923 1742 mee
938 1669 1180 1757 ordinatione,
1198 1669 1294 1766 quod
1309 1693 1383 1742 non
1397 1669 1572 1744 11111111
1583 1672 1669 1766 quod
1732 1673 1733 1764 J

347 1819 435 1870 crux
450 1795 506 1868 ael
527 1793 646 1867 clerus
666 1815 731 1891 pro
751 1816 982 1891 quocumque
1004 1798 1147 1870 mortua
1172 1795 1346 1892 palatium
1369 1796 1498 1884 intrat,
1521 1795 1587 1870 nisi
1611 1821 1668 1892 pra
1732 1843 1733 1848 =

349 1920 425 1995 solo
445 1922 554 2016 Papa.
582 1917 793 1992 Beneficiati
818 1928 1039 2016 acceperunt
1059 1919 1192 1994 ibidem
1212 1944 1344 2019 corpus
1366 1927 1404 1994 et
1428 1945 1498 2018 per
1522 1920 1669 2017 quintam
1732 1931 1733 1956 ³

348 2033 493 2144 portam
509 2043 685 2118 intrantes
700 2050 890 2140 portarunt
904 2043 990 2118 illud
1007 2049 1105 2118 recta
1121 2045 1177 2118 via
1191 2046 1237 2118 ad
1254 2046 1434 2143 capellam
1456 2047 1493 2120 b.
1511 2043 1618 2120 llario
1632 2043 1668 2116 de
1732 2069 1733 2094 ³

350 2169 526 2244 febribus
543 2169 579 2242 in
595 2192 666 2265 qua
680 2168 865 2265 predictus
885 2169 1042 2243 Calixtus
1061 2175 1114 2244 est
1138 2170 1311 2268 sepultus
1332 2171 1394 2246 ubi
1415 2170 1596 2270 sepullum
1615 2167 1668 2241 luit
1732 2195 1733 2200 ¹

349 2297 385 2370 in
402 2293 534 2392 angula
550 2292 688 2390 capelle
706 2291 845 2382 Calixti,
857 2295 962 2390 juxte
976 2317 1133 2383 murum,
1152 2295 1198 2368 ad
1211 2295 1397 2370 sinistram
1415 2295 1597 2370 intrantis.
1612 2293 1668 2367 Vix

348 2419 588 2494 interfuerunt
605 2417 734 2492 decem
749 2417 871 2492 clerici
891 2420 928 2492 11
944 2419 1220 2516 superpelliciis,
1238 2419 1357 2494 nullus
1370 2421 1582 2510 canonicus,
1599 2416 1667 2513 quia

349 2570 422 2621 nan
438 2552 541 2622 erant
558 2553 595 2620 et
610 2569 683 2618 nou
698 2545 844 2620 fuerunt
858 2546 903 2619 ad
918 2544 989 2620 hoc
1006 2544 1215 2641 premoniti,
1237 2545 1356 2618 nullus
1374 2543 1573 2620 cardinalis
1583 2541 1668 2639 pala·
1732 2553 1733 2642 3

351 2673 390 2746 tii
407 2671 462 2767 vel
484 2671 644 2768 prelatus
666 2669 855 2744 associavit
876 2669 1103 2760 defunctum,
1131 2671 1194 2742 sed
1217 2670 1283 2744 soli
1304 2671 1516 2759 servitores,
1541 2668 1607 2741 duo
1625 2666 1668 2738 rel
1732 2715 1733 2718 ,

353 2807 443 2888 tres,
466 2806 501 2871 et
532 2795 725 2870 cardinalis
752 2794 981 2868 Mutinensis.
1015 2793 1228 2886 Defunctus,
1260 2795 1534 2893 quamprimum
1563 2790 1668 2864 emisit

352 2922 530 3020 spiritum,
548 2920 615 2992 fuit
629 2919 724 3014 lotus
741 2927 776 2994 et
793 2919 944 2994 vestitus
959 2919 1064 3012 bonis
1080 2919 1207 3016 pannis
1228 2919 1314 3011 suis,
1332 2919 1480 2994 meliori
1497 2917 1669 2992 rocchetta

352 3055 388 3120 et
404 3046 479 3118 suis
501 3045 635 3118 amictu
661 3050 698 3118 et
716 3044 861 3142 cingulo
884 3043 1061 3142 pulchris,
1085 3051 1121 3118 et
1145 3067 1254 3120 cruce
1273 3045 1449 3141 pectorali
1472 3068 1516 3118 ex
1538 3062 1620 3116 aura
1639 3045 1667 3108 et

353 3170 476 3268 perlis,
496 3193 607 3268 parva
631 3177 766 3258 tamen,
791 3177 839 3260 11,
864 3179 903 3242 11
927 3169 1146 3268 supradixi,
1174 3169 1361 3260 sandaliis,
1389 3167 1576 3256 tunicella,
1600 3162 1667 3235 dal-

354 3295 500 3401 matica,
519 3294 622 3384 stola,
642 3294 826 3393 manipula
842 3303 875 3369 et
893 3294 1040 3392 planeta
1052 3295 1097 3367 de
1113 3294 1237 3368 taffeto
1256 3293 1428 3384 violaceo,
1447 3293 1551 3368 novis
1565 3287 1669 3363 abira·

354 3420 471 3494 lechis
493 3419 566 3492 suis
589 3420 713 3494 rubeis
736 3419 1004 3516 pulcherrimis,
1030 3424 1169 3493 111111
1193 3422 1373 3493 Carmana
1393 3415 1592 3492 cameraria
1611 3432 1667 3484 sua

354 3545 407 3618 six
426 3545 581 3636 volente,
603 3551 639 3618 et
661 3547 770 3618 mitra
788 3569 854 3618 sua
877 3569 919 3618 ac
943 3544 1077 3618 annulo
1101 3544 1339 3634 coutralacto,
1364 3551 1400 3617 et
1416 3543 1553 3640 positus
1575 3556 1668 3631 super

354 3676 473 3766 tapete
492 3669 527 3742 in
543 3676 653 3758 terre,
674 3677 713 3742 ut
729 3669 920 3744 decentius
930 3669 1086 3766 jaceret,
1105 3691 1294 3764 quousque
1308 3668 1456 3741 daretur
1471 3679 1666 3761 responsum

356 3797 474 3891 Pape;
509 3798 546 3865 et
577 3793 737 3890 religiosi
763 3793 931 3890 legerunt
962 3793 1133 3866 continue
1155 3794 1259 3890 juxta
1283 3793 1497 3866 defunctum
1525 3784 1666 3862 officium

352 3922 601 4005 mortuorum;
620 3940 691 3990 una
705 3916 858 3992 candela
876 3940 1004 4016 grassa
1019 3919 1128 3990 trium
1142 3917 1318 3992 librarum
1335 3939 1445 4013 super
1464 3909 1664 3990 candelabra

356 4040 401 4113 ad
417 4048 525 4137 caput
545 4040 704 4115 defuncti
726 4041 843 4138 posita
865 4043 947 4132 fuit,
967 4042 1039 4116 alia
1058 4043 1102 4114 ad
1122 4042 1247 4140 pedes.
1267 4041 1454 4114 lutorticia
1471 4061 1543 4114 nou
1560 4036 1667 4132 patue-

357 4172 439 4238 runt
458 4164 543 4262 poni
567 4171 717 4263 propter
734 4167 940 4264 angustiam
961 4167 1031 4240 loci
1053 4175 1090 4239 et
1107 4190 1152 4240 ne
1172 4166 1343 4240 salarium
1370 4163 1617 4238 comburerent
1637 4157 1664 4222 et

356 4291 476 4362 lacum
496 4290 602 4364 nimis
618 4291 875 4366 calefacerent.
1349 4387 1350 4394 ἵ
1479 4275 1481 4286 ¹

405 4415 541 4488 Eadem
565 4416 669 4504 hora,
697 4441 778 4490 cum
806 4418 997 4492 defunctus
1023 4393 1233 4516 bujusmodi
1261 4425 1469 4514 portaretur
1494 4412 1539 4487 ad
1562 4399 1666 4500 sepul-

358 4563 473 4628 crum,
495 4543 591 4638 Papa
606 4541 710 4614 rediit
729 4565 772 4615 ex
792 4547 962 4616 Frascato
981 4545 1027 4616 ad
1048 4542 1180 4616 Urbem
1199 4550 1235 4615 et
1253 4565 1335 4614 curn
1353 4564 1397 4615 eo
1416 4529 1619 4614 Arborensis
1637 4525 1664 4593 at

358 4665 491 4764 Bargia
508 4671 542 4740 et
560 4667 779 4741 Cusentinus
801 4667 1017 4760 cardinales,
1043 4668 1104 4764 qui
1126 4689 1192 4765 per
1215 4666 1336 4764 plures
1353 4666 1431 4740 dies
1450 4669 1532 4738 ante
1551 4661 1664 4748 Papam

358 4791 493 4864 iverant
515 4790 561 4863 ad
583 4795 699 4864 terras
715 4791 1025 4882 Columnensium,
1047 4815 1114 4890 pra
1130 4793 1361 4889 possessione
1377 4791 1517 4864 illarum
1539 4773 1664 4855 nomint

359 4914 804 5014 Pontificisadipiscenda.
1479 5011 1483 5020 υ

409 5039 699 5134 Feriasecunda,
721 5043 894 5117 9mensis
912 5045 1070 5140 augusti,
1094 5043 1159 5116 luit
1179 5047 1360 5116 secretum
1380 5032 1620 5115 consistorium
1635 5020 1663 5090 iss

359 5171 430 5262 quo
456 5169 518 5240 SS.
540 5170 583 5240 D.
607 5174 734 5242 noster
758 5169 913 5264 prefecit
938 5168 1162 5244 cardinalem
1187 5149 1428 5240 Mutinensem
1455 5154 1594 5240 ecclesie
1609 5147 1663 5219 Ca·

359 5313 492 5387 puane,
515 5295 551 5363 ut
576 5316 697 5387 snpra.
724 5294 874 5382 vacanti,
901 5299 934 5366 et
960 5297 1083 5366 Rmus.
1111 5295 1152 5366 D.
1179 5291 1372 5365 cardinalis
1398 5265 1661 5368 1111111111111111
