3520 6036
83 577 312 640 [namneum]
406 577 533 636 RERUM
557 577 785 637 unssnnnnun
809 579 1070 638 COMMENTdel.
1348 581 1402 638 315

84 732 227 831 projecit
250 733 437 830 qualrinos
459 735 592 810 valoris
617 734 887 852 uniuqducati:
913 733 1080 834 in'altari
1103 733 1204 807 dedit
1226 734 1400 807 benedic-

83 858 207 932 tionem
225 881 309 933 cum
328 859 451 951 mitra,
477 860 640 936 ascendit
657 862 702 935 ad
720 861 931 957 sedemque
957 865 1039 934 erat
1056 859 1169 949 nuda,
1198 859 1399 932 canonico-

82 1006 156 1056 rum
171 983 316 1073 inertia,
339 985 399 1057 ubi
417 989 515 1082 Papa
532 987 674 1083 accepit
690 986 886 1060 canonicos
903 987 948 1060 ad
967 984 1210 1059 reverentiam
1229 988 1265 1056 et
1282 983 1402 1080 capel·

82 1107 186 1180 lanas.
220 1111 260 1181 ln
288 1109 393 1182 altari
425 1111 517 1184 nihil
544 1112 692 1203 obtulit,
723 1135 780 1184 mc
808 1117 931 1184 tamen
958 1110 1204 1184 admonente:
1241 1109 1397 1182 debebat

81 1231 214 1305 dedisse
231 1234 384 1308 ducatos
405 1235 532 1308 decem
552 1261 620 1332 pro
638 1237 858 1332 quibuslibet
878 1236 1087 1324 canonicis3
1109 1235 1253 1309 luerunt
1272 1239 1400 1330 postea

81 1356 156 1428 dala
172 1357 447 1454 quinquaginta.
476 1364 514 1432 lu
531 1361 613 1433 aula
630 1361 773 1434 concilii
800 1360 1008 1446 Alexandri,
1027 1360 1116 1434 dixit
1139 1359 1266 1434 laudes
1293 1381 1395 1432 more

81 1479 189 1554 solito.
209 1484 410 1558 Perventus
427 1509 540 1582 prope
563 1486 741 1584 capellam
759 1511 787 1558 s.
810 1485 995 1584 Sylvostri,
1018 1485 1082 1558 fuit
1103 1490 1203 1558 tauta
1220 1505 1398 1582 pressura

81 1603 214 1678 illorum
232 1606 450 1681 servitorum
463 1609 701 1682 cardinalium
719 1633 801 1682 cum
817 1609 955 1684 baculis
974 1609 1178 1692 etaliorum
1194 1610 1304 1705 quod,
1325 1629 1397 1680 nou

80 1732 255 1826 potuimus
274 1733 462 1806 ambulare
480 1735 526 1808 ad
546 1737 706 1810 mediam
722 1736 852 1809 horam
871 1735 925 1808 vel
944 1735 1063 1809 circa:
1085 1735 1233 1809 tandem
1254 1737 1397 1830 preter-

79 1855 187 1928 missis
210 1859 432 1931 ceremoniis
450 1859 578 1950 solitiS,
600 1863 698 1958 Papa
724 1884 808 1934 cum
837 1859 1084 1934 cardinalibus
1112 1866 1147 1931 et
1172 1857 1322 1954 prelatis
1341 1857 1398 1928 in-

80 1980 174 2052 travit
191 1981 370 2076 capellam
388 1989 423 2055 et
440 2007 524 2056 cum
536 1984 681 2081 pluviali
698 1989 735 2058 et
753 1985 873 2075 mitra,
895 1990 933 2058 ut
945 1989 1036 2074 erat,
1057 1983 1158 2056 dedit
1174 1981 1395 2079 presbyteris

78 2104 313 2178 cardinalibus
335 2107 425 2180 duos
453 2109 603 2182 duc-atos
631 2114 667 2183 et
697 2109 847 2207 prelatis
874 2131 987 2182 unum
1017 2108 1189 2180 ducatum
1220 2110 1257 2180 et
1283 2129 1395 2178 unum

77 2227 264 2320 carlenum,
292 2231 461 2305 similiter
483 2234 653 2306 omnibus
684 2234 969 2331 prothonotariis
997 2255 1112 2328 usque
1142 2230 1188 2303 ad
1212 2231 1396 2328 prolectas

77 2354 206 2428 navales
227 2355 416 2448 inclusive,
443 2365 479 2432 et
502 2359 688 2433 canonicis
707 2369 743 2433 et
761 2356 1278 2456 capellanis·lateranensibus
1296 2355 1397 2428 sirni-

75 2476 146 2550 liter
162 2503 276 2552 unum
295 2479 467 2555 ducatum
483 2490 519 2556 et
536 2508 645 2557 unum
663 2485 851 2558 carlenum
871 2489 907 2558 et
924 2483 1075 2556 totidem
1093 2481 1236 2555 clericis
1252 2503 1395 2554 camere

76 2605 106 2673 ot
127 2603 363 2695 Baltbassari,
384 2607 550 2682 familiari
575 2610 741 2699 sacriste;
769 2608 1006 2682 servientibus
1024 2628 1220 2696 armorum,
1242 2605 1278 2678 in
1294 2628 1396 2678 com-

75 2728 176 2818 muni,
197 2731 352 2806 ducatos
363 2755 426 2806 sex
439 2733 495 2806 vel
511 2733 607 2807 circa
624 2738 661 2808 et
677 2733 754 2808 lere
766 2734 917 2831 triginta
931 2733 985 2806 vel
1000 2733 1081 2830 plus
1092 2731 1270 2806 carlenos.
1290 2731 1396 2803 Dedit

77 2851 173 2926 ctiam
192 2853 336 2929 duobus
354 2858 409 2930 vel
428 2858 542 2932 tribus
561 2859 742 2933 scutiferis
759 2859 997 2932 cardinalium
1014 2879 1082 2955 pro
1101 2855 1263 2954 quolibet
1282 2879 1393 2928 nuum

75 2975 236 3053 ducatum
252 2986 419 3080 etunum
437 2984 641 3076 carlanum,
669 3009 742 3057 non
760 2984 852 3057 aliis.
881 2989 964 3062 Post
991 2983 1129 3056 exitum
1149 2981 1301 3079 capelle,
1326 2981 1394 3053 leci

76 3107 292 3179 ceremonias
303 3108 441 3182 solitas,
460 3109 511 3181 lbi
523 3110 711 3207 posuimus
724 3115 858 3207 Papam
870 3109 1015 3205 etprior
1030 3108 1141 3181 cinxit
1152 3129 1280 3180 zonam
1293 3106 1329 3177 in
1341 3129 1396 3180 se-

75 3231 180 3302 cunda
194 3232 279 3304 sede
296 3237 404 3330 Pape,
419 3241 568 3332 propter
584 3235 748 3332 pluviale.
771 3239 868 3332 Papa
887 3233 969 3308 inde
988 3234 1049 3306 ivit
1067 3233 1112 3305 ad
1124 3231 1302 3328 capellam
1319 3231 1395 3305 Sal-

75 3355 195 3428 vatoris
211 3357 286 3448 ubi,
306 3358 586 3450 laclaoratione,
598 3385 671 3434 non
683 3361 825 3451 obtulit,
839 3360 924 3457 qnia
935 3358 1187 3446 nonhabebat,
1202 3355 1389 3452 pecuniae,

76 3460 128 3550 sod
149 3483 329 3556 commisit
346 3487 554 3558 camerario
579 3487 676 3582 quod
696 3487 860 3560 mitteret
878 3485 1037 3558 solitum.
1064 3486 1161 3577 Papa
1184 3481 1286 3584 dedit
1306 3480 1393 3552 mibi

75 3627 131 3698 pro
144 3629 203 3678 me
220 3607 371 3682 ducatos
386 3609 477 3683 duos
495 3615 531 3683 et
550 3611 718 3684 carlenos
736 3611 842 3700 duos,
861 3609 1012 3683 totidem
1029 3612 1070 3682 D.
1088 3606 1296 3694 Francisco‚
1313 3605 1393 3678 the-

76 3733 243 3824 sacrario,
267 3735 417 3808 totidem
438 3759 503 3832 pro
532 3737 703 3833 episcopo
725 3736 931 3824 Laudiensi,
959 3738 995 3808 et.
1018 3757 1131 3838 unum
1159 3733 1333 3804 ducatum
1358 3734 1394 3803 et

76 3877 175 3928 unum
194 3857 382 3932 carlenum
400 3883 466 3956 pro
484 3861 584 3934 socio
607 3885 688 3934 meo
707 3861 804 3957 quod
821 3859 921 3956 ipsis,
942 3859 1000 3931 dio
1020 3856 1200 3953 sequenti,
1221 3854 1319 3928 dedi.
1343 3859 1393 3928 De

76 3981 200 4076 capella
217 3983 413 4058 Salvatoris
431 3987 528 4082 Papa
544 3985 605 4060 ivit
625 3987 670 4058 ad
688 3986 863 4082 palatium
878 3988 1161 4058 Lateranensem
1176 3981 1213 4054 in
1236 4003 1308 4076 quo
1329 3979 1393 4052 luit

76 4107 256 4197 prandium
276 4131 360 4181 cum
379 4108 675 4208 Rothomagensi,
700 4134 729 4182 s,
751 4109 910 4206 Georgii,
933 4105 1159 4182 Narbonensi
1184 4111 1219 4178 et
1238 4104 1391 4200 Borgia:

76 4226 125 4301 alii
152 4233 352 4307 cardinales
380 4235 415 4306 in
442 4235 701 4308 canonicorum
731 4233 898 4308 camaria.
927 4232 1127 4306 Prandium
1158 4229 1222 4302 luit
1249 4228 1392 4302 finitum

75 4353 161 4429 circa
177 4357 307 4432 boram
325 4359 538 4456 vigesimam
556 4365 736 4457 quartam.
759 4363 893 4432 Parum
913 4365 1007 4455 post,
1028 4359 1128 4452 Papa
1145 4354 1393 4428 ascenditmn-

75 4475 136 4552 lam
157 4481 191 4554 in
216 4484 352 4558 amictu
378 4484 473 4576 albo,
501 4485 658 4581 cingulo,
691 4485 784 4558 stola
809 4483 965 4580 pulchra
991 4506 1101 4578 super
1127 4479 1317 4578 capucium
1346 4480 1392 4550 dc

73 4607 260 4682 cremosino
276 4609 374 4706 quod
386 4610 541 4684 debebat
560 4633 638 4684 esse
663 4634 772 4706 super
799 4613 929 4706 caput:
958 4629 1026 4704 ego
1044 4630 1117 4679 non
1135 4603 1281 4678 interlui
1301 4603 1389 4675 dum

75 4725 243 4822 indueret,
261 4739 297 4806 et
315 4737 381 4807 sub
398 4735 539 4832 capello
558 4735 601 4808 de
618 4734 824 4808 cremesino
842 4733 1017 4829 equitavit
1034 4755 1102 4828 per
1120 4727 1277 4802 mediam
1295 4727 1390 4800 viam

75 4874 136 4946 qua
151 4863 298 4930 venerat
321 4882 434 4955 usque
457 4859 502 4932 ad
525 4859 675 4932 domum
698 4860 743 4931 de
763 4858 927 4930 Maximis
955 4864 990 4931 ct
1008 4857 1091 4928 inde
1112 4877 1179 4950 per
1200 4851 1390 4949 parionem

76 4979 113 5049 ad
137 5005 163 5053 s.
182 4985 326 5056 Petrum
345 5007 415 5080 quo
433 4985 529 5058 venit
547 4985 645 5057 circa
669 4983 798 5056 horam
819 4983 975 5056 tertiam.
1004 4984 1101 5077 Papa
1125 4976 1295 5074 equitavit
1316 4999 1391 5047 mo-

68 5100 157 5192 ⁸dioto
178 5112 259 5202 post
276 5131 422 5182 crucem
441 5114 477 5182 ct.
499 5109 703 5182 cardinales
722 5115 803 5206 post
820 5131 966 5181 crucem
990 5127 1093 5178 more
1119 5102 1237 5179 solito,
1259 5101 1390 5196 quibus

75 5227 154 5323 Papa
181 5233 276 5305 dedit
298 5235 481 5306 licentiam
502 5235 601 5308 cirea
620 5240 768 5330 pontem
788 5261 816 5303 s.
841 5233 980 5325 itingnli.
