3506 6034
380 555 434 622 roc
831 555 1007 616 rounuurs
1032 555 1255 630 concussor,
1536 562 1675 628 rumina

379 739 520 808 manus,
553 715 813 802 Salamitanus,
840 713 1139 810 caputaquensis,
1164 710 1392 801 Mutinensis,
1420 715 1599 804 Senensis,
1617 719 1680 791 lte-

378 844 477 918 dices
504 849 541 915 ct
569 839 774 915 Cesarinua
808 838 991 912 lntimatio
1024 837 1135 912 misse
1165 843 1201 912 et
1235 837 1414 912 sermonis
1440 838 1508 912 fuit
1532 839 1621 922 iacta
1644 843 1676 916 de

378 967 548 1043 mandato
566 971 675 1064 Pape,
697 968 805 1062 prout
820 963 858 1037 in
879 963 1021 1036 duabus
1039 962 1319 1061 precedentibus
1340 963 1544 1052 dominicis,
1565 974 1598 1040 et
1612 968 1676 1062 quia

311 1069 316 1080 ⁵
377 1099 440 1170 SS.
460 1098 499 1168 [t.
519 1094 756 1178 nusiamento
780 1111 965 1163 recessum
982 1111 1087 1161 snum
1105 1090 1151 1162 ab
1167 1089 1275 1175 Urbe,
1295 1112 1370 1163 non
1390 1089 1567 1164 concessit
1581 1091 1677 1164 indul-

376 1220 517 1319 gentias
538 1214 839 1291 interessentibus
857 1213 975 1287 missis
999 1213 1151 1310 publicis
1172 1213 1208 1286 in
1224 1214 1364 1310 capella
1384 1213 1678 1311 predictaduabus

376 1343 653 1444 precedentibus
668 1345 705 1416 et
720 1340 882 1438 presenti
899 1339 1082 1412 dominica
1100 1338 1284 1428 dicendas,
1302 1343 1428 1412 Rmus.
1449 1343 1498 1413 D.
1510 1339 1679 1413 cardinalis

375 1469 639 1546 Alexandrinus
661 1465 813 1564 signavit
832 1487 944 1562 super
963 1463 1173 1562 hujusmodi
1192 1463 1454 1562 indulgentiam
1476 1487 1675 1556 concessam,

376 1619 484 1692 quiam
499 1594 549 1667 illi
561 1593 621 1690 qui
639 1590 790 1688 singulis
808 1589 938 1664 dicbus
949 1588 1141 1663 dominicis
1158 1589 1369 1686 hujusmodi
1385 1591 1677 1665 sermoncmler-c-

375 1728 473 1809 ruint,
493 1718 736 1817 publicarunt,
757 1739 858 1789 more
873 1715 979 1788 solito
1000 1738 1008 1786 :
1032 1717 1110 1788 erat
1126 1713 1255 1788 cedula
1272 1714 1410 1788 tenoris
1428 1716 1626 1811 sequentis:

423 1877 439 1914 «
458 1848 557 1918 Motu
576 1841 724 1940 proprio
741 1840 909 1914 omnibus
925 1847 962 1914 et
981 1839 1133 1935 singulis
1153 1838 1282 1912 Christi
1303 1838 1473 1912 fidelibus
1492 1841 1552 1936 qui
1573 1839 1678 1914 officiis

376 1972 569 2044 missarum
584 1965 808 2066 publicarum
833 1987 904 2061 quc
923 1969 1037 2039 Rome
1059 1965 1096 2037 in
1116 1963 1256 2061 capella
1279 1963 1417 2062 majore
1451 1963 1570 2061 palatii
1586 1965 1676 2038 nostri

375 2093 471 2193 apud
490 2101 526 2171 S.
546 2096 706 2182 Petrum,
720 2097 754 2182 2,
777 2095 811 2180 3,
831 2096 865 2180 1,
885 2089 1106 2165 5domiuicis
1125 2089 1305 2187 preteritis
1321 2089 1678 2187 quadragesimeccle

376 2223 536 2306 brantur,
565 2216 803 2304 interfuerint,
836 2223 976 2311 septem
998 2237 1112 2287 annos
1133 2220 1170 2288 et
1197 2213 1349 2287 lotidem
1374 2214 1621 2313 quadragenas
1642 2217 1675 2290 dc

375 2368 458 2419 vera
474 2341 698 2439 indulgentia
711 2341 749 2414 in
764 2339 883 2414 forma
896 2338 1056 2413 Ecclesia
1073 2345 1249 2412 consucta
1266 2339 1503 2413 concedimus
1518 2348 1553 2414 et
1570 2341 1677 2437 elargi-

375 2493 473 2558 mur,
502 2465 717 2540 manduntes
743 2462 986 2560 indulgentias
1009 2461 1218 2559 hujusmodi
1246 2462 1571 2555 interesscnlibus,
1595 2487 1674 2536 more

374 2592 492 2682 solito,
514 2591 691 2680 nunciam,
718 2587 754 2663 in
781 2587 1002 2664 contrarium
1022 2587 1251 2677 iacientibus,
1276 2611 1350 2662 non
1374 2588 1596 2664 obstantibus
1613 2587 1675 2686 qui·

374 2719 597 2814 buscumque
626 2714 823 2804 concessis,
853 2721 954 2786 motu
980 2713 1141 2810 proprio,
1172 2713 1209 2786 in
1234 2713 1419 2810 presentia
1440 2717 1487 2788 D.
1509 2719 1549 2789 N.
1572 2737 1672 2812 pape:

371 2842 569 2930 lohannes,
594 2838 785 2915 cardinalis
808 2837 1085 2926 Alexandrinus,
1112 2843 1148 2912 et
1169 2837 1393 2936 presentium
1416 2839 1494 2914 sola
1518 2840 1674 2936 signatura
1736 2813 1737 2852 ³

374 2965 541 3040 sulliciat.
564 2995 582 3032 ιι
1286 2967 1291 2978 ·

422 3089 526 3164 Faria
542 3090 716 3180 secunda,
734 3089 831 3163 circa
850 3093 997 3165 tertiam
1015 3090 1145 3164 boram
1161 3089 1291 3182 noctis,
1317 3093 1380 3166 SS.
1406 3093 1673 3167 D.Nosle1·cun

373 3214 614 3290 cardinalibus
642 3221 679 3289 et
703 3215 841 3289 familia
864 3239 943 3306 sua,
974 3214 1071 3288 venit
1095 3218 1304 3304 cornetum,
1330 3215 1391 3289 ubi
1420 3215 1608 3314 permansit
1625 3236 1675 3312 per

374 3345 485 3414 totam
511 3339 608 3414 diem
626 3347 857 3437 sequentem;
882 3338 966 3436 [die]
991 3340 1163 3414 mercurii
1185 3338 1352 3437 proxima
1379 3341 1533 3416 recessit
1553 3339 1625 3414 inde
1645 3341 1673 3410 cl

374 3466 468 3540 venit
488 3465 673 3541 Civitatem
688 3469 860 3542 Veterem
879 3464 940 3538 ubi
960 3465 1185 3562 pernoctavit
1204 3489 1287 3538 cum
1308 3465 1478 3540 omnibns
1502 3490 1562 3541 sex
1579 3463 1674 3538 cardi·

373 3589 514 3664 nalibus
531 3589 702 3688 predictis
718 3613 760 3664 ac
776 3588 876 3663 omni
886 3587 1024 3662 familia
1038 3597 1075 3663 et
1094 3591 1205 3680 duce;
1228 3589 1286 3666 die
1301 3588 1394 3688 jovis
1409 3589 1582 3690 sequenti,
1597 3585 1674 3660 uenit

371 3715 418 3788 ad
432 3714 648 3805 Palum,ubi
664 3715 832 3788 similiter
846 3714 1072 3811 pernoctavit
1087 3713 1148 3814 (1).
1366 3719 1370 3728 ’

417 3841 585 3930 Veneris,
606 3845 644 3914 ll
664 3841 787 3915 martii
804 3841 1013 3938 supradicti,
1031 3840 1265 3916 circahoram
1280 3845 1422 3934 XXllll,
1444 3843 1582 3918 intrarit
1597 3835 1674 3937 pula-

407 4083 434 4138 1.
454 4105 504 4140 ιι...
521 4081 574 4151 Qut
587 4080 722 4138 s'inteode
735 4081 785 4138 che
799 4080 818 4137 il
830 4081 907 4156 Papa
920 4087 948 4138 el
963 4083 1048 4152 Daca,
1065 4083 1152 4140 sendo
1166 4083 1263 4142 sabato
1278 4084 1306 4140 in
1326 4087 1462 4144 cammino
1481 4103 1529 4162 per
1543 4079 1671 4144 lomamcd

371 4171 458 4230 Roma
476 4188 524 4246 per
546 4187 631 4240 mare,
654 4169 762 4228 hebono
776 4176 867 4246 tempo
889 4170 1002 4229 sinistro
1023 4177 1052 4228 et
1075 4171 1219 4230 contrario.
1237 4173 1270 4230 Et
1292 4173 1308 4230 il
1332 4174 1408 4232 Duco
1431 4176 1483 4233 ebe
1498 4173 1578 4234 crain
1591 4183 1671 4229 suono

371 4260 495 4335 galeone,
518 4260 568 4316 che
589 4251 690 4335 meglio
707 4259 730 4316 si
745 4259 830 4317 dilese
845 4258 914 4317 delle
935 4260 1006 4317 onds
1025 4259 1069 4318 del
1090 4279 1174 4332 mare,
1197 4259 1313 4328 benene,
1328 4271 1439 4338 passato
1453 4265 1472 4322 il
1485 4267 1573 4324 Monte
1585 4263 1671 4332 niger·

371 4351 439 4408 torio
462 4348 574 4408 barensi
592 4347 663 4406 dalla
685 4349 795 4420 luticba,
809 4355 912 4418 umen,
934 4367 1009 4408 come
1023 4350 1071 4426 piu
1088 4351 1224 4418 animoso,
1245 4355 1330 4425 passo
1349 4353 1443 4411 ovanti
1466 4361 1494 4412 et
1505 4348 1671 4410 androtione

370 4440 431 4497 nica
443 4457 504 4498 sera
515 4455 533 4496 a
546 4437 673 4508 Corneto,
697 4455 816 4496 manen
837 4455 920 4496 sacza
942 4437 1061 4512 pericolo
1080 4438 1107 4495 di
1131 4457 1161 4496 se
1185 4445 1213 4496 et
1232 4455 1319 4514 paura
1333 4442 1437 4515 grande
1452 4444 1502 4500 che
1521 4441 1540 4497 il
1553 4441 1618 4512 Papa
1630 4449 1671 4490 nou

368 4529 436 4586 tussi
450 4527 569 4603 capituto
584 4525 666 4588 male.
685 4527 722 4584 Le
739 4526 817 4601 galee
837 4527 907 4585 dove
928 4545 975 4584 era
995 4526 1013 4583 il
1037 4525 1113 4601 Papo
1127 4533 1154 4584 et
1168 4525 1186 4583 li
1202 4527 1351 4600 Cardinali,
1368 4549 1422 4588 non
1438 4531 1553 4606 potando
1567 4527 1671 4584 resistere

368 4621 403 4677 ed
422 4618 476 4677 tale
495 4618 613 4686 fortuna,
632 4617 703 4691 dopo
730 4617 847 4691 qualche
871 4617 997 4674 dibattito
1019 4621 1046 4673 et
1069 4617 1096 4672 di
1122 4634 1233 4674 manera
1257 4618 1308 4674 che
1323 4637 1378 4676 non
1399 4621 1450 4676 che
1465 4618 1490 4677 al
1509 4620 1579 4693 Papa
1597 4604 1671 4670 maol

369 4707 481 4768 marinai
492 4725 575 4783 parve
587 4723 679 4764 essere
693 4707 722 4764 iu
743 4706 858 4780 qualche
871 4705 1002 4782 periculo,
1024 4724 1079 4764 non
1100 4724 1184 4764 sanna
1205 4707 1345 4780 lachrime,
1360 4709 1412 4766 cho
1427 4707 1585 4784 comprendo
1596 4717 1640 4759 non
1651 4695 1670 4752 ri

369 4799 396 4855 tu
410 4797 617 4856 Cardinalenon
634 4796 774 4872 pinguessi
789 4803 816 4853 ct
831 4795 912 4853 etiam
933 4796 1075 4853 vomitassi
1098 4795 1187 4852 insino
1203 4796 1254 4853 alle
1277 4804 1381 4868 curate,
1398 4816 1516 4872 presono
1536 4813 1579 4872 per
1591 4787 1670 4867 partib

367 4905 414 4962 per
428 4886 515 4945 solute
529 4887 596 4958 loro,
612 4887 707 4943 cedere
719 4883 772 4942 olla
791 4885 911 4956 fortune,
923 4893 950 4944 et
964 4903 1047 4942 sanzo
1066 4885 1166 4942 andare
1186 4883 1233 4959 piu
1249 4885 1352 4957 avanti,
1369 4887 1393 4944 si
1409 4887 1553 4944 ridussono
1567 4884 1590 4938 in
1603 4880 1670 4936 Porto

367 4973 492 5048 Hercule,
508 4977 598 5034 donde
620 4991 670 5050 per
681 4981 754 5032 terra
768 4991 798 5031 se
818 4993 853 5032 ne
866 4991 935 5034 sono
948 4974 1049 5033 tornati
1064 4975 1099 5032 sd
1113 4975 1243 5044 Corneto,
1258 4980 1286 5031 et
1301 4969 1409 5034 domani
1425 4997 1442 5034 a
1456 4993 1517 5034 sero
1530 4961 1670 5032 sarnuntol

365 5066 598 5125 Ciuitaveccbia...
614 5087 627 5117 ιι
657 5065 744 5122 Rome
765 5064 811 5139 vnj
828 5066 914 5122 martii
941 5066 1021 5122 1501.
1047 5062 1180 5134 Sarritor,
1197 5063 1361 5122 Franciscus
1388 5067 1534 5142 Coppellus
1551 5057 1670 5118 mandatu·

365 5151 431 5209 rius.
450 5177 463 5202 ιι
481 5153 565 5225 (Clas.
578 5153 614 5220 ll,
631 5153 698 5210 dist.
714 5171 742 5222 n,
759 5152 820 5210 filza
833 5155 879 5224 50,
891 5171 907 5211 o
917 5173 941 5211 c.
955 5153 1028 5226 130.)
1044 5155 1081 5210 Le
1091 5171 1161 5228 pope
1176 5157 1268 5210 rantra
1282 5153 1306 5210 le
1319 5155 1352 5212 10
1366 5171 1440 5212 mars
1454 5155 1567 5212 alione.
1583 5169 1623 5204 1„-
1637 5139 1669 5198 11

365 5239 433 5298 bora
448 5243 523 5316 xxurj
539 5247 669 5300 sensato
683 5241 701 5299 il
714 5238 788 5317 Papa
801 5242 827 5298 in
839 5241 927 5300 Romo
937 5259 987 5300 con
998 5242 1149 5300 bonissima
1159 5250 1255 5300 caract
1269 5243 1352 5302 molto
1365 5243 1462 5306 licto...
1471 5265 1485 5296 ιι
1497 5243 1545 5315 (td.
1555 5255 1600 5296 ac.
1610 5232 1668 5295 nt.)
