<?xml version="1.0" encoding="UTF-8"?>
<!DOCTYPE html PUBLIC "-//W3C//DTD XHTML 1.0 Transitional//EN"
    "http://www.w3.org/TR/xhtml1/DTD/xhtml1-transitional.dtd">
<html xmlns="http://www.w3.org/1999/xhtml" xml:lang="en" lang="en">
 <head>
  <title>
</title>
<meta http-equiv="Content-Type" content="text/html;charset=utf-8" />
  <meta name='ocr-system' content='tesseract 3.04.00' />
  <meta name='ocr-capabilities' content='ocr_page ocr_carea ocr_par ocr_line ocrx_word'/>
</head>
<body>
  <div class='ocr_page' id='page_1' title='image "./johannisburchar03burcgoog/johannisburchar03burcgoog_0330.png"; bbox 0 0 3506 6034; ppageno 0'>
   <div class='ocr_carea' id='block_1_1' title="bbox 358 571 1672 645">
    <p class='ocr_par' dir='ltr' id='par_1_1' title="bbox 358 571 1672 645">
     <span class='ocr_line' id='line_1_1' title="bbox 358 571 1672 645; baseline -0.003 -9"><span class='ocrx_word' id='word_1_1' title='bbox 358 579 412 638; x_wconf 81' lang='lat'>252</span> <span class='ocrx_word' id='word_1_2' title='bbox 812 571 986 632; x_wconf 82' lang='lat' dir='ltr'>JOHANNIS</span> <span class='ocrx_word' id='word_1_3' title='bbox 1010 571 1232 644; x_wconf 81' lang='lat' dir='ltr'>BURCHARDI,</span> <span class='ocrx_word' id='word_1_4' title='bbox 1525 577 1601 642; x_wconf 79' lang='grc'><strong>[1011</strong></span> <span class='ocrx_word' id='word_1_5' title='bbox 1614 580 1672 645; x_wconf 67' lang='lat' dir='ltr'>{tlt}</span> 
     </span>
    </p>
   </div>
   <div class='ocr_carea' id='block_1_2' title="bbox 238 727 1703 5332">
    <p class='ocr_par' dir='ltr' id='par_1_2' title="bbox 357 727 1674 1954">
     <span class='ocr_line' id='line_1_2' title="bbox 361 727 1672 827; baseline -0.001 -20"><span class='ocrx_word' id='word_1_6' title='bbox 361 733 510 808; x_wconf 91' lang='lat' dir='ltr'>omniuo</span> <span class='ocrx_word' id='word_1_7' title='bbox 538 727 796 807; x_wconf 84' lang='lat' dir='ltr'>desiderabant</span> <span class='ocrx_word' id='word_1_8' title='bbox 821 727 991 824; x_wconf 59' lang='lat' dir='ltr'>exequias</span> <span class='ocrx_word' id='word_1_9' title='bbox 1015 751 1094 800; x_wconf 88' lang='lat' dir='ltr'>cras</span> <span class='ocrx_word' id='word_1_10' title='bbox 1120 727 1212 820; x_wconf 83' lang='lat' dir='ltr'>fieri,¹</span> <span class='ocrx_word' id='word_1_11' title='bbox 1240 727 1436 827; x_wconf 83' lang='lat' dir='ltr'>collegium</span> <span class='ocrx_word' id='word_1_12' title='bbox 1459 731 1672 807; x_wconf 86' lang='lat' dir='ltr'>commiserat</span> 
     </span>
     <span class='ocr_line' id='line_1_3' title="bbox 360 852 1670 953; baseline 0.002 -21"><span class='ocrx_word' id='word_1_13' title='bbox 360 863 403 932; x_wconf 85' lang='lat' dir='ltr'>b.</span> <span class='ocrx_word' id='word_1_14' title='bbox 429 859 588 932; x_wconf 80' lang='lat' dir='ltr'>Adriano</span> <span class='ocrx_word' id='word_1_15' title='bbox 619 858 663 930; x_wconf 92' lang='lat' dir='ltr'>de</span> <span class='ocrx_word' id='word_1_16' title='bbox 688 854 853 953; x_wconf 87' lang='lat' dir='ltr'>Caprinis</span> <span class='ocrx_word' id='word_1_17' title='bbox 878 853 922 926; x_wconf 93' lang='lat' dir='ltr'>de</span> <span class='ocrx_word' id='word_1_18' title='bbox 948 852 1125 940; x_wconf 77' lang='lat' dir='ltr'>viterbio,</span> <span class='ocrx_word' id='word_1_19' title='bbox 1151 853 1362 944; x_wconf 90' lang='lat' dir='ltr'>secretario,</span> <span class='ocrx_word' id='word_1_20' title='bbox 1389 854 1433 927; x_wconf 93' lang='lat' dir='ltr'>de</span> <span class='ocrx_word' id='word_1_21' title='bbox 1452 855 1525 929; x_wconf 88' lang='lat' dir='ltr'>boc</span> <span class='ocrx_word' id='word_1_22' title='bbox 1547 863 1670 953; x_wconf 83' lang='lat' dir='ltr'>rogato.</span> 
     </span>
     <span class='ocr_line' id='line_1_4' title="bbox 359 978 1672 1082; baseline 0 -26"><span class='ocrx_word' id='word_1_23' title='bbox 359 983 507 1082; x_wconf 82' lang='lat' dir='ltr'>[dicere]</span> <span class='ocrx_word' id='word_1_24' title='bbox 528 983 670 1057; x_wconf 76' lang='lat' dir='ltr'>thmis.</span> <span class='ocrx_word' id='word_1_25' title='bbox 699 985 773 1054; x_wconf 88' lang='lat' dir='ltr'>DD.</span> <span class='ocrx_word' id='word_1_26' title='bbox 794 981 838 1052; x_wconf 91' lang='lat' dir='ltr'>de</span> <span class='ocrx_word' id='word_1_27' title='bbox 861 979 978 1052; x_wconf 91' lang='lat' dir='ltr'>Flisco</span> <span class='ocrx_word' id='word_1_28' title='bbox 993 983 1035 1052; x_wconf 90' lang='lat' dir='ltr'>et</span> <span class='ocrx_word' id='word_1_29' title='bbox 1057 978 1214 1053; x_wconf 88' lang='lat' dir='ltr'>lledices</span> <span class='ocrx_word' id='word_1_30' title='bbox 1234 980 1330 1076; x_wconf 90' lang='lat' dir='ltr'>quod</span> <span class='ocrx_word' id='word_1_31' title='bbox 1349 981 1548 1054; x_wconf 87' lang='lat' dir='ltr'>venderent</span> <span class='ocrx_word' id='word_1_32' title='bbox 1569 982 1672 1056; x_wconf 83' lang='grc'><strong>0111011</strong></span> 
     </span>
     <span class='ocr_line' id='line_1_5' title="bbox 357 1105 1671 1204; baseline 0.002 -25"><span class='ocrx_word' id='word_1_33' title='bbox 357 1109 522 1182; x_wconf 79' lang='lat' dir='ltr'>vacantia</span> <span class='ocrx_word' id='word_1_34' title='bbox 544 1117 580 1182; x_wconf 91' lang='lat' dir='ltr'>et</span> <span class='ocrx_word' id='word_1_35' title='bbox 603 1108 674 1181; x_wconf 90' lang='lat' dir='ltr'>alia</span> <span class='ocrx_word' id='word_1_36' title='bbox 696 1106 926 1204; x_wconf 79' lang='lat' dir='ltr'>providerent</span> <span class='ocrx_word' id='word_1_37' title='bbox 952 1105 1082 1178; x_wconf 90' lang='lat' dir='ltr'>melius</span> <span class='ocrx_word' id='word_1_38' title='bbox 1110 1105 1207 1201; x_wconf 92' lang='lat' dir='ltr'>quod</span> <span class='ocrx_word' id='word_1_39' title='bbox 1241 1106 1293 1178; x_wconf 90' lang='lat' dir='ltr'>eis</span> <span class='ocrx_word' id='word_1_40' title='bbox 1324 1105 1516 1200; x_wconf 89' lang='lat' dir='ltr'>videbitur,</span> <span class='ocrx_word' id='word_1_41' title='bbox 1545 1109 1671 1182; x_wconf 89' lang='lat' dir='ltr'>nomine</span> 
     </span>
     <span class='ocr_line' id='line_1_6' title="bbox 359 1230 1672 1330; baseline -0.001 -23"><span class='ocrx_word' id='word_1_42' title='bbox 359 1233 502 1330; x_wconf 85' lang='lat' dir='ltr'>collegii</span> <span class='ocrx_word' id='word_1_43' title='bbox 521 1232 745 1330; x_wconf 85' lang='lat' dir='ltr'>congregati.</span> <span class='ocrx_word' id='word_1_44' title='bbox 772 1235 856 1304; x_wconf 88' lang='lat' dir='ltr'>Post</span> <span class='ocrx_word' id='word_1_45' title='bbox 877 1253 1061 1327; x_wconf 85' lang='lat' dir='ltr'>vesperas,</span> <span class='ocrx_word' id='word_1_46' title='bbox 1087 1230 1124 1301; x_wconf 94' lang='lat' dir='ltr'>in</span> <span class='ocrx_word' id='word_1_47' title='bbox 1150 1230 1258 1302; x_wconf 90' lang='lat' dir='ltr'>domo</span> <span class='ocrx_word' id='word_1_48' title='bbox 1280 1230 1324 1302; x_wconf 88' lang='lat' dir='ltr'>de</span> <span class='ocrx_word' id='word_1_49' title='bbox 1348 1230 1463 1304; x_wconf 88' lang='lat' dir='ltr'>Flisco</span> <span class='ocrx_word' id='word_1_50' title='bbox 1481 1231 1672 1306; x_wconf 84' lang='lat' dir='ltr'>ltlediceset</span> 
     </span>
     <span class='ocr_line' id='line_1_7' title="bbox 359 1338 1673 1452; baseline -0.001 -21"><span class='ocrx_word' id='word_1_51' title='bbox 359 1380 443 1431; x_wconf 87' lang='lat' dir='ltr'>cum</span> <span class='ocrx_word' id='word_1_52' title='bbox 462 1381 505 1430; x_wconf 88' lang='lat' dir='ltr'>eo</span> <span class='ocrx_word' id='word_1_53' title='bbox 525 1357 650 1431; x_wconf 88' lang='lat' dir='ltr'>clerici</span> <span class='ocrx_word' id='word_1_54' title='bbox 667 1378 813 1429; x_wconf 88' lang='lat' dir='ltr'>camere</span> <span class='ocrx_word' id='word_1_55' title='bbox 832 1359 1035 1428; x_wconf 69' lang='lat' dir='ltr'><strong>tractarunt</strong></span> <span class='ocrx_word' id='word_1_56' title='bbox 1051 1354 1094 1427; x_wconf 92' lang='lat' dir='ltr'>de</span> <span class='ocrx_word' id='word_1_57' title='bbox 1112 1338 1315 1451; x_wconf 84' lang='lat' dir='ltr'>provisione</span> <span class='ocrx_word' id='word_1_58' title='bbox 1332 1378 1536 1452; x_wconf 90' lang='lat' dir='ltr'>pannorum</span> <span class='ocrx_word' id='word_1_59' title='bbox 1555 1365 1589 1430; x_wconf 92' lang='lat' dir='ltr'>et</span> <span class='ocrx_word' id='word_1_60' title='bbox 1603 1359 1673 1430; x_wconf 88' lang='lat' dir='ltr'>alio·</span> 
     </span>
     <span class='ocr_line' id='line_1_8' title="bbox 361 1480 1673 1581; baseline 0.001 -26"><span class='ocrx_word' id='word_1_61' title='bbox 361 1507 438 1556; x_wconf 90' lang='lat' dir='ltr'>rum</span> <span class='ocrx_word' id='word_1_62' title='bbox 456 1506 521 1581; x_wconf 93' lang='lat' dir='ltr'>pro</span> <span class='ocrx_word' id='word_1_63' title='bbox 536 1482 710 1579; x_wconf 87' lang='lat' dir='ltr'>exequiis,</span> <span class='ocrx_word' id='word_1_64' title='bbox 730 1487 861 1578; x_wconf 90' lang='lat' dir='ltr'>etpost</span> <span class='ocrx_word' id='word_1_65' title='bbox 879 1503 1095 1577; x_wconf 89' lang='lat' dir='ltr'>responsum</span> <span class='ocrx_word' id='word_1_66' title='bbox 1113 1480 1328 1552; x_wconf 86' lang='lat' dir='ltr'>clericorum</span> <span class='ocrx_word' id='word_1_67' title='bbox 1345 1485 1596 1570; x_wconf 68' lang='lat' dir='ltr'>camera-llll.</span> <span class='ocrx_word' id='word_1_68' title='bbox 1613 1507 1673 1556; x_wconf 88' lang='lat' dir='ltr'>car-</span> 
     </span>
     <span class='ocr_line' id='line_1_9' title="bbox 360 1607 1672 1706; baseline -0.002 -23"><span class='ocrx_word' id='word_1_69' title='bbox 360 1609 497 1684; x_wconf 87' lang='lat' dir='ltr'>dinales</span> <span class='ocrx_word' id='word_1_70' title='bbox 513 1611 791 1706; x_wconf 73' lang='lat' dir='ltr'>acceptaverunt</span> <span class='ocrx_word' id='word_1_71' title='bbox 810 1611 1037 1680; x_wconf 91' lang='lat' dir='ltr'>contractum</span> <span class='ocrx_word' id='word_1_72' title='bbox 1054 1613 1090 1678; x_wconf 92' lang='lat' dir='ltr'>et</span> <span class='ocrx_word' id='word_1_73' title='bbox 1111 1607 1259 1678; x_wconf 81' lang='lat' dir='ltr'>nomine</span> <span class='ocrx_word' id='word_1_74' title='bbox 1278 1607 1421 1704; x_wconf 84' lang='lat' dir='ltr'>collegii</span> <span class='ocrx_word' id='word_1_75' title='bbox 1442 1609 1672 1703; x_wconf 91' lang='lat' dir='ltr'>promiserunt</span> 
     </span>
     <span class='ocr_line' id='line_1_10' title="bbox 359 1731 1674 1830; baseline -0.002 -22"><span class='ocrx_word' id='word_1_76' title='bbox 359 1735 495 1808; x_wconf 87' lang='lat' dir='ltr'>habere</span> <span class='ocrx_word' id='word_1_77' title='bbox 520 1741 639 1806; x_wconf 88' lang='lat' dir='ltr'>ratum</span> <span class='ocrx_word' id='word_1_78' title='bbox 659 1739 694 1807; x_wconf 93' lang='lat' dir='ltr'>et</span> <span class='ocrx_word' id='word_1_79' title='bbox 719 1737 863 1830; x_wconf 87' lang='lat' dir='ltr'>gratum</span> <span class='ocrx_word' id='word_1_80' title='bbox 882 1733 980 1828; x_wconf 91' lang='lat' dir='ltr'>quod</span> <span class='ocrx_word' id='word_1_81' title='bbox 1009 1754 1155 1806; x_wconf 88' lang='lat' dir='ltr'>camera</span> <span class='ocrx_word' id='word_1_82' title='bbox 1180 1756 1263 1804; x_wconf 92' lang='lat' dir='ltr'>cum</span> <span class='ocrx_word' id='word_1_83' title='bbox 1285 1731 1525 1829; x_wconf 83' lang='lat' dir='ltr'>Spauoccbiis</span> <span class='ocrx_word' id='word_1_84' title='bbox 1547 1739 1581 1806; x_wconf 95' lang='lat' dir='ltr'>et</span> <span class='ocrx_word' id='word_1_85' title='bbox 1602 1735 1674 1807; x_wconf 84' lang='lat' dir='ltr'>oui-</span> 
     </span>
     <span class='ocr_line' id='line_1_11' title="bbox 360 1855 1454 1954; baseline -0.003 -22"><span class='ocrx_word' id='word_1_86' title='bbox 360 1859 470 1932; x_wconf 87' lang='lat' dir='ltr'>nutiis</span> <span class='ocrx_word' id='word_1_87' title='bbox 484 1858 563 1931; x_wconf 90' lang='lat' dir='ltr'>heri</span> <span class='ocrx_word' id='word_1_88' title='bbox 580 1857 634 1931; x_wconf 88' lang='lat' dir='ltr'>vel</span> <span class='ocrx_word' id='word_1_89' title='bbox 652 1857 767 1954; x_wconf 91' lang='lat' dir='ltr'>pridie</span> <span class='ocrx_word' id='word_1_90' title='bbox 783 1856 942 1946; x_wconf 87' lang='lat' dir='ltr'>lecerat;</span> <span class='ocrx_word' id='word_1_91' title='bbox 964 1863 999 1928; x_wconf 92' lang='lat' dir='ltr'>et</span> <span class='ocrx_word' id='word_1_92' title='bbox 1014 1856 1085 1929; x_wconf 91' lang='lat' dir='ltr'>hoc</span> <span class='ocrx_word' id='word_1_93' title='bbox 1101 1855 1203 1930; x_wconf 88' lang='lat' dir='ltr'>tarde</span> <span class='ocrx_word' id='word_1_94' title='bbox 1224 1856 1291 1928; x_wconf 89' lang='lat' dir='ltr'>tuit</span> <span class='ocrx_word' id='word_1_95' title='bbox 1305 1857 1454 1930; x_wconf 89' lang='lat' dir='ltr'>lactum.</span> 
     </span>
    </p>

    <p class='ocr_par' dir='ltr' id='par_1_3' title="bbox 361 1980 1682 2832">
     <span class='ocr_line' id='line_1_12' title="bbox 410 1980 1673 2078; baseline -0.002 -21"><span class='ocrx_word' id='word_1_96' title='bbox 410 1985 476 2058; x_wconf 89' lang='lat' dir='ltr'>Die</span> <span class='ocrx_word' id='word_1_97' title='bbox 494 1983 690 2072; x_wconf 87' lang='lat' dir='ltr'>dominica,</span> <span class='ocrx_word' id='word_1_98' title='bbox 712 1986 755 2054; x_wconf 76' lang='lat'>27</span> <span class='ocrx_word' id='word_1_99' title='bbox 768 1981 923 2078; x_wconf 83' lang='lat' dir='ltr'>augusti,</span> <span class='ocrx_word' id='word_1_100' title='bbox 939 2003 1012 2054; x_wconf 92' lang='lat' dir='ltr'>non</span> <span class='ocrx_word' id='word_1_101' title='bbox 1026 1980 1089 2052; x_wconf 91' lang='lat' dir='ltr'>luit</span> <span class='ocrx_word' id='word_1_102' title='bbox 1100 1981 1335 2078; x_wconf 87' lang='lat' dir='ltr'>congregatio</span> <span class='ocrx_word' id='word_1_103' title='bbox 1353 1983 1603 2072; x_wconf 81' lang='lat' dir='ltr'>cardinalium,</span> <span class='ocrx_word' id='word_1_104' title='bbox 1622 1985 1673 2055; x_wconf 83' lang='lat' dir='ltr'>sed</span> 
     </span>
     <span class='ocr_line' id='line_1_13' title="bbox 362 2100 1675 2203; baseline -0.003 -19"><span class='ocrx_word' id='word_1_105' title='bbox 362 2109 483 2184; x_wconf 90' lang='lat' dir='ltr'>clerici</span> <span class='ocrx_word' id='word_1_106' title='bbox 503 2131 646 2183; x_wconf 90' lang='lat' dir='ltr'>camere</span> <span class='ocrx_word' id='word_1_107' title='bbox 668 2100 913 2180; x_wconf 87' lang='lat' dir='ltr'>convenerunt</span> <span class='ocrx_word' id='word_1_108' title='bbox 930 2105 967 2176; x_wconf 91' lang='lat' dir='ltr'>in</span> <span class='ocrx_word' id='word_1_109' title='bbox 985 2105 1093 2177; x_wconf 93' lang='lat' dir='ltr'>domo</span> <span class='ocrx_word' id='word_1_110' title='bbox 1112 2105 1156 2178; x_wconf 88' lang='lat' dir='ltr'>de</span> <span class='ocrx_word' id='word_1_111' title='bbox 1176 2106 1366 2203; x_wconf 91' lang='lat' dir='ltr'>Spiritibus</span> <span class='ocrx_word' id='word_1_112' title='bbox 1383 2111 1420 2180; x_wconf 90' lang='lat' dir='ltr'>ot</span> <span class='ocrx_word' id='word_1_113' title='bbox 1437 2108 1675 2181; x_wconf 90' lang='lat' dir='ltr'>concluserunt</span> 
     </span>
     <span class='ocr_line' id='line_1_14' title="bbox 364 2230 1678 2330; baseline -0.003 -22"><span class='ocrx_word' id='word_1_114' title='bbox 364 2235 484 2309; x_wconf 87' lang='lat' dir='ltr'>listam</span> <span class='ocrx_word' id='word_1_115' title='bbox 501 2233 635 2307; x_wconf 87' lang='lat' dir='ltr'>lamilie</span> <span class='ocrx_word' id='word_1_116' title='bbox 657 2235 752 2329; x_wconf 90' lang='lat' dir='ltr'>Pape</span> <span class='ocrx_word' id='word_1_117' title='bbox 776 2230 976 2304; x_wconf 82' lang='lat' dir='ltr'>vestienda.</span> <span class='ocrx_word' id='word_1_118' title='bbox 1008 2234 1093 2303; x_wconf 84' lang='lat' dir='ltr'>Post</span> <span class='ocrx_word' id='word_1_119' title='bbox 1108 2231 1235 2303; x_wconf 87' lang='lat' dir='ltr'>boram</span> <span class='ocrx_word' id='word_1_120' title='bbox 1264 2255 1514 2330; x_wconf 84' lang='lat' dir='ltr'>vesperarum,</span> <span class='ocrx_word' id='word_1_121' title='bbox 1535 2239 1678 2330; x_wconf 82' lang='lat' dir='ltr'>portatus</span> 
     </span>
     <span class='ocr_line' id='line_1_15' title="bbox 362 2356 1679 2454; baseline -0.004 -20"><span class='ocrx_word' id='word_1_122' title='bbox 362 2361 427 2434; x_wconf 89' lang='lat' dir='ltr'>luit</span> <span class='ocrx_word' id='word_1_123' title='bbox 446 2361 492 2432; x_wconf 85' lang='lat' dir='ltr'>ad</span> <span class='ocrx_word' id='word_1_124' title='bbox 508 2359 704 2433; x_wconf 86' lang='lat' dir='ltr'>ecclesiam</span> <span class='ocrx_word' id='word_1_125' title='bbox 727 2357 917 2454; x_wconf 90' lang='lat' dir='ltr'>hospitalis</span> <span class='ocrx_word' id='word_1_126' title='bbox 935 2356 1186 2452; x_wconf 89' lang='lat' dir='ltr'>orphanorum</span> <span class='ocrx_word' id='word_1_127' title='bbox 1206 2358 1392 2454; x_wconf 85' lang='lat' dir='ltr'>sexaginta</span> <span class='ocrx_word' id='word_1_128' title='bbox 1410 2360 1504 2432; x_wconf 94' lang='lat' dir='ltr'>bone</span> <span class='ocrx_word' id='word_1_129' title='bbox 1523 2361 1679 2433; x_wconf 74' lang='lat' dir='ltr'>memoris</span> 
     </span>
     <span class='ocr_line' id='line_1_16' title="bbox 361 2481 1679 2581; baseline 0.001 -22"><span class='ocrx_word' id='word_1_130' title='bbox 361 2485 545 2559; x_wconf 84' lang='lat' dir='ltr'>lohannes</span> <span class='ocrx_word' id='word_1_131' title='bbox 557 2483 727 2578; x_wconf 78' lang='lat' dir='ltr'>0rteghn,</span> <span class='ocrx_word' id='word_1_132' title='bbox 742 2481 880 2555; x_wconf 90' lang='lat' dir='ltr'>electus</span> <span class='ocrx_word' id='word_1_133' title='bbox 892 2481 1118 2571; x_wconf 88' lang='lat' dir='ltr'>Potentiuus,</span> <span class='ocrx_word' id='word_1_134' title='bbox 1134 2483 1352 2556; x_wconf 87' lang='lat' dir='ltr'>secretarius</span> <span class='ocrx_word' id='word_1_135' title='bbox 1365 2491 1400 2557; x_wconf 90' lang='lat' dir='ltr'>et</span> <span class='ocrx_word' id='word_1_136' title='bbox 1411 2484 1572 2558; x_wconf 90' lang='lat' dir='ltr'>datarius</span> <span class='ocrx_word' id='word_1_137' title='bbox 1586 2485 1679 2581; x_wconf 79' lang='lat' dir='ltr'>Papo,</span> 
     </span>
     <span class='ocr_line' id='line_1_17' title="bbox 366 2607 1682 2705; baseline -0.004 -22"><span class='ocrx_word' id='word_1_138' title='bbox 366 2611 607 2683; x_wconf 87' lang='lat' dir='ltr'>subdiaconus</span> <span class='ocrx_word' id='word_1_139' title='bbox 627 2607 861 2704; x_wconf 88' lang='lat' dir='ltr'>apostolicus,</span> <span class='ocrx_word' id='word_1_140' title='bbox 885 2613 1087 2680; x_wconf 85' lang='lat' dir='ltr'>summetur</span> <span class='ocrx_word' id='word_1_141' title='bbox 1108 2607 1301 2696; x_wconf 85' lang='lat' dir='ltr'>bullarum,</span> <span class='ocrx_word' id='word_1_142' title='bbox 1318 2608 1682 2705; x_wconf 87' lang='lat' dir='ltr'>abreviatordeparco</span> 
     </span>
     <span class='ocr_line' id='line_1_18' title="bbox 365 2731 1681 2832; baseline -0.003 -24"><span class='ocrx_word' id='word_1_143' title='bbox 365 2735 509 2832; x_wconf 90' lang='lat' dir='ltr'>majori,</span> <span class='ocrx_word' id='word_1_144' title='bbox 530 2733 688 2829; x_wconf 87' lang='lat' dir='ltr'>scriptor</span> <span class='ocrx_word' id='word_1_145' title='bbox 719 2731 956 2828; x_wconf 87' lang='lat' dir='ltr'>apostolicus,</span> <span class='ocrx_word' id='word_1_146' title='bbox 976 2732 1116 2804; x_wconf 88' lang='lat' dir='ltr'>babens</span> <span class='ocrx_word' id='word_1_147' title='bbox 1145 2733 1306 2806; x_wconf 89' lang='lat' dir='ltr'>osticium</span> <span class='ocrx_word' id='word_1_148' title='bbox 1338 2733 1382 2804; x_wconf 92' lang='lat' dir='ltr'>de</span> <span class='ocrx_word' id='word_1_149' title='bbox 1411 2736 1605 2823; x_wconf 86' lang='lat' dir='ltr'>consuetis,</span> <span class='ocrx_word' id='word_1_150' title='bbox 1631 2737 1681 2830; x_wconf 90' lang='lat' dir='ltr'>qui</span> 
     </span>
    </p>

    <p class='ocr_par' dir='ltr' id='par_1_4' title="bbox 238 2856 1694 4205">
     <span class='ocr_line' id='line_1_19' title="bbox 238 2856 1680 2959; baseline 0.003 -26"><span class='ocrx_word' id='word_1_151' title='bbox 238 2941 247 2959; x_wconf 34' lang='grc' dir='ltr'>ι</span> <span class='ocrx_word' id='word_1_152' title='bbox 368 2861 465 2933; x_wconf 85' lang='grc'><strong>01101</strong></span> <span class='ocrx_word' id='word_1_153' title='bbox 487 2859 618 2932; x_wconf 85' lang='grc'><strong>11011111</strong></span> <span class='ocrx_word' id='word_1_154' title='bbox 645 2858 807 2953; x_wconf 83' lang='lat' dir='ltr'>quintam</span> <span class='ocrx_word' id='word_1_155' title='bbox 835 2856 951 2929; x_wconf 91' lang='lat' dir='ltr'>noctis</span> <span class='ocrx_word' id='word_1_156' title='bbox 970 2857 1141 2953; x_wconf 85' lang='lat' dir='ltr'>proterite</span> <span class='ocrx_word' id='word_1_157' title='bbox 1159 2857 1256 2930; x_wconf 89' lang='lat' dir='ltr'>diem</span> <span class='ocrx_word' id='word_1_158' title='bbox 1280 2859 1462 2933; x_wconf 89' lang='lat' dir='ltr'>clauserat</span> <span class='ocrx_word' id='word_1_159' title='bbox 1480 2867 1680 2938; x_wconf 76' lang='lat' dir='ltr'>extremum.</span> 
     </span>
     <span class='ocr_line' id='line_1_20' title="bbox 371 2981 1684 3082; baseline -0.001 -25"><span class='ocrx_word' id='word_1_160' title='bbox 371 2985 515 3057; x_wconf 92' lang='lat' dir='ltr'>indutus</span> <span class='ocrx_word' id='word_1_161' title='bbox 534 3005 635 3054; x_wconf 90' lang='lat' dir='ltr'>more</span> <span class='ocrx_word' id='word_1_162' title='bbox 654 2981 760 3053; x_wconf 88' lang='lat' dir='ltr'>solito</span> <span class='ocrx_word' id='word_1_163' title='bbox 784 3003 897 3076; x_wconf 89' lang='lat' dir='ltr'>usque</span> <span class='ocrx_word' id='word_1_164' title='bbox 923 2981 969 3053; x_wconf 90' lang='lat' dir='ltr'>ad</span> <span class='ocrx_word' id='word_1_165' title='bbox 994 2981 1203 3056; x_wconf 89' lang='lat' dir='ltr'>rochettum</span> <span class='ocrx_word' id='word_1_166' title='bbox 1220 2989 1255 3056; x_wconf 94' lang='lat' dir='ltr'>et</span> <span class='ocrx_word' id='word_1_167' title='bbox 1278 2983 1433 3081; x_wconf 89' lang='lat' dir='ltr'>desuper</span> <span class='ocrx_word' id='word_1_168' title='bbox 1456 3008 1684 3082; x_wconf 78' lang='lat' dir='ltr'>cappamque</span> 
     </span>
     <span class='ocr_line' id='line_1_21' title="bbox 372 3105 1683 3208; baseline -0.001 -28"><span class='ocrx_word' id='word_1_169' title='bbox 372 3108 504 3206; x_wconf 87' lang='lat' dir='ltr'>prelati</span> <span class='ocrx_word' id='word_1_170' title='bbox 518 3108 555 3180; x_wconf 93' lang='lat' dir='ltr'>iu</span> <span class='ocrx_word' id='word_1_171' title='bbox 572 3107 710 3204; x_wconf 89' lang='lat' dir='ltr'>capella</span> <span class='ocrx_word' id='word_1_172' title='bbox 721 3112 886 3195; x_wconf 90' lang='lat' dir='ltr'>utuntur,</span> <span class='ocrx_word' id='word_1_173' title='bbox 900 3105 985 3201; x_wconf 91' lang='lat' dir='ltr'>quia</span> <span class='ocrx_word' id='word_1_174' title='bbox 999 3129 1071 3179; x_wconf 90' lang='lat' dir='ltr'>nou</span> <span class='ocrx_word' id='word_1_175' title='bbox 1084 3113 1160 3180; x_wconf 89' lang='lat' dir='ltr'>erat</span> <span class='ocrx_word' id='word_1_176' title='bbox 1172 3115 1407 3182; x_wconf 85' lang='lat' dir='ltr'>consecratus</span> <span class='ocrx_word' id='word_1_177' title='bbox 1418 3134 1486 3183; x_wconf 90' lang='lat' dir='ltr'>nec</span> <span class='ocrx_word' id='word_1_178' title='bbox 1496 3111 1683 3208; x_wconf 80' lang='lat' dir='ltr'>presbyter,</span> 
     </span>
     <span class='ocr_line' id='line_1_22' title="bbox 374 3231 1685 3332; baseline -0.002 -26"><span class='ocrx_word' id='word_1_179' title='bbox 374 3235 438 3307; x_wconf 87' lang='lat' dir='ltr'>sed</span> <span class='ocrx_word' id='word_1_180' title='bbox 463 3238 605 3306; x_wconf 88' lang='lat' dir='ltr'>tantum</span> <span class='ocrx_word' id='word_1_181' title='bbox 632 3232 669 3304; x_wconf 91' lang='lat' dir='ltr'>iu</span> <span class='ocrx_word' id='word_1_182' title='bbox 696 3231 807 3303; x_wconf 90' lang='lat' dir='ltr'>sacris</span> <span class='ocrx_word' id='word_1_183' title='bbox 838 3231 1080 3304; x_wconf 90' lang='lat' dir='ltr'>constitutus:</span> <span class='ocrx_word' id='word_1_184' title='bbox 1104 3234 1149 3304; x_wconf 86' lang='lat' dir='ltr'>ad</span> <span class='ocrx_word' id='word_1_185' title='bbox 1176 3235 1289 3330; x_wconf 88' lang='lat' dir='ltr'>pedes</span> <span class='ocrx_word' id='word_1_186' title='bbox 1307 3235 1434 3332; x_wconf 80' lang='lat' dir='ltr'>[eraut]</span> <span class='ocrx_word' id='word_1_187' title='bbox 1459 3235 1530 3308; x_wconf 88' lang='lat' dir='ltr'>duo</span> <span class='ocrx_word' id='word_1_188' title='bbox 1550 3233 1685 3331; x_wconf 86' lang='lat' dir='ltr'>cappelli</span> 
     </span>
     <span class='ocr_line' id='line_1_23' title="bbox 376 3355 1687 3456; baseline -0.001 -26"><span class='ocrx_word' id='word_1_189' title='bbox 376 3357 617 3456; x_wconf 85' lang='lat' dir='ltr'>episcopales;</span> <span class='ocrx_word' id='word_1_190' title='bbox 638 3357 764 3429; x_wconf 88' lang='lat' dir='ltr'>habuit</span> <span class='ocrx_word' id='word_1_191' title='bbox 790 3355 1031 3451; x_wconf 87' lang='lat' dir='ltr'>quadraginta</span> <span class='ocrx_word' id='word_1_192' title='bbox 1056 3357 1249 3447; x_wconf 89' lang='lat' dir='ltr'>intorticia,</span> <span class='ocrx_word' id='word_1_193' title='bbox 1279 3365 1314 3431; x_wconf 92' lang='lat' dir='ltr'>et</span> <span class='ocrx_word' id='word_1_194' title='bbox 1341 3359 1535 3434; x_wconf 89' lang='lat' dir='ltr'>societates</span> <span class='ocrx_word' id='word_1_195' title='bbox 1554 3364 1687 3432; x_wconf 77' lang='lat' dir='ltr'>Annun-</span> 
     </span>
     <span class='ocr_line' id='line_1_24' title="bbox 372 3467 1687 3581; baseline -0.003 -25"><span class='ocrx_word' id='word_1_196' title='bbox 372 3483 466 3558; x_wconf 90' lang='lat' dir='ltr'>ciate</span> <span class='ocrx_word' id='word_1_197' title='bbox 483 3489 518 3556; x_wconf 89' lang='lat' dir='ltr'>et</span> <span class='ocrx_word' id='word_1_198' title='bbox 537 3481 733 3556; x_wconf 89' lang='lat' dir='ltr'>Salvatoris</span> <span class='ocrx_word' id='word_1_199' title='bbox 746 3489 781 3554; x_wconf 88' lang='lat' dir='ltr'>et</span> <span class='ocrx_word' id='word_1_200' title='bbox 792 3480 881 3553; x_wconf 90' lang='lat' dir='ltr'>alios</span> <span class='ocrx_word' id='word_1_201' title='bbox 899 3467 1068 3554; x_wconf 84' lang='lat' dir='ltr'>curiales.</span> <span class='ocrx_word' id='word_1_202' title='bbox 1088 3483 1200 3557; x_wconf 87' lang='lat' dir='ltr'>Valde</span> <span class='ocrx_word' id='word_1_203' title='bbox 1221 3483 1422 3557; x_wconf 82' lang='lat' dir='ltr'>honorilice</span> <span class='ocrx_word' id='word_1_204' title='bbox 1442 3491 1604 3581; x_wconf 88' lang='lat' dir='ltr'>portatus</span> <span class='ocrx_word' id='word_1_205' title='bbox 1619 3483 1687 3555; x_wconf 88' lang='lat' dir='ltr'>tuit.</span> 
     </span>
     <span class='ocr_line' id='line_1_25' title="bbox 374 3606 1691 3706; baseline -0.002 -25"><span class='ocrx_word' id='word_1_206' title='bbox 374 3608 494 3682; x_wconf 91' lang='lat' dir='ltr'>Secuti</span> <span class='ocrx_word' id='word_1_207' title='bbox 513 3611 596 3680; x_wconf 93' lang='lat' dir='ltr'>sunt</span> <span class='ocrx_word' id='word_1_208' title='bbox 622 3630 705 3679; x_wconf 92' lang='lat' dir='ltr'>eum</span> <span class='ocrx_word' id='word_1_209' title='bbox 730 3606 858 3679; x_wconf 90' lang='lat' dir='ltr'>decem</span> <span class='ocrx_word' id='word_1_210' title='bbox 887 3627 1015 3677; x_wconf 87' lang='lat' dir='ltr'>novem</span> <span class='ocrx_word' id='word_1_211' title='bbox 1043 3606 1188 3695; x_wconf 87' lang='lat' dir='ltr'>lunesti,</span> <span class='ocrx_word' id='word_1_212' title='bbox 1217 3631 1372 3702; x_wconf 90' lang='lat' dir='ltr'>quorum</span> <span class='ocrx_word' id='word_1_213' title='bbox 1404 3633 1499 3681; x_wconf 92' lang='lat' dir='ltr'>unus</span> <span class='ocrx_word' id='word_1_214' title='bbox 1525 3614 1600 3682; x_wconf 86' lang='lat' dir='ltr'>erat</span> <span class='ocrx_word' id='word_1_215' title='bbox 1620 3632 1691 3706; x_wconf 88' lang='lat' dir='ltr'>ger-</span> 
     </span>
     <span class='ocr_line' id='line_1_26' title="bbox 372 3729 1690 3830; baseline -0.004 -24"><span class='ocrx_word' id='word_1_216' title='bbox 372 3757 513 3824; x_wconf 87' lang='lat' dir='ltr'>manus,</span> <span class='ocrx_word' id='word_1_217' title='bbox 535 3734 626 3806; x_wconf 89' lang='lat' dir='ltr'>alius</span> <span class='ocrx_word' id='word_1_218' title='bbox 651 3733 745 3805; x_wconf 84' lang='lat' dir='ltr'>filius</span> <span class='ocrx_word' id='word_1_219' title='bbox 770 3729 966 3830; x_wconf 50' lang='lat' dir='ltr'>bastardus}</span> <span class='ocrx_word' id='word_1_220' title='bbox 985 3755 1068 3804; x_wconf 91' lang='lat' dir='ltr'>cum</span> <span class='ocrx_word' id='word_1_221' title='bbox 1095 3741 1239 3828; x_wconf 89' lang='lat' dir='ltr'>nepote,</span> <span class='ocrx_word' id='word_1_222' title='bbox 1267 3739 1301 3805; x_wconf 93' lang='lat' dir='ltr'>et</span> <span class='ocrx_word' id='word_1_223' title='bbox 1329 3733 1459 3806; x_wconf 85' lang='lat' dir='ltr'>trater:</span> <span class='ocrx_word' id='word_1_224' title='bbox 1480 3739 1619 3807; x_wconf 90' lang='lat' dir='ltr'>tantum</span> <span class='ocrx_word' id='word_1_225' title='bbox 1637 3733 1690 3804; x_wconf 87' lang='lat' dir='ltr'>tuit</span> 
     </span>
     <span class='ocr_line' id='line_1_27' title="bbox 373 3857 1694 3954; baseline -0.002 -23"><span class='ocrx_word' id='word_1_226' title='bbox 373 3858 572 3931; x_wconf 85' lang='lat' dir='ltr'>associatus</span> <span class='ocrx_word' id='word_1_227' title='bbox 592 3881 613 3930; x_wconf 90' lang='lat' dir='ltr'>a</span> <span class='ocrx_word' id='word_1_228' title='bbox 628 3857 770 3930; x_wconf 93' lang='lat' dir='ltr'>duobus</span> <span class='ocrx_word' id='word_1_229' title='bbox 783 3858 948 3954; x_wconf 88' lang='lat' dir='ltr'>prelatis,</span> <span class='ocrx_word' id='word_1_230' title='bbox 970 3858 1068 3931; x_wconf 92' lang='lat' dir='ltr'>socio</span> <span class='ocrx_word' id='word_1_231' title='bbox 1083 3881 1165 3930; x_wconf 90' lang='lat' dir='ltr'>meo</span> <span class='ocrx_word' id='word_1_232' title='bbox 1177 3859 1365 3948; x_wconf 89' lang='lat' dir='ltr'>hortante;</span> <span class='ocrx_word' id='word_1_233' title='bbox 1388 3866 1423 3933; x_wconf 91' lang='lat' dir='ltr'>et</span> <span class='ocrx_word' id='word_1_234' title='bbox 1434 3883 1509 3932; x_wconf 91' lang='lat' dir='ltr'>non</span> <span class='ocrx_word' id='word_1_235' title='bbox 1526 3860 1591 3932; x_wconf 87' lang='lat' dir='ltr'>tuit</span> <span class='ocrx_word' id='word_1_236' title='bbox 1606 3858 1694 3931; x_wconf 90' lang='lat' dir='ltr'>habi-</span> 
     </span>
     <span class='ocr_line' id='line_1_28' title="bbox 375 3984 1693 4083; baseline -0.001 -27"><span class='ocrx_word' id='word_1_237' title='bbox 375 3992 430 4056; x_wconf 90' lang='lat' dir='ltr'>tus</span> <span class='ocrx_word' id='word_1_238' title='bbox 456 4006 589 4056; x_wconf 90' lang='lat' dir='ltr'>sermo.</span> <span class='ocrx_word' id='word_1_239' title='bbox 617 3984 821 4080; x_wconf 89' lang='lat' dir='ltr'>Supradicti</span> <span class='ocrx_word' id='word_1_240' title='bbox 846 3984 971 4056; x_wconf 88' lang='lat' dir='ltr'>RRmi.</span> <span class='ocrx_word' id='word_1_241' title='bbox 999 3990 1125 4058; x_wconf 91' lang='lat' dir='ltr'>contra</span> <span class='ocrx_word' id='word_1_242' title='bbox 1149 4008 1212 4058; x_wconf 93' lang='lat' dir='ltr'>eos</span> <span class='ocrx_word' id='word_1_243' title='bbox 1237 3985 1414 4058; x_wconf 91' lang='lat' dir='ltr'>miseruut</span> <span class='ocrx_word' id='word_1_244' title='bbox 1437 3987 1641 4083; x_wconf 89' lang='lat' dir='ltr'>episcopos,</span> <span class='ocrx_word' id='word_1_245' title='bbox 1665 3989 1693 4056; x_wconf 89' lang='lat' dir='ltr'>et</span> 
     </span>
     <span class='ocr_line' id='line_1_29' title="bbox 374 4108 1693 4205; baseline -0.002 -25"><span class='ocrx_word' id='word_1_246' title='bbox 374 4108 653 4205; x_wconf 90' lang='lat' dir='ltr'>precedentibus</span> <span class='ocrx_word' id='word_1_247' title='bbox 673 4109 896 4198; x_wconf 88' lang='lat' dir='ltr'>cursoribus,</span> <span class='ocrx_word' id='word_1_248' title='bbox 924 4109 1036 4182; x_wconf 86' lang='lat' dir='ltr'>irater</span> <span class='ocrx_word' id='word_1_249' title='bbox 1057 4109 1122 4182; x_wconf 89' lang='lat' dir='ltr'>luit</span> <span class='ocrx_word' id='word_1_250' title='bbox 1148 4111 1347 4184; x_wconf 83' lang='lat' dir='ltr'>associatus</span> <span class='ocrx_word' id='word_1_251' title='bbox 1371 4109 1467 4185; x_wconf 87' lang='lat' dir='ltr'>inter</span> <span class='ocrx_word' id='word_1_252' title='bbox 1491 4117 1652 4184; x_wconf 88' lang='lat' dir='ltr'>rectores</span> <span class='ocrx_word' id='word_1_253' title='bbox 1665 4113 1693 4180; x_wconf 89' lang='lat' dir='ltr'>ct</span> 
     </span>
    </p>

    <p class='ocr_par' dir='ltr' id='par_1_5' title="bbox 253 4233 1697 4704">
     <span class='ocr_line' id='line_1_30' title="bbox 253 4233 1693 4331; baseline -0.002 -26"><span class='ocrx_word' id='word_1_254' title='bbox 253 4233 257 4241; x_wconf 82' lang='grc'><strong>“</strong></span> <span class='ocrx_word' id='word_1_255' title='bbox 375 4236 418 4305; x_wconf 88' lang='lat' dir='ltr'>D.</span> <span class='ocrx_word' id='word_1_256' title='bbox 441 4233 591 4307; x_wconf 85' lang='lat' dir='ltr'>Paulum</span> <span class='ocrx_word' id='word_1_257' title='bbox 610 4234 655 4306; x_wconf 89' lang='lat' dir='ltr'>de</span> <span class='ocrx_word' id='word_1_258' title='bbox 684 4233 858 4322; x_wconf 85' lang='lat' dir='ltr'>Castello;</span> <span class='ocrx_word' id='word_1_259' title='bbox 880 4234 994 4306; x_wconf 88' lang='lat' dir='ltr'>secuti</span> <span class='ocrx_word' id='word_1_260' title='bbox 1018 4239 1099 4306; x_wconf 88' lang='lat' dir='ltr'>sunt</span> <span class='ocrx_word' id='word_1_261' title='bbox 1121 4233 1180 4305; x_wconf 91' lang='lat' dir='ltr'>alii</span> <span class='ocrx_word' id='word_1_262' title='bbox 1201 4234 1334 4306; x_wconf 90' lang='lat' dir='ltr'>lunesti</span> <span class='ocrx_word' id='word_1_263' title='bbox 1359 4235 1432 4308; x_wconf 93' lang='lat' dir='ltr'>bini</span> <span class='ocrx_word' id='word_1_264' title='bbox 1458 4236 1546 4326; x_wconf 90' lang='lat' dir='ltr'>bini,</span> <span class='ocrx_word' id='word_1_265' title='bbox 1574 4243 1609 4309; x_wconf 91' lang='lat' dir='ltr'>et</span> <span class='ocrx_word' id='word_1_266' title='bbox 1626 4237 1693 4331; x_wconf 90' lang='lat' dir='ltr'>post</span> 
     </span>
     <span class='ocr_line' id='line_1_31' title="bbox 376 4357 1695 4456; baseline -0.003 -24"><span class='ocrx_word' id='word_1_267' title='bbox 376 4381 438 4432; x_wconf 88' lang='lat' dir='ltr'>eos</span> <span class='ocrx_word' id='word_1_268' title='bbox 453 4357 526 4448; x_wconf 88' lang='lat' dir='ltr'>alii,</span> <span class='ocrx_word' id='word_1_269' title='bbox 543 4358 711 4432; x_wconf 88' lang='lat' dir='ltr'>videlicet</span> <span class='ocrx_word' id='word_1_270' title='bbox 733 4362 776 4431; x_wconf 84' lang='lat' dir='ltr'>ll.</span> <span class='ocrx_word' id='word_1_271' title='bbox 801 4363 929 4432; x_wconf 89' lang='lat' dir='ltr'>Petrus</span> <span class='ocrx_word' id='word_1_272' title='bbox 957 4359 1105 4456; x_wconf 86' lang='lat' dir='ltr'>Serpice</span> <span class='ocrx_word' id='word_1_273' title='bbox 1128 4366 1164 4432; x_wconf 91' lang='lat' dir='ltr'>et</span> <span class='ocrx_word' id='word_1_274' title='bbox 1188 4360 1300 4432; x_wconf 86' lang='lat' dir='ltr'>veteri</span> <span class='ocrx_word' id='word_1_275' title='bbox 1325 4360 1386 4456; x_wconf 94' lang='lat' dir='ltr'>qui</span> <span class='ocrx_word' id='word_1_276' title='bbox 1407 4383 1471 4433; x_wconf 87' lang='lat' dir='ltr'>eos</span> <span class='ocrx_word' id='word_1_277' title='bbox 1487 4361 1695 4435; x_wconf 87' lang='lat' dir='ltr'>associarent</span> 
     </span>
     <span class='ocr_line' id='line_1_32' title="bbox 375 4481 1697 4582; baseline 0.001 -27"><span class='ocrx_word' id='word_1_278' title='bbox 375 4482 421 4555; x_wconf 90' lang='lat' dir='ltr'>ad</span> <span class='ocrx_word' id='word_1_279' title='bbox 438 4481 588 4556; x_wconf 90' lang='lat' dir='ltr'>domum</span> <span class='ocrx_word' id='word_1_280' title='bbox 610 4483 838 4579; x_wconf 88' lang='lat' dir='ltr'>:potuissent</span> <span class='ocrx_word' id='word_1_281' title='bbox 852 4487 975 4557; x_wconf 87' lang='lat' dir='ltr'>tamen</span> <span class='ocrx_word' id='word_1_282' title='bbox 994 4507 1121 4556; x_wconf 88' lang='lat' dir='ltr'>omnes</span> <span class='ocrx_word' id='word_1_283' title='bbox 1139 4483 1269 4556; x_wconf 85' lang='lat' dir='ltr'>funesti</span> <span class='ocrx_word' id='word_1_284' title='bbox 1283 4509 1349 4581; x_wconf 88' lang='lat' dir='ltr'>per</span> <span class='ocrx_word' id='word_1_285' title='bbox 1363 4485 1610 4560; x_wconf 77' lang='lat' dir='ltr'>fraternitates</span> <span class='ocrx_word' id='word_1_286' title='bbox 1627 4505 1697 4582; x_wconf 90' lang='lat' dir='ltr'>pre·</span> 
     </span>
     <span class='ocr_line' id='line_1_33' title="bbox 377 4608 1386 4704; baseline 0.003 -24"><span class='ocrx_word' id='word_1_287' title='bbox 377 4608 492 4682; x_wconf 89' lang='lat' dir='ltr'>dictas</span> <span class='ocrx_word' id='word_1_288' title='bbox 512 4608 697 4697; x_wconf 88' lang='lat' dir='ltr'>associari,</span> <span class='ocrx_word' id='word_1_289' title='bbox 716 4609 886 4704; x_wconf 90' lang='lat' dir='ltr'>quoniam</span> <span class='ocrx_word' id='word_1_290' title='bbox 905 4609 957 4682; x_wconf 89' lang='lat' dir='ltr'>sic</span> <span class='ocrx_word' id='word_1_291' title='bbox 975 4608 1094 4682; x_wconf 87' lang='lat' dir='ltr'>lacere</span> <span class='ocrx_word' id='word_1_292' title='bbox 1111 4617 1193 4682; x_wconf 92' lang='lat' dir='ltr'>sunt</span> <span class='ocrx_word' id='word_1_293' title='bbox 1207 4612 1386 4683; x_wconf 89' lang='lat' dir='ltr'>consueti.</span> 
     </span>
    </p>

    <p class='ocr_par' dir='ltr' id='par_1_6' title="bbox 378 4733 1748 5340">
     <span class='ocr_line' id='line_1_34' title="bbox 425 4733 1699 4842; baseline -0.002 -35"><span class='ocrx_word' id='word_1_294' title='bbox 425 4733 606 4822; x_wconf 78' lang='lat' dir='ltr'>Dicisne,</span> <span class='ocrx_word' id='word_1_295' title='bbox 628 4737 675 4805; x_wconf 80' lang='grc'>18</span> <span class='ocrx_word' id='word_1_296' title='bbox 700 4733 856 4829; x_wconf 87' lang='lat' dir='ltr'>augusti,</span> <span class='ocrx_word' id='word_1_297' title='bbox 886 4733 952 4842; x_wconf 82' lang='lat' dir='ltr'>luit</span> <span class='ocrx_word' id='word_1_298' title='bbox 970 4735 1203 4832; x_wconf 86' lang='lat' dir='ltr'>congregatio</span> <span class='ocrx_word' id='word_1_299' title='bbox 1221 4759 1317 4808; x_wconf 90' lang='lat' dir='ltr'>nona</span> <span class='ocrx_word' id='word_1_300' title='bbox 1335 4735 1371 4808; x_wconf 92' lang='lat' dir='ltr'>iu</span> <span class='ocrx_word' id='word_1_301' title='bbox 1392 4735 1492 4809; x_wconf 91' lang='lat' dir='ltr'>domi</span> <span class='ocrx_word' id='word_1_302' title='bbox 1511 4736 1699 4809; x_wconf 71' lang='grc'><strong>1111111111-</strong></span> 
     </span>
     <span class='ocr_line' id='line_1_35' title="bbox 378 4856 1700 4956; baseline -0.001 -26"><span class='ocrx_word' id='word_1_303' title='bbox 378 4857 529 4956; x_wconf 89' lang='lat' dir='ltr'>politani</span> <span class='ocrx_word' id='word_1_304' title='bbox 545 4856 605 4953; x_wconf 91' lang='lat' dir='ltr'>qui</span> <span class='ocrx_word' id='word_1_305' title='bbox 628 4857 714 4930; x_wconf 89' lang='lat' dir='ltr'>lecit</span> <span class='ocrx_word' id='word_1_306' title='bbox 732 4859 874 4954; x_wconf 89' lang='lat' dir='ltr'>pulsare</span> <span class='ocrx_word' id='word_1_307' title='bbox 902 4882 1115 4956; x_wconf 89' lang='lat' dir='ltr'>campanam</span> <span class='ocrx_word' id='word_1_308' title='bbox 1141 4882 1258 4950; x_wconf 88' lang='lat' dir='ltr'>suam,</span> <span class='ocrx_word' id='word_1_309' title='bbox 1277 4867 1312 4934; x_wconf 91' lang='lat' dir='ltr'>et</span> <span class='ocrx_word' id='word_1_310' title='bbox 1330 4859 1492 4934; x_wconf 90' lang='lat' dir='ltr'>interluit</span> <span class='ocrx_word' id='word_1_311' title='bbox 1508 4885 1590 4934; x_wconf 90' lang='lat' dir='ltr'>cum</span> <span class='ocrx_word' id='word_1_312' title='bbox 1609 4881 1700 4932; x_wconf 88' lang='lat' dir='ltr'>man·</span> 
     </span>
     <span class='ocr_line' id='line_1_36' title="bbox 380 4981 1701 5080; baseline -0.002 -24"><span class='ocrx_word' id='word_1_313' title='bbox 380 4982 465 5056; x_wconf 92' lang='lat' dir='ltr'>tello</span> <span class='ocrx_word' id='word_1_314' title='bbox 485 5007 593 5079; x_wconf 88' lang='lat' dir='ltr'>super</span> <span class='ocrx_word' id='word_1_315' title='bbox 609 4983 789 5075; x_wconf 89' lang='lat' dir='ltr'>rochetto,</span> <span class='ocrx_word' id='word_1_316' title='bbox 810 4991 847 5057; x_wconf 91' lang='lat' dir='ltr'>ut</span> <span class='ocrx_word' id='word_1_317' title='bbox 863 4985 952 5058; x_wconf 85' lang='lat' dir='ltr'>alias</span> <span class='ocrx_word' id='word_1_318' title='bbox 971 5011 978 5058; x_wconf 93' lang='lat'><strong>:</strong></span> <span class='ocrx_word' id='word_1_319' title='bbox 999 4991 1192 5060; x_wconf 87' lang='lat' dir='ltr'>tractatum</span> <span class='ocrx_word' id='word_1_320' title='bbox 1208 4985 1274 5059; x_wconf 87' lang='lat' dir='ltr'>luit</span> <span class='ocrx_word' id='word_1_321' title='bbox 1292 5009 1374 5060; x_wconf 91' lang='lat' dir='ltr'>cum</span> <span class='ocrx_word' id='word_1_322' title='bbox 1392 4987 1595 5060; x_wconf 89' lang='lat' dir='ltr'>oratoribus</span> <span class='ocrx_word' id='word_1_323' title='bbox 1614 4981 1701 5080; x_wconf 88' lang='lat' dir='ltr'>quod</span> 
     </span>
     <span class='ocr_line' id='line_1_37' title="bbox 380 5107 1702 5209; baseline -0.004 -28"><span class='ocrx_word' id='word_1_324' title='bbox 380 5112 507 5204; x_wconf 81' lang='lat' dir='ltr'>gentes</span> <span class='ocrx_word' id='word_1_325' title='bbox 525 5108 850 5206; x_wconf 89' lang='lat' dir='ltr'>Hispanorumque</span> <span class='ocrx_word' id='word_1_326' title='bbox 873 5110 1038 5209; x_wconf 87' lang='lat' dir='ltr'>ingresse</span> <span class='ocrx_word' id='word_1_327' title='bbox 1059 5111 1202 5184; x_wconf 83' lang='lat' dir='ltr'>lucrant</span> <span class='ocrx_word' id='word_1_328' title='bbox 1220 5110 1300 5185; x_wconf 88' lang='lat' dir='ltr'>heri</span> <span class='ocrx_word' id='word_1_329' title='bbox 1323 5117 1359 5186; x_wconf 91' lang='lat' dir='ltr'>et</span> <span class='ocrx_word' id='word_1_330' title='bbox 1377 5111 1493 5208; x_wconf 86' lang='lat' dir='ltr'>pridie</span> <span class='ocrx_word' id='word_1_331' title='bbox 1511 5111 1556 5185; x_wconf 87' lang='lat' dir='ltr'>de</span> <span class='ocrx_word' id='word_1_332' title='bbox 1573 5107 1702 5184; x_wconf 81' lang='lat' dir='ltr'>Morino</span> 
     </span>
     <span class='ocr_line' id='line_1_38' title="bbox 381 5217 1703 5332; baseline -0.001 -28"><span class='ocrx_word' id='word_1_333' title='bbox 381 5231 557 5305; x_wconf 87' lang='lat' dir='ltr'>deberent</span> <span class='ocrx_word' id='word_1_334' title='bbox 586 5233 668 5307; x_wconf 89' lang='lat' dir='ltr'>illuc</span> <span class='ocrx_word' id='word_1_335' title='bbox 692 5233 824 5327; x_wconf 89' lang='lat' dir='ltr'>redire,</span> <span class='ocrx_word' id='word_1_336' title='bbox 857 5242 893 5309; x_wconf 88' lang='lat' dir='ltr'>et</span> <span class='ocrx_word' id='word_1_337' title='bbox 920 5235 1063 5310; x_wconf 88' lang='lat' dir='ltr'>interim</span> <span class='ocrx_word' id='word_1_338' title='bbox 1088 5237 1186 5332; x_wconf 88' lang='lat' dir='ltr'>quod</span> <span class='ocrx_word' id='word_1_339' title='bbox 1204 5217 1430 5312; x_wconf 75' lang='lat' dir='ltr'>¹tractaretur</span> <span class='ocrx_word' id='word_1_340' title='bbox 1450 5261 1534 5312; x_wconf 91' lang='lat' dir='ltr'>cum</span> <span class='ocrx_word' id='word_1_341' title='bbox 1556 5237 1642 5309; x_wconf 87' lang='lat' dir='ltr'>duce</span> <span class='ocrx_word' id='word_1_342' title='bbox 1663 5231 1703 5302; x_wconf 89' lang='lat' dir='ltr'>de</span> 
     </span>
    </p>
   </div>
   <div class='ocr_carea' id='block_1_3' title="bbox 0 0 1772 6034">
    <p class='ocr_par' dir='ltr' id='par_1_7' title="bbox 0 0 1772 6034">
     <span class='ocr_line' id='line_1_39' title="bbox 0 0 1772 6034; baseline 0 0"><span class='ocrx_word' id='word_1_343' title='bbox 0 0 1772 6034; x_wconf 95' lang='lat' dir='ltr'> </span> 
     </span>
    </p>
   </div>
  </div>
 </body>
</html>
