3502 6036
344 617 395 671 190
795 607 969 665 ronnnrvvs
994 607 1217 678 eunonium,
1468 609 1662 677 [renierus]

343 766 449 855 tinus,
480 761 634 861 legatus,
662 763 724 859 qui
761 762 946 837 dominam
974 763 1180 838 Lucretiam
1209 764 1395 862 usquead
1422 768 1661 844 extraterras

343 893 468 964 sancte
486 911 642 962 romane
658 887 821 962 Ecclesia
839 888 1096 962 associaverat.

390 1014 497 1088 Feria
522 1012 642 1103 tertia,
674 1017 718 1087 25
747 1013 911 1112 ejusdem
938 1013 1073 1086 mensis
1095 1013 1269 1112 januarii,
1304 1013 1397 1088 testo
1424 1015 1661 1089 conversionis

341 1167 370 1214 s.
391 1139 491 1214 Pauli
511 1137 680 1236 apostoli,
703 1141 768 1212 88.
793 1143 835 1213 Ι).
865 1142 1004 1230 noster,
1031 1139 1126 1213 bono
1151 1163 1271 1230 mane,
1297 1140 1471 1236 equitavit
1494 1164 1560 1238 per
1576 1143 1660 1214 viam

341 1270 462 1362 Pape,
493 1264 609 1337 iturus
637 1263 682 1336 ad
711 1263 919 1352 Tusculum,
950 1268 987 1338 et
1017 1286 1104 1337 cum.
1134 1287 1177 1338 eo
1207 1263 1331 1337 RRmi.
1361 1268 1435 1338 Ι)Ι).
1466 1264 1659 1338 cardinales

341 1389 571 1478 cusentinus,
592 1388 754 1462 Estensis
782 1393 818 1461 et
845 1387 979 1487 Borgia
1003 1412 1086 1462 cum
1107 1388 1251 1462 modica
1275 1395 1383 1486 gente
1402 1393 1439 1464 et
1467 1389 1613 1477 lamilia,
1629 1395 1658 1462 et

341 1516 475 1590 ibidem
491 1513 576 1589 lecit
600 1514 681 1618 capi
702 1517 859 1610 quatuor
884 1514 1022 1588 incolas
1041 1520 1077 1588 et
1099 1515 1144 1588 ad
1163 1519 1343 1590 torturam
1364 1515 1448 1613 poni
1467 1515 1524 1588 vel
1539 1515 1657 1588 minari

341 1639 424 1714 cum
443 1640 508 1728 eis,
524 1643 564 1712 ut
582 1637 802 1737 intelligeret
819 1637 879 1712 ubi
898 1639 1099 1712 bombarde
1116 1643 1150 1713 et
1168 1639 1358 1713 artilliaria
1374 1639 1656 1714 Columnensium

340 1767 462 1837 essent
475 1761 704 1852 abscondita,
717 1761 791 1858 qui,
810 1765 910 1836 metu
926 1768 1082 1850 tortura,
1096 1762 1336 1838 ostenderunt
1352 1767 1450 1861 Pape
1469 1763 1531 1836 ubi
1545 1763 1657 1859 hujus

338 1886 437 1962 modi
456 1887 609 1960 luerunt
635 1885 861 1976 subterrata;
882 1909 952 1983 que
980 1891 1079 1984 Papa
1095 1887 1181 1960 lecit
1204 1887 1312 1960 ellodi
1331 1892 1368 1962 et
1391 1893 1546 1962 Romam
1568 1887 1652 1972 duci,

338 2035 410 2110 quo
427 2014 526 2110 Papa
544 2011 666 2086 rediit.

386 2137 576 2212 Dominica
596 2135 717 2228 tertia,
740 2141 785 2210 30
803 2136 892 2211 dicti
910 2137 1046 2210 mensis
1061 2137 1234 2234 januarii,
1255 2138 1291 2211 in
1311 2143 1419 2212 noete
1440 2137 1585 2212 interim
1604 2159 1653 2210 ve·

338 2261 436 2338 neris
453 2269 498 2338 ΙΙ
522 2262 679 2362 januarii
701 2262 869 2360 predicti,
891 2267 1020 2360 captus
1040 2253 1107 2336 luit
1125 2263 1238 2336 trater
1255 2287 1452 2360 germanus
1473 2266 1515 2337 D.
1538 2262 1653 2337 lohan-

339 2389 394 2462 nis
413 2389 602 2464 Laurentii
619 2390 664 2462 de
681 2388 856 2477 Venetiis,
877 2389 938 2484 qui
962 2389 1152 2463 dicebatur
1169 2413 1235 2486 per
1253 2389 1462 2487 predictum
1479 2393 1522 2463 Ι).
1538 2388 1653 2461 loban-

336 2535 420 2588 nem
440 2521 570 2590 contra
587 2517 723 2611 Papam
736 2520 772 2588 et
789 2511 920 2587 ducem
938 2513 1234 2589 Valentinensem
1248 2515 1369 2611 grecis
1387 2514 1520 2589 litteris
1531 2513 1652 2608 scripta

338 2639 373 2714 in
384 2640 536 2716 latinum
544 2639 773 2715 transtulisse
791 2644 828 2713 et
844 2638 1016 2714 Venetias
1035 2639 1176 2713 misisse
1188 2664 1196 2730 3
1210 2645 1247 2713 et
1259 2638 1651 2715 eademnoctesuerunt

337 2769 531 2862 exportata
549 2765 671 2838 omnia
694 2765 791 2838 bona
817 2762 983 2861 ejusdem
1011 2763 1122 2837 etiam
1146 2787 1213 2862 per
1233 2763 1441 2861 predictum
1464 2763 1651 2838 lohannem

335 2887 478 2977 relicta,
499 2887 581 2962 libri
594 2895 633 2962 et
651 2909 879 2986 quecumque
897 2887 981 2978 alia,
1000 2886 1090 2960 nihil
1106 2887 1142 2960 in
1161 2887 1240 2985 ejus
1258 2889 1368 2962 domo
1387 2886 1550 2975 dimisso,
1569 2880 1651 2980 quod

300 2986 305 2998 ⁸
336 3011 405 3086 suit
434 3011 593 3117 dominio
616 3013 844 3089 Venetorum
875 3012 951 3086 sine
983 3035 1088 3086 mora
1122 3012 1366 3109 significatum
1398 3017 1434 3087 et
1467 3009 1649 3087 dominium

341 3137 527 3236 rescripsit
546 3145 582 3211 et
603 3137 786 3212 commisit
808 3137 947 3212 oratori
973 3161 1100 3212 eorum
1126 3137 1222 3234 quod
1244 3137 1506 3212 instantissime
1531 3131 1650 3232 suppli·
1728 3205 1729 3209 ,

341 3266 443 3337 caret
477 3265 613 3337 SS..D.
641 3269 806 3338 nostrum
834 3287 901 3360 pro
925 3264 1001 3362 ejus
1029 3263 1259 3338 liberatione.
1288 3267 1421 3339 Orator
1447 3256 1649 3362 presentavit
1727 3279 1728 3307 t

341 3383 483 3462 litteras
519 3385 637 3462 eidem
664 3385 728 3462 88.
763 3389 932 3478 Domino,
965 3387 1205 3464 lune-ultima
1230 3389 1401 3487 januarii,
1428 3382 1648 3488 supplicando
1726 3367 1727 3403 v

341 3533 406 3610 pro
431 3512 530 3587 dicte
550 3513 767 3588 liberatione
796 3513 901 3602 illius,
928 3520 1037 3611 prout
1060 3513 1092 3586 ei
1115 3513 1236 3588 luerat
1258 3537 1484 3589 commssum
1505 3537 1512 3584 :
1532 3513 1589 3585 88.
1610 3509 1644 3578 Ι).

341 3645 468 3710 noster
493 3637 625 3712 dicitur
652 3638 887 3736 respondisse
914 3661 988 3712 non
1018 3638 1244 3712 existimasse
1273 3662 1350 3713 rem
1376 3639 1474 3714 banc
1508 3638 1644 3711 suturam
1722 3711 1723 3716 η

340 3763 445 3835 cordi
479 3762 654 3855 dominio,
691 3757 887 3861 propterea
910 3761 1035 3837 dolere
1063 3786 1135 3837 non
1163 3786 1271 3862 posse
1297 3787 1425 3839 eorum
1452 3759 1644 3862 petitionem

341 3883 529 3977 exaudire,
558 3907 640 3961 cum
661 3888 720 3962 ille
744 3893 841 3962 esset
863 3887 1051 3985 expeditus
1075 3913 1140 3986 pro
1164 3912 1236 3984 quo
1260 3888 1527 3988 supplicarent:
1546 3881 1645 3958 luerat

340 4009 490 4084 enimin
511 4016 619 4088 nocte
638 4014 812 4088 hesterna
828 4037 900 4110 qua
917 4015 1099 4088 Sanctitas
1117 4037 1183 4088 sua
1201 4011 1247 4088 ad
1269 4015 1404 4089 Urbem
1421 4010 1530 4089 rediit
1543 4017 1642 4083 elren·

339 4136 484 4232 gulatus
506 4133 603 4212 idem
621 4138 736 4213 frater
757 4137 799 4212 Ι).
826 4133 1001 4212 iohannis
1022 4144 1057 4213 et
1078 4140 1113 4212 in
1137 4139 1308 4238 Tyberim
1332 4141 1531 4240 projectus,
1552 4127 1641 4232 prout
1684 4225 1689 4240 Ι

337 4259 398 4334 alii
414 4261 596 4338 dicebant.

387 4386 492 4462 Feria
514 4395 659 4486 quarta,
684 4393 705 4463 2
726 4389 909 4482 februarii,
934 4389 1026 4466 iesto
1050 4391 1316 4490 purificationis
1336 4391 1441 4466 beate
1463 4386 1570 4464 Mario
1587 4378 1640 4452 vir·

336 4511 441 4610 ginis,
472 4515 535 4588 SS.
563 4518 607 4588 D.
632 4519 760 4588 noster
787 4514 972 4590 benedixit
1000 4525 1035 4591 et
1058 4517 1242 4590 distribuit
1266 4516 1437 4592 candelas
1462 4516 1500 4588 in
1523 4501 1640 4606 capella

336 4638 496 4737 majore:
527 4639 667 4737 recepit
690 4663 710 4712 a
735 4639 919 4714 cardinale
944 4642 1182 4740 Neapolitano
1205 4643 1375 4718 caudelas
1393 4665 1490 4730 suas,
1511 4646 1637 4735 quarum

336 4761 426 4836 duas
437 4763 596 4862 majores
607 4769 803 4839 tenuerunt
813 4771 961 4841 senator
972 4791 993 4840 a
1003 4767 1152 4858 dextris,
1167 4773 1203 4842 et
1213 4772 1256 4842 Ι).
1271 4767 1482 4842 Laurentius
1489 4755 1634 4840 Alterius

336 4888 475 4984 primus
499 4899 815 4982 conservatorum,
840 4915 863 4966 a
893 4892 1072 4983 sinistris;
1100 4917 1231 4990 aquam
1262 4900 1345 4991 post
1371 4887 1637 4968 distributionem

335 5014 502 5090 manibus
528 5020 625 5116 Pape
648 5016 747 5091 dedit
775 5019 818 5090 Ι).
851 5019 1075 5108 Franciscus,
1106 5019 1211 5094 miles
1238 5020 1377 5093 ordinis
1407 5045 1436 5093 s.
1467 5007 1578 5091 Jacobi
1601 4999 1635 5070 dt

336 5137 448 5234 Spala
462 5141 523 5238 qui
537 5143 691 5216 dederat
703 5141 858 5239 primam
874 5166 1003 5240 aquam
1019 5143 1157 5219 eisdem
1172 5144 1338 5219 manibus
1351 5145 1387 5217 in
1398 5145 1456 5219 die
1470 5123 1635 5216 nativitatis

336 5259 469 5338 Christi
492 5269 655 5365 proxime
677 5267 865 5365 preterita,
888 5293 953 5365 per
972 5269 1271 5346 inadvartantiam
1293 5294 1428 5363 meam,
1455 5285 1555 5366 quem
1577 5268 1634 5326 [¹⁰¹¹
