3506 6034
99 613 252 675 [ituram
293 570 297 578 ’
407 607 780 666 aununueemanuu
804 591 1068 666 cannarum.
1363 611 1416 668 evo

97 765 275 863 politanus,
306 747 577 848 Recanatensis‚
607 748 893 852 Beneventanus,
929 752 956 834 s'.
991 743 1177 854 Praxedis,
1205 764 1416 838 Alexandri-

98 915 168 978 nus,
184 913 211 961 e.
230 889 368 978 Crucis,
386 889 594 978 Grimauus,
617 873 917 984 Capntaquensis,
941 887 1194 977 Bononiensis,
1218 888 1262 961 de
1283 889 1414 966 Flisco.

98 1013 267 1103 Senensis,
289 1013 462 1104 Medicas,
490 1037 520 1085 s.
542 1013 715 1100 Severini,
738 1011 943 1099 CesarinuS,
963 1011 1007 1082 de
1026 995 1200 1085 Farnesio
1219 1018 1255 1084 et
1275 1013 1417 1086 Alibre-

96 1145 159 1224 tus;
175 1137 243 1210 hoc
257 1161 365 1210 mane
382 1136 615 1210 continuavit.
634 1135 713 1208 Fuit
729 1131 938 1208 scandalum
953 1134 1032 1208 heri
1048 1119 1251 1232 inceptum3
1267 1137 1416 1230 violate,

95 1269 185 1360 rapte
203 1285 244 1335 ac
262 1262 416 1360 spoliate
440 1251 569 1336 domus
588 1260 781 1334 cardinalis
801 1247 983 1336 Gasanove
1002 1247 1074 1334 sive
1092 1263 1214 1334 uxoris
1234 1285 1297 1336 sue
1320 1265 1415 1358 apud

96 1391 235 1461 Puteum
250 1387 383 1461 Album
400 1396 436 1460 et
453 1387 587 1459 ibidem
608 1386 735 1460 domus
755 1389 797 1459 D.
820 1387 964 1460 Andree
981 1387 1086 1462 Vives
1105 1394 1141 1460 et
1162 1371 1262 1462 retro
1283 1387 1418 1462 bancos

95 1511 213 1585 domus
228 1515 271 1585 l).
293 1503 445 1600 Sabelli,
465 1511 650 1608 scriptoris
669 1509 870 1607 apostolici,
890 1519 925 1582 et
943 1510 1056 1583 multe
1076 1511 1143 1584 alie
1164 1511 1292 1585 domus
1308 1513 1421 1586 diver-

94 1636 134 1708 sis
159 1635 284 1708 diebus
312 1637 408 1732 quod
432 1635 578 1732 qnidam
601 1635 702 1708 Corsi
729 1642 764 1707 et
794 1635 925 1707 milites
952 1659 994 1707 ev
1018 1635 1087 1707 illis
1111 1636 1155 1709 de
1190 1636 1328 1710 Ursinis
1350 1637 1420 1711 hoc

93 1760 255 1848 lecerunt,
278 1759 409 1833 habita
426 1760 575 1856 querela
591 1783 657 1856 per
672 1751 953 1856 gubernatorem
973 1766 1008 1834 et
1025 1761 1256 1857 capitaneum
1278 1761 1420 1859 collegii

92 1891 122 1956 et
137 1891 411 1958 conservatores
437 1890 473 1958 et
494 1877 633 1980 priores
652 1885 810 1981 capitum
832 1884 1039 1979 regionum,
1060 1883 1255 1959 offerentes
1278 1887 1421 1982 quodsi

92 2007 130 2080 de
155 2007 298 2082 duobus
329 2007 487 2081 millibus
517 2007 678 2105 peditum
711 2008 971 2082 distribuantur
1002 2015 1148 2082 centum
1174 2032 1239 2106 per
1263 2010 1422 2108 singulas

94 2133 251 2229 regiones
267 2156 353 2205 cum
369 2157 432 2206 suo
449 2133 675 2207 contestabili
692 2135 746 2206 vel
762 2133 951 2229 capitaneo
971 2134 1030 2228 qui
1048 2133 1272 2207 custodirent
1288 2135 1422 2208 Urbem

94 2263 125 2330 et
145 2281 215 2331 non
246 2262 420 2355 poterant
453 2258 599 2354 spoliari
626 2259 755 2332 domus
778 2258 832 2331 vel
851 2258 922 2330 alia
946 2258 1077 2330 similia
1104 2257 1195 2332 lieri.
1220 2260 1422 2333 Ludovicus

98 2382 237 2456 Ursinus
256 2383 402 2472 obtulit,
424 2385 452 2454 si
477 2383 626 2456 daretur
647 2383 713 2456 sibi
738 2385 917 2456 securitas
935 2407 1000 2480 per
1018 2391 1203 2457 oratorem
1228 2371 1421 2482 hispanum

96 2507 133 2580 de
152 2529 222 2581 non
247 2503 483 2594 offendendo,
506 2508 601 2603 quod
621 2509 699 2604 ipse
722 2507 828 2581 vellet
851 2515 963 2581 totam
989 2507 1176 2603 regionem
1204 2514 1240 2582 et
1264 2507 1423 2582 confinia

95 2629 216 2705 montis
232 2631 384 2706 Jordani
403 2639 621 2705 conservare
644 2633 689 2704 ab
710 2628 815 2704 omni
833 2631 1016 2705 scandalo.
1040 2631 1162 2704 RRmi.
1185 2635 1260 2705 Dl).
1284 2655 1424 2706 reman-

96 2763 208 2829 serunt
228 2757 264 2828 in
284 2755 395 2852 longa
417 2756 680 2830 consultatione
704 2757 751 2829 ad
774 2757 905 2830 multas
924 2753 1057 2829 horas:
1083 2757 1229 2829 tandem
1247 2749 1426 2830 miserunt

96 2879 135 2951 ad
155 2884 374 2978 Prosperum
398 2878 614 2954 Columnam
637 2887 674 2953 et
697 2882 847 2955 Ursinus
865 2881 924 2977 qui
943 2881 1175 2971 intraverant,
1203 2881 1300 2976 quod
1318 2882 1424 2954 ambe

95 3011 206 3101 partes
229 3005 391 3079 debeant
409 3007 507 3080 exire
527 3006 574 3078 'de
598 3007 692 3080 Urbe
718 3030 800 3079 cum
825 3007 992 3104 gentibus
1015 3006 1089 3078 suis
1106 3031 1113 3096 ;
1132 3003 1237 3079 ¹idem
1260 3007 1424 3104 promisit

97 3129 208 3203 lacere
226 3131 309 3203 dux
321 3153 404 3203 cum
418 3131 555 3227 gardia,
576 3133 680 3228 cujus
694 3140 824 3228 gentes
841 3153 969 3205 omues
983 3135 1160 3205 venerunt
1175 3137 1209 3204 et
1226 3140 1426 3228 posuerunt

96 3277 198 3351 equos
214 3279 305 3329 suos
317 3255 354 3327 iu
370 3255 537 3329 viridario
556 3260 665 3353 Pape,
682 3263 718 3332 et
729 3257 766 3328 in
782 3259 914 3330 Sancto
935 3257 1066 3352 Spiritu
1087 3263 1123 3330 et
1134 3278 1198 3352 per
1209 3263 1325 3330 totum
1340 3259 1427 3360 Bur-

97 3403 194 3480 gum;
215 3387 253 3455 et
277 3380 347 3452 sibi
369 3380 436 3454 luit
460 3380 564 3453 datus
583 3381 693 3454 hodie
716 3382 820 3478 panis
848 3383 893 3454 de
920 3382 1026 3454 lurno
1050 3384 1146 3476 Pape
1164 3385 1348 3454 extractus
1373 3381 1431 3453 vel

97 3503 176 3592 aliis,
197 3527 312 3602 quem
338 3511 465 3601 gentes
480 3507 590 3580 ‘ducis
613 3513 836 3604 acceperunt
859 3529 999 3580 omnes.
1027 3504 1175 3578 luterim
1199 3505 1296 3600 quod
1314 3504 1429 3576 cardi·

97 3629 187 3704 nales
205 3629 460 3722 consulerent,
481 3632 714 3728 quamplures
741 3633 803 3728 qui
826 3631 1046 3705 intraverant
1064 3629 1259 3724 quamdam
1277 3629 1426 3703 domum

98 3776 202 3852 prope
216 3761 385 3827 montem
399 3756 599 3829 lordanum
617 3763 653 3831 et
668 3767 750 3830 eam
767 3757 1011 3850 spoliaverant
1028 3756 1175 3828 luerunt
1189 3753 1226 3825 in
1240 3777 1284 3828 ea
1296 3753 1426 3836 clausi;

99 3883 128 3950 et
147 3884 328 3952 venerunt
352 3880 585 3975 gubernator,
611 3881 822 3980 capitaneus
842 3887 877 3955 et
899 3887 1171 3956 conservatores
1188 3879 1248 3976 qui
1266 3879 1431 3952 lecerunt

100 4002 181 4076 duos
200 4027 246 4077 ex
271 4005 340 4077 illis
365 4005 539 4102 suspendi
567 4007 603 4077 in
628 4007 684 4080 via
709 4030 781 4102 qua
805 4007 878 4080 itur
908 4007 954 4078 ad
982 4006 1209 4103 Capitolium,
1236 4003 1344 4077 simul
1371 4003 1431 4076 alii

99 4125 238 4203 luerunt
259 4129 390 4225 gladiis
409 4135 445 4204 et
458 4130 535 4203 aliis
558 4131 667 4204 armis
687 4131 877 4206 interlecti.
901 4131 1141 4228 Congregatio
1160 4129 1302 4204 duravit
1320 4152 1432 4225 nsque

102 4251 141 4324 ad
156 4253 339 4328 decimam
357 4277 491 4327 nonam
506 4255 648 4328 horam.
700 4265 704 4274 '

145 4381 220 4452 Hoc
253 4401 375 4468 mane,
406 4379 629 4471 antediem,
659 4381 747 4456 obiit
774 4387 818 4456 Ι).
850 4382 1035 4456 lohannes
1062 4380 1214 4468 Nardus,
1244 4378 1434 4474 episcopus

103 4504 265 4578 Sutrinos
283 4511 318 4578 et
337 4505 551 4601 Nepesinus,
564 4507 599 4578 in
616 4508 725 4581 domo
744 4508 825 4581 Rmi
843 4511 885 4582 b.
903 4505 1151 4594 Alexandrini,
1173 4503 1338 4600 quihora
1354 4521 1434 4572 ves-

102 4630 239 4724 pertina
259 4635 424 4727 portatus
446 4630 513 4704 luit
536 4630 582 4704 ad
605 4633 798 4707 ecclesiam
824 4659 854 4706 s.
879 4631 1068 4729 Augustini
1092 4631 1137 4702 de
1156 4628 1265 4717 Urbe,
1290 4621 1436 4698 honori-

105 4753 166 4828 fice
184 4754 386 4829 associatus
404 4761 439 4829 et
457 4755 592 4830 ibidem
611 4758 771 4856 sepultus
791 4759 889 4832 circa
906 4757 1136 4830 undecimam
1154 4752 1273 4827 noctis
1288 4752 1430 4824 horam.

148 4883 388 4955 Recesserunt
421 4904 465 4954 ex
497 4883 593 4955 Urbe
629 4885 705 4956 ub.
743 4884 943 4958 Ludovicus
972 4881 1015 4954 de
1048 4879 1216 4953 Pitiliano
1245 4883 1282 4950 et
1308 4873 1438 4948 Fabius

106 5004 250 5078 Ursinus
272 5029 357 5078 cum
384 5007 552 5104 gentibus
580 5009 655 5081 suis
683 5031 807 5082 versus
830 5011 1096 5081 Lomentenum
1118 5010 1155 5078 et
1176 5009 1340 5076 montem
1364 5001 1436 5072 Ro-

108 5127 254 5203 tundum
281 5129 319 5204 in
345 5131 493 5206 nomine
519 5133 683 5206 Domini:
711 5142 793 5207 ante
817 5156 942 5206 eorum
961 5151 1164 5218 recessum,
1187 5125 1284 5202 circa
1308 5123 1440 5197 horam

110 5251 316 5348 vigesimam
339 5257 499 5346 tertiam,
524 5259 601 5330 Uon
626 5257 855 5332 blichelottus
874 5281 957 5332 cum
983 5255 1153 5354 gentibus
1178 5252 1253 5325 suis
1275 5249 1371 5323 venit
1392 5245 1438 5321 ad
