3506 6034
331 537 385 594 280
790 535 964 593 JOHANNIS
989 536 1210 606 BURCHARDI,
1451 539 1577 599 [occure
1594 541 1654 590 taos·

333 691 430 762 mani
445 689 517 762 hoc
532 691 651 764 lacere
669 691 715 762 ad
730 689 852 784 plures
868 689 959 777 dies,
981 699 1016 763 et
1036 691 1138 762 multi
1151 691 1187 762 in
1208 699 1362 778 secreto,
1380 703 1528 765 centum
1542 691 1651 780 simul,

331 819 368 887 61
395 814 792 910 pluresequitaverunt
820 819 903 909 post
926 813 1099 910 campum
1126 815 1312 889 Gallorum
1343 823 1381 890 ut
1407 817 1584 889 inferrent
1609 815 1653 889 eis

335 939 482 1011 damna.

380 1063 444 1135 Dic
457 1063 564 1159 jovis,
586 1067 630 1134 18
649 1063 880 1160 septembris,
907 1072 989 1160 post
1013 1067 1219 1163 prandium,
1245 1067 1437 1141 cardinalis
1461 1091 1491 1138 s.
1518 1068 1651 1162 Georgii

329 1187 418 1259 dixit
450 1188 638 1273 Saonensi,
674 1187 877 1284 Spoletina,
910 1191 1189 1286 prothonotario
1219 1193 1263 1264 de
1293 1193 1489 1290 Spiritibus
1518 1191 1654 1264 etmihi

329 1335 453 1386 coram
483 1335 527 1384 eo
558 1313 788 1409 congregatis
819 1314 916 1408 quod
943 1319 1040 1412 Papa
1074 1325 1221 1414 propter
1254 1317 1387 1390 malam
1415 1315 1652 1388 valetudinem

329 1435 441 1508 nollet
473 1436 508 1508 in
542 1436 600 1508 (116
630 1437 875 1510 coronationis
907 1463 969 1512 sue
994 1442 1157 1536 equitare
1180 1442 1225 1514 ad
1248 1465 1278 1514 s.
1304 1441 1527 1528 iohannem,
1545 1437 1657 1512 sedad

194 1561 200 1570 “
330 1585 359 1632 s.
379 1563 524 1632 Petrum
543 1559 647 1632 vellet
663 1561 844 1657 proficisci
860 1587 867 1650 ;
884 1562 1015 1637 deinde
1032 1565 1125 1639 bene
1142 1575 1290 1638 sanatus
1312 1564 1421 1638 vellet
1439 1563 1606 1659 equitare
1621 1563 1657 1634 ad

329 1687 560 1757 Lateranum.

368 1793 512 1882 'Eadem
529 1809 599 1898 dic,
621 1813 717 1906 Papa
740 1811 918 1884 conclusit
940 1835 1085 1885 mecum
1107 1810 1196 1884 velle
1222 1835 1353 1908 capere
1376 1811 1547 1884 ordinem
1562 1833 1654 1906 pres-

332 1930 515 2028 byteratus
531 1933 590 2006 die
606 1933 745 2007 sabbati
762 1942 797 2007 et
812 1919 995 2008 dominica
1011 1933 1217 2008 consecrari
1233 1959 1255 2007 a
1270 1960 1299 2007 s.
1323 1936 1418 2009 Petri
1431 1934 1480 2007 ad
1497 1932 1653 2014 Vincula,

329 2062 365 2128 61
381 2055 518 2128 habere
534 2079 737 2130 assessores
753 2058 943 2156 episcopos
961 2061 1185 2132 Saonensem
1204 2065 1241 2131 et
1262 2059 1515 2154 Spoletanum,
1534 2056 1578 2130 de
1594 2079 1657 2150 quc

328 2179 459 2252 avisavi
472 2181 695 2254 cardinalem
712 2207 741 2255 s.
760 2183 858 2256 Petri
874 2183 919 2256 ad
934 2183 1100 2260 Vincula.

378 2304 443 2377 Die
467 2305 621 2394 veneris,
651 2311 696 2378 19
718 2307 949 2402 septembris,
973 2308 1138 2381 ordinavi
1163 2308 1286 2382 sedem
1307 2332 1375 2405 pro
1400 2311 1514 2403 Papa,
1538 2306 1575 2378 in
1593 2327 1656 2399 qua

329 2430 461 2502 sedens
495 2429 660 2502 cruribus
685 2433 844 2504 extensis
877 2431 1106 2506 ordinaretur
1130 2454 1173 2504 ac
1201 2432 1415 2521 celebraret,
1443 2439 1481 2504 et
1505 2451 1657 2502 mensum
1716 2461 1721 2472 ·

328 2553 475 2649 longam
492 2578 556 2650 pro
581 2555 706 2642 altare,
728 2563 764 2630 ut
781 2559 892 2652 podes
911 2558 1037 2630 subtus
1054 2556 1200 2631 extendi
1214 2565 1375 2653 possent.

378 2678 443 2749 Die
474 2677 627 2765 sabbati,
660 2684 705 2751 30
738 2682 969 2776 septembris,
1003 2681 1039 2752 in
1072 2681 1164 2755 testo
1192 2705 1221 2752 s.
1258 2681 1491 2777 Hieronymi,
1530 2677 1655 2775 paratis
1740 2719 1741 2792 y

329 2801 496 2874 omnibus
521 2809 631 2897 prout
656 2804 692 2874 in
712 2804 833 2877 libello
856 2829 920 2902 per
942 2829 1000 2878 me
1026 2806 1192 2878 ordinato
1213 2805 1249 2877 in
1270 2804 1379 2878 tertia
1398 2826 1562 2891 camera,
1587 2806 1658 2898 post
1740 2799 1741 2854 1

330 2924 450 2996 aulam
465 2926 691 3020 pontificum,
702 2932 825 3001 Rmus
836 2934 878 3003 D.
899 2930 1093 3034 cardinalis
1108 2955 1137 3002 s
1155 2929 1251 3003 Petri
1270 2929 1314 3002 ad
1328 2923 1658 3004 Vinculaordinavit

329 3051 464 3143 Papam
481 3048 516 3119 in
535 3051 802 3148 presbyterum,
821 3055 981 3150 acceptis
998 3078 1065 3150 per
1084 3063 1276 3149 utrumque
1292 3051 1517 3148 paramentis
1534 3047 1650 3122 solitis.

329 3171 531 3244 Cardinalis
554 3198 582 3245 s.
612 3179 708 3249 Petri
734 3177 780 3249 ad
802 3179 957 3252 Vincula
981 3179 1136 3253 accessit
1159 3179 1194 3250 in
1219 3177 1366 3274 planeta
1394 3176 1439 3248 ad
1468 3179 1599 3270 Papam
1621 3171 1650 3242 iu

330 3295 390 3367 illa
404 3297 489 3369 sede
512 3299 690 3390 ordinata,
716 3303 760 3374 ad
781 3304 902 3375 omnia
923 3303 1124 3394 sedentem,
1144 3304 1249 3376 etsie
1266 3301 1368 3398 petiit
1388 3299 1455 3372 sibi
1476 3296 1566 3372 tradi
1587 3294 1653 3391 pal-

328 3418 415 3490 lium
432 3422 573 3496 ratione
596 3424 750 3497 ecclesie
774 3425 948 3498 Ostiensis
963 3427 1059 3522 quod
1077 3399 1262 3520 nunquam
1284 3423 1424 3497 habuit.
1446 3427 1545 3519 Pape
1562 3417 1651 3492 dedit

329 3543 396 3616 sibi
422 3545 573 3620 dicens:
606 3579 622 3614 (ι
645 3549 778 3647 Accipe
799 3551 950 3646 pallium
978 3551 1185 3624 universalis
1211 3549 1370 3622 Ecclesia
1395 3579 1426 3636 u,
1458 3544 1588 3620 deinde
1614 3567 1651 3614 ex

326 3666 421 3740 libro
444 3677 549 3764 prout
577 3671 613 3743 in
637 3672 773 3762 lorma;
799 3683 834 3746 et
860 3697 928 3770 ego
954 3676 1073 3770 aptavi
1091 3673 1251 3770 spinulas
1277 3675 1372 3768 Papo
1391 3665 1427 3743 in
1449 3663 1649 3767 hujusmodi

328 3791 436 3886 pallio
469 3793 604 3888 inquo
633 3821 661 3867 s.
694 3798 788 3870 Petri
818 3797 864 3870 ad
889 3798 1043 3872 Vincula
1067 3797 1265 3870 celebravit
1289 3799 1324 3867 et
1354 3793 1534 3867 ordinavit
1563 3810 1651 3863 eum.

328 3916 365 3986 S.
392 3916 536 4012 Georgii
562 3927 597 3989 et
615 3919 803 4009 Columna,
824 3921 980 4008 diaconi,
1000 3921 1332 4014 assisterunt·Pape
1349 3917 1385 3990 in
1407 3912 1605 3994 dalmaticis
1624 3919 1651 3981 et

329 4037 489 4133 episcopi
514 4041 684 4113 Senensis
701 4051 736 4114 et
757 4044 973 4139 Spoletanus
997 4045 1195 4118 servierunt
1217 4047 1313 4139 Papa
1337 4042 1382 4114 (16
1399 4039 1492 4114 libro
1515 4047 1549 4110 61
1575 4055 1653 4108 can·

329 4159 410 4232 dela
436 4161 471 4232 in
496 4163 710 4258 pluvialibus
735 4169 812 4240 sine
831 4169 952 4241 mitra.
977 4168 1221 4241 interfuerunt
1241 4165 1446 4240 cardinales
1470 4169 1508 4237 61
1529 4155 1647 4234 medici

327 4283 364 4354 in
385 4287 507 4381 cappis
529 4289 698 4364 sedentes
723 4291 769 4363 ad
788 4301 944 4388 portam,
966 4294 1071 4388 juxta
1091 4315 1250 4364 murum.
1275 4292 1387 4363 Missa
1413 4289 1479 4362 luit
1504 4281 1650 4360 (1161616

327 4431 355 4479 s.
380 4409 600 4509 Hieronymo
626 4437 708 4487 cum
734 4417 897 4490 oratione
932 4441 999 4513 pro
1032 4417 1232 4490 ordinando
1260 4415 1397 4510 absque
1420 4413 1541 4508 aliqua
1564 4427 1650 4480 com-

327 4535 602 4610 memoratione.
625 4541 873 4614 Interluerunt
889 4541 963 4614 DD.
983 4543 1181 4614 Lucentius
1199 4539 1457 4626 subdiaconus,
1479 4529 1648 4609 Arnoldus

181 4708 183 4712 -
326 4657 470 4729 auditor
489 4665 526 4732 et
540 4663 731 4735 Marcellus
749 4666 923 4763 acolytus

376 4779 439 4853 Die
456 4781 650 4872 dominica,
675 4789 887 4878 loctobris,
908 4789 1148 4863 cardinalias.
1169 4791 1265 4862 Petri
1290 4789 1337 4862 ad
1356 4787 1509 4864 Vincula
1528 4801 1644 4858 conse-

326 4903 435 4976 cravit
454 4908 589 5001 Papam
608 4909 643 4981 in
661 4910 872 5008 episcopum
890 4913 926 4984 in
942 4937 1091 4987 camera
1109 4913 1329 5010 supradicta,
1349 4934 1494 5007 semper
1513 4911 1548 4981 in
1569 4901 1643 4977 sede

326 5025 525 5101 sedentem.
546 5033 749 5106 Astiterunt
765 5037 926 5132 episcopi
942 5038 1137 5111 Saonensis
1154 5047 1190 5110 61
1206 5037 1436 5134 Spoletanus,
1456 5027 1641 5106 servierunt

325 5147 370 5218 de
386 5148 479 5222 libro
498 5155 657 5250 episcopi
677 5158 888 5232 Nolanensis
912 5167 948 5234 et
971 5162 1199 5235 Zamorensis
1228 5163 1264 5234 in
1288 5157 1515 5258 pluvialibus,
1541 5149 1640 5228 cardi·
