3554 6042
305 620 357 677 tol
403 627 409 637 ·
579 615 586 623 “
760 607 935 666 JOHANNIS
961 605 1182 677 BURCHARDI,
1388 609 1647 672 [Nasamoniaco]

304 767 488 857 violaceis,
509 781 599 860 quos
609 761 831 860 reprehendi
847 761 934 836 lecit
951 765 1051 859 Papa
1064 784 1131 859 per
1150 765 1193 834 D.
1208 763 1248 834 B.
1267 759 1464 850 Guttiercz,
1485 767 1522 836 et
1537 763 1645 860 quod

306 919 389 970 cras
404 916 471 991 per
490 888 759 964 solemnitatem
776 887 940 962 venirent
954 886 991 960 in
1008 887 1135 962 rubeis
1151 908 1291 976 omnes,
1313 885 1425 960 etiam
1445 885 1542 983 quod
1558 887 1647 960 llis·-

307 1019 414 1117 panie
428 1019 552 1090 orator
567 1013 767 1112 deponeret
781 1013 942 1110 nigrum,
957 1011 1056 1109 quod
1069 1011 1249 1088 lecerunt.

357 1141 559 1231 Dominica,
572 1145 594 1214 2
609 1138 830 1230 novembris,
847 1138 1150 1235 lueruntvespere
1167 1145 1203 1212 et
1221 1137 1398 1212 matutine
1409 1141 1647 1213 mortuorum

308 1269 345 1342 iu
367 1265 509 1364 capella
533 1265 680 1363 majori,
708 1266 808 1360 Papa
833 1262 983 1337 absente
1012 1267 1162 1360 propter
1189 1264 1391 1361 podagram
1417 1262 1647 1352 venientem

309 1397 435 1466 Rmus.
464 1389 673 1478 cardinalis,
697 1387 754 1461 die
775 1387 936 1461 crastina
955 1386 1204 1461 celebraturus
1226 1387 1337 1460 etiam
1365 1411 1440 1461 non
1465 1386 1646 1462 interfuit.

310 1517 449 1590 Primus
465 1513 673 1602 cardinalis,
688 1511 857 1587 videlicet
869 1512 1110 1601 camerarius,
1136 1512 1279 1610 accepit
1299 1517 1517 1610 paramenta
1540 1511 1650 1586 solita

309 1641 346 1714 in
364 1639 563 1713 faldistorio
581 1643 618 1712 et
634 1636 723 1710 dixit
739 1635 1040 1714 orationemcum
1056 1635 1220 1732 vesperis
1236 1641 1273 1710 et
1283 1635 1484 1712 matutinis.

359 1768 472 1854 Lune,
497 1767 517 1836 3
538 1759 760 1850 novembris,
781 1759 850 1834 luit
871 1760 983 1833 missa
1001 1759 1257 1834 defunctorum
1277 1759 1314 1834 in
1335 1761 1467 1835 eadem
1488 1759 1643 1857 capeba,

310 1912 418 1987 quam
437 1885 633 1961 celebravit
645 1883 845 1958 cardinalis
864 1882 1093 1973 Cusentinus,
1113 1887 1213 1981 Papa
1225 1885 1388 1959 absente.

360 2011 540 2100 Mercurii,
560 2015 580 2085 5
597 2009 818 2100 novembris,
835 2009 903 2084 luit
917 2009 1038 2106 prima
1052 2007 1168 2083 missa
1182 2011 1418 2108 exequiarum
1443 2011 1541 2087 bone
1568 2036 1647 2086 me-

310 2139 427 2212 morie
454 2135 650 2212 cardinalis
674 2134 833 2227 Ascanii,
855 2159 965 2232 quam
992 2135 1189 2210 celebravit
1210 2137 1406 2211 cardinalis
1428 2141 1612 2213 Cumanus
1634 2163 1643 2211 :

309 2262 555 2336 interfuerunt
572 2259 695 2356 viginti
718 2263 794 2334 tres
810 2257 1025 2348 cardinales,
1043 2258 1210 2335 videlieet
1231 2261 1506 2358 Neapolitanus,
1532 2267 1648 2338 Rece-

310 2387 483 2478 uateusis,
506 2384 741 2477 camerarius,
764 2383 1043 2474 Alexandrinus,
1065 2385 1290 2484 Agrigensis,
1311 2391 1508 2478 Cumanus,
1532 2387 1650 2462 Arbo-

311 2512 442 2604 rensiS,
461 2509 664 2608 Regiensis,
689 2509 917 2598 Gusentinus,
939 2508 1201 2599 salernitanus,
1220 2510 1371 2594 Fbscus,
1395 2512 1589 2601 Adrianus,
1615 2537 1645 2585 s.

312 2637 410 2712 Petri
429 2637 474 2712 ad
492 2634 658 2724 Vincula,
679 2633 869 2725 Columna,
889 2633 1060 2726 Medices,
1081 2659 1111 2708 s.
1133 2635 1310 2725 Severini,
1328 2635 1537 2727 Cesarinus,
1559 2641 1649 2710 Far-

311 2762 447 2852 nesiuS,
475 2761 662 2858 Aregonia
688 2764 725 2834 et
755 2758 935 2849 Elnensis,
963 2759 1162 2856 dequibus
1188 2784 1218 2834 s.
1247 2760 1386 2853 Crucis,
1417 2761 1646 2860 Agrigensis,

311 2886 518 2974 Grimanus,
548 2883 769 2958 Arborensis
792 2883 1038 2958 absolverunt.
1066 2883 1203 2958 Fedrus
1227 2884 1314 2960 lecit
1334 2885 1539 2960 orationem
1562 2891 1651 2982 post
1772 2881 1773 2918 r

312 3011 475 3098 missam,
493 3007 715 3105 singularem
731 3007 827 3083 inter
845 3032 974 3084 omnes
989 3031 1080 3106 quas
1096 3033 1257 3106 unquam
1274 3009 1379 3100 fecie
1406 3009 1545 3084 duravit
1562 3010 1655 3084 dua·

313 3135 382 3209 bus
408 3133 510 3208 horis
552 3137 677 3230 preter
712 3133 974 3230 cujuscumque
1015 3133 1168 3208 tedium.
1204 3133 1311 3210 Circa
1344 3135 1481 3209 lectum
1510 3135 1655 3210 doloris
1771 3179 1772 3222 ,

314 3258 463 3332 luerunt
478 3255 836 3354 interliciatrigiuta‚
855 3279 967 3330 uuum
987 3257 1032 3330 ad
1049 3263 1159 3354 caput
1178 3263 1215 3332 at
1231 3257 1332 3332 aliud
1348 3259 1394 3334 ad
1412 3257 1526 3356 pedes
1551 3259 1655 3333 iuter

314 3381 475 3480 singulas
497 3379 685 3454 columnas
708 3403 859 3456 arcuum
883 3379 1056 3470 ecclesie;
1077 3380 1196 3456 facule
1220 3405 1374 3456 numero
1393 3383 1652 3481 quadraginta,

314 3513 397 3582 octo
414 3505 510 3580 inter
521 3527 628 3580 arcus
647 3502 783 3578 tribuni
794 3503 931 3594 altaris,
951 3509 1091 3602 septem
1107 3503 1319 3602 aquolibet,
1331 3528 1485 3602 queuon
1503 3507 1657 3583 luerunt

315 3653 486 3722 acccusc3
506 3627 543 3703 iu
558 3633 778 3718 transverso,
798 3631 899 3702 retro
918 3627 1035 3703 altare
1053 3629 1184 3727 majus,
1205 3635 1288 3703 octo
1307 3635 1344 3704 et
1362 3629 1513 3704 tolidem
1538 3655 1658 3728 supra
1769 3693 1770 3728 ,

316 3760 460 3854 portam
478 3752 651 3841 ecclesie;
676 3753 748 3825 duo
771 3738 867 3848 apud
888 3751 1114 3850 depositum3
1140 3753 1308 3846 sacriste,
1332 3755 1484 3845 oratori,
1506 3758 1658 3854 regenti
1769 3729 1770 3759 ¹

317 3877 531 3954 cancellarie
559 3881 595 3950 et
617 3875 759 3948 custodi
786 3880 959 3972 quatuor,
985 3884 1022 3950 el
1045 3881 1204 3974 quatuor
1227 3900 1294 3975 pro
1323 3877 1444 3952 missis
1467 3879 1582 3953 bassis
1610 3903 1659 3955 ac
1768 3955 1769 3978 ,

317 4003 458 4078 duabus
475 3999 624 4098 capellis
641 4003 678 4073 et
693 3999 933 4074 servientibus
953 4024 1154 4092 armorum,
1172 4025 1302 4076 omnes
1315 4002 1360 4076 de
1378 4009 1533 4100 quatuor
1548 4004 1658 4078 libris
1768 3979 1769 4013 ¹

319 4136 356 4204 et
372 4126 477 4202 altari
493 4125 644 4223 triginta
660 4124 746 4198 duo.
765 4126 913 4200 Funesti
928 4127 1077 4202 luerunt
1087 4125 1277 4224 sexaginta
1288 4126 1346 4201 vel
1356 4127 1463 4202 eirca.
1484 4134 1658 4204 Castrum
1767 4219 1768 4230 χ

321 4251 458 4330 doloris
487 4251 553 4325 luit
582 4249 734 4347 longum
768 4253 805 4322 et
831 4249 974 4348 largum
1007 4257 1185 4349 quantum
1210 4251 1329 4350 potuit
1354 4276 1433 4327 esse
1459 4276 1528 4350 pro
1554 4259 1661 4329 tanta
1767 4255 1768 4265 ’

322 4378 490 4468 ecclesia,
511 4375 679 4450 similiter
707 4374 837 4464 altum;
866 4375 1015 4452 luerunt
1040 4376 1078 4451 iu
1100 4376 1163 4453 illo
1187 4377 1338 4452 candele
1360 4377 1569 4477 octingenta
1598 4380 1660 4455 vel

324 4504 437 4596 circa,
458 4501 654 4582 unciarum
669 4521 751 4588 sex;
772 4498 842 4574 alia
858 4523 964 4576 more
978 4501 1097 4578 solito.
1766 4487 1767 4519 ³

371 4627 469 4703 lovis
493 4631 529 4718 6,
553 4623 694 4699 veneris
713 4629 748 4717 7,
771 4625 912 4700 sabbati
929 4631 965 4717 8,
990 4625 1177 4702 dominica
1198 4631 1234 4720 9,
1255 4625 1342 4702 lune
1371 4632 1429 4718 10,
1449 4629 1574 4704 martis
1597 4634 1657 4724 ll,

325 4751 498 4827 mercurii
518 4754 561 4824 12
585 4746 809 4840 novembris,
836 4771 966 4824 novem
993 4751 1136 4828 dierum
1161 4749 1324 4849 singulis,
1352 4751 1546 4852 episcopus
1572 4757 1660 4830 Cus-
1765 4743 1766 4746 ¹

326 4867 459 4952 irensis
483 4874 641 4950 cantavit
668 4872 816 4946 missam
840 4873 1036 4971 publicam,
1068 4875 1126 4950 cui
1150 4875 1270 4950 nullus
1294 4875 1454 4973 prelatus
1481 4877 1658 4966 interluit,

327 5001 395 5075 nisi
420 5024 502 5100 ego.
530 4997 717 5074 lutorticia
744 4998 790 5070 de
815 5005 971 5096 quatuor
998 5001 1099 5076 libris
1127 5001 1275 5076 luerunt
1301 5001 1510 5099 dispensata
1537 5003 1659 5103 viginti

328 5126 499 5222 quinque,
520 5123 686 5198 videlicet
701 5121 899 5198 celebranti
920 5149 1046 5218 unum,
1067 5147 1178 5223 supra
1193 5131 1352 5200 castrum
1374 5133 1546 5224 quatuor,
1567 5129 1663 5204 circa

329 5249 552 5346 sepulturam
569 5247 856 5344 quatuordecim,
877 5250 960 5325 dico
978 5251 1023 5324 ad
1037 5250 1277 5326 elevationem
1299 5253 1519 5326 sacramenti
1537 5251 1663 5328 altaris
1763 5259 1764 5272 ³
