<?xml version="1.0" encoding="UTF-8"?>
<!DOCTYPE html PUBLIC "-//W3C//DTD XHTML 1.0 Transitional//EN"
    "http://www.w3.org/TR/xhtml1/DTD/xhtml1-transitional.dtd">
<html xmlns="http://www.w3.org/1999/xhtml" xml:lang="en" lang="en">
 <head>
  <title>
</title>
<meta http-equiv="Content-Type" content="text/html;charset=utf-8" />
  <meta name='ocr-system' content='tesseract 3.04.00' />
  <meta name='ocr-capabilities' content='ocr_page ocr_carea ocr_par ocr_line ocrx_word'/>
</head>
<body>
  <div class='ocr_page' id='page_1' title='image "./johannisburchar03burcgoog/johannisburchar03burcgoog_0143.png"; bbox 0 0 3590 6042; ppageno 0'>
   <div class='ocr_carea' id='block_1_1' title="bbox 94 601 1425 678">
    <p class='ocr_par' dir='ltr' id='par_1_1' title="bbox 94 601 1425 678">
     <span class='ocr_line' id='line_1_1' title="bbox 94 601 1425 678; baseline 0.003 -14"><span class='ocrx_word' id='word_1_1' title='bbox 94 613 164 678; x_wconf 78' lang='lat' dir='ltr'>{soro</span> <span class='ocrx_word' id='word_1_2' title='bbox 179 614 252 676; x_wconf 76' lang='lat' dir='ltr'>reve]</span> <span class='ocrx_word' id='word_1_3' title='bbox 430 607 556 666; x_wconf 77' lang='lat' dir='ltr'>RERUM</span> <span class='ocrx_word' id='word_1_4' title='bbox 579 603 806 664; x_wconf 75' lang='lat' dir='ltr'>UthANARUM</span> <span class='ocrx_word' id='word_1_5' title='bbox 831 601 1095 670; x_wconf 74' lang='lat' dir='ltr'><strong>COMMENTARH.</strong></span> <span class='ocrx_word' id='word_1_6' title='bbox 1388 613 1425 668; x_wconf 83' lang='lat'>63</span> 
     </span>
    </p>
   </div>
   <div class='ocr_carea' id='block_1_2' title="bbox 96 759 1426 1615">
    <p class='ocr_par' dir='ltr' id='par_1_2' title="bbox 96 759 1420 985">
     <span class='ocr_line' id='line_1_2' title="bbox 96 759 1420 863; baseline -0.004 -21"><span class='ocrx_word' id='word_1_7' title='bbox 96 771 175 842; x_wconf 93' lang='lat' dir='ltr'>loco</span> <span class='ocrx_word' id='word_1_8' title='bbox 197 787 294 856; x_wconf 90' lang='lat' dir='ltr'>esse,</span> <span class='ocrx_word' id='word_1_9' title='bbox 318 765 383 838; x_wconf 92' lang='lat' dir='ltr'>sed</span> <span class='ocrx_word' id='word_1_10' title='bbox 405 763 490 863; x_wconf 86' lang='lat' dir='ltr'>post</span> <span class='ocrx_word' id='word_1_11' title='bbox 511 759 738 850; x_wconf 85' lang='lat' dir='ltr'>Cesarinum,</span> <span class='ocrx_word' id='word_1_12' title='bbox 759 765 870 857; x_wconf 91' lang='lat' dir='ltr'>prout</span> <span class='ocrx_word' id='word_1_13' title='bbox 893 761 1014 858; x_wconf 92' lang='lat' dir='ltr'>primo</span> <span class='ocrx_word' id='word_1_14' title='bbox 1035 763 1172 853; x_wconf 84' lang='lat' dir='ltr'>luerat3</span> <span class='ocrx_word' id='word_1_15' title='bbox 1197 786 1271 836; x_wconf 90' lang='lat' dir='ltr'>non</span> <span class='ocrx_word' id='word_1_16' title='bbox 1295 769 1420 838; x_wconf 90' lang='lat' dir='ltr'>tamen</span> 
     </span>
     <span class='ocr_line' id='line_1_3' title="bbox 97 885 1151 985; baseline -0.006 -19"><span class='ocrx_word' id='word_1_17' title='bbox 97 894 228 966; x_wconf 87' lang='lat' dir='ltr'>debere</span> <span class='ocrx_word' id='word_1_18' title='bbox 247 892 361 967; x_wconf 88' lang='lat' dir='ltr'>mado</span> <span class='ocrx_word' id='word_1_19' title='bbox 379 888 527 978; x_wconf 86' lang='lat' dir='ltr'>mutari,</span> <span class='ocrx_word' id='word_1_20' title='bbox 550 889 614 962; x_wconf 92' lang='lat' dir='ltr'>sed</span> <span class='ocrx_word' id='word_1_21' title='bbox 633 911 702 985; x_wconf 90' lang='lat' dir='ltr'>pro</span> <span class='ocrx_word' id='word_1_22' title='bbox 721 885 795 960; x_wconf 92' lang='lat' dir='ltr'>alia</span> <span class='ocrx_word' id='word_1_23' title='bbox 813 885 888 960; x_wconf 92' lang='lat' dir='ltr'>vice</span> <span class='ocrx_word' id='word_1_24' title='bbox 908 887 1151 960; x_wconf 89' lang='lat' dir='ltr'>considerari.</span> 
     </span>
    </p>

    <p class='ocr_par' dir='ltr' id='par_1_3' title="bbox 97 1009 1426 1615">
     <span class='ocr_line' id='line_1_4' title="bbox 142 1009 1426 1114; baseline -0.002 -22"><span class='ocrx_word' id='word_1_25' title='bbox 142 1017 248 1092; x_wconf 83' lang='lat' dir='ltr'>Faria</span> <span class='ocrx_word' id='word_1_26' title='bbox 265 1017 408 1114; x_wconf 90' lang='lat' dir='ltr'>quinta,</span> <span class='ocrx_word' id='word_1_27' title='bbox 436 1020 480 1089; x_wconf 82' lang='lat'>18</span> <span class='ocrx_word' id='word_1_28' title='bbox 502 1013 591 1088; x_wconf 93' lang='lat' dir='ltr'>dicti</span> <span class='ocrx_word' id='word_1_29' title='bbox 614 1010 750 1086; x_wconf 85' lang='lat' dir='ltr'>mensis</span> <span class='ocrx_word' id='word_1_30' title='bbox 773 1009 879 1108; x_wconf 90' lang='lat' dir='ltr'>junii,</span> <span class='ocrx_word' id='word_1_31' title='bbox 905 1010 998 1085; x_wconf 89' lang='lat' dir='ltr'>lesto</span> <span class='ocrx_word' id='word_1_32' title='bbox 1022 1011 1190 1110; x_wconf 91' lang='lat' dir='ltr'>corporis</span> <span class='ocrx_word' id='word_1_33' title='bbox 1213 1013 1361 1107; x_wconf 75' lang='lat' dir='ltr'>Christi,</span> <span class='ocrx_word' id='word_1_34' title='bbox 1388 1015 1426 1089; x_wconf 95' lang='lat' dir='ltr'>in</span> 
     </span>
     <span class='ocr_line' id='line_1_5' title="bbox 97 1135 1426 1240; baseline -0.002 -23"><span class='ocrx_word' id='word_1_35' title='bbox 97 1167 211 1227; x_wconf 88' lang='lat' dir='ltr'>mane,</span> <span class='ocrx_word' id='word_1_36' title='bbox 237 1145 323 1240; x_wconf 91' lang='lat' dir='ltr'>post</span> <span class='ocrx_word' id='word_1_37' title='bbox 348 1142 481 1216; x_wconf 91' lang='lat' dir='ltr'>boram</span> <span class='ocrx_word' id='word_1_38' title='bbox 507 1137 704 1227; x_wconf 81' lang='lat' dir='ltr'><strong>decimam,</strong></span> <span class='ocrx_word' id='word_1_39' title='bbox 732 1135 880 1233; x_wconf 89' lang='lat' dir='ltr'>incepta</span> <span class='ocrx_word' id='word_1_40' title='bbox 907 1143 962 1210; x_wconf 90' lang='lat' dir='ltr'>est</span> <span class='ocrx_word' id='word_1_41' title='bbox 989 1139 1177 1234; x_wconf 81' lang='lat' dir='ltr'>processio</span> <span class='ocrx_word' id='word_1_42' title='bbox 1204 1165 1273 1238; x_wconf 92' lang='lat' dir='ltr'>que</span> <span class='ocrx_word' id='word_1_43' title='bbox 1297 1142 1426 1216; x_wconf 90' lang='lat' dir='ltr'>habita</span> 
     </span>
     <span class='ocr_line' id='line_1_6' title="bbox 98 1261 1426 1366; baseline -0.002 -23"><span class='ocrx_word' id='word_1_44' title='bbox 98 1273 149 1343; x_wconf 88' lang='lat' dir='ltr'>est</span> <span class='ocrx_word' id='word_1_45' title='bbox 165 1291 232 1366; x_wconf 90' lang='lat' dir='ltr'>per</span> <span class='ocrx_word' id='word_1_46' title='bbox 249 1267 349 1340; x_wconf 92' lang='lat' dir='ltr'>viam</span> <span class='ocrx_word' id='word_1_47' title='bbox 367 1270 509 1340; x_wconf 90' lang='lat' dir='ltr'>rectam</span> <span class='ocrx_word' id='word_1_48' title='bbox 525 1287 640 1360; x_wconf 92' lang='lat' dir='ltr'>usque</span> <span class='ocrx_word' id='word_1_49' title='bbox 663 1262 710 1335; x_wconf 92' lang='lat' dir='ltr'>ad</span> <span class='ocrx_word' id='word_1_50' title='bbox 732 1261 883 1334; x_wconf 91' lang='lat' dir='ltr'>domum</span> <span class='ocrx_word' id='word_1_51' title='bbox 905 1262 1102 1337; x_wconf 91' lang='lat' dir='ltr'>cardinalis</span> <span class='ocrx_word' id='word_1_52' title='bbox 1120 1289 1149 1336; x_wconf 90' lang='lat' dir='ltr'>s.</span> <span class='ocrx_word' id='word_1_53' title='bbox 1170 1265 1367 1340; x_wconf 84' lang='lat' dir='ltr'>Clementis</span> <span class='ocrx_word' id='word_1_54' title='bbox 1389 1271 1426 1340; x_wconf 92' lang='lat' dir='ltr'>et</span> 
     </span>
     <span class='ocr_line' id='line_1_7' title="bbox 98 1385 1426 1492; baseline -0.001 -25"><span class='ocrx_word' id='word_1_55' title='bbox 98 1395 174 1468; x_wconf 93' lang='lat' dir='ltr'>inde</span> <span class='ocrx_word' id='word_1_56' title='bbox 192 1415 260 1492; x_wconf 92' lang='lat' dir='ltr'>per</span> <span class='ocrx_word' id='word_1_57' title='bbox 279 1391 388 1470; x_wconf 84' lang='lat' dir='ltr'><strong>Viam</strong></span> <span class='ocrx_word' id='word_1_58' title='bbox 411 1393 585 1466; x_wconf 90' lang='lat' dir='ltr'>Sanctam</span> <span class='ocrx_word' id='word_1_59' title='bbox 607 1388 654 1462; x_wconf 92' lang='lat' dir='ltr'>ad</span> <span class='ocrx_word' id='word_1_60' title='bbox 677 1385 867 1460; x_wconf 81' lang='lat' dir='ltr'>basilicam</span> <span class='ocrx_word' id='word_1_61' title='bbox 890 1411 919 1459; x_wconf 90' lang='lat' dir='ltr'>s.</span> <span class='ocrx_word' id='word_1_62' title='bbox 942 1388 1057 1476; x_wconf 74' lang='lat' dir='ltr'>Petri,</span> <span class='ocrx_word' id='word_1_63' title='bbox 1083 1391 1360 1466; x_wconf 90' lang='lat' dir='ltr'>abbreviatores</span> <span class='ocrx_word' id='word_1_64' title='bbox 1381 1392 1426 1466; x_wconf 92' lang='lat' dir='ltr'>de</span> 
     </span>
     <span class='ocr_line' id='line_1_8' title="bbox 99 1509 1426 1615; baseline -0.002 -23"><span class='ocrx_word' id='word_1_65' title='bbox 99 1541 203 1615; x_wconf 89' lang='lat' dir='ltr'>parco</span> <span class='ocrx_word' id='word_1_66' title='bbox 219 1515 359 1591; x_wconf 93' lang='lat' dir='ltr'>minori</span> <span class='ocrx_word' id='word_1_67' title='bbox 376 1519 413 1590; x_wconf 85' lang='lat' dir='ltr'>et</span> <span class='ocrx_word' id='word_1_68' title='bbox 432 1513 552 1613; x_wconf 90' lang='lat' dir='ltr'>prima</span> <span class='ocrx_word' id='word_1_69' title='bbox 568 1511 707 1586; x_wconf 86' lang='lat' dir='ltr'>visione</span> <span class='ocrx_word' id='word_1_70' title='bbox 726 1514 762 1584; x_wconf 90' lang='lat' dir='ltr'>et</span> <span class='ocrx_word' id='word_1_71' title='bbox 779 1509 943 1608; x_wconf 79' lang='lat' dir='ltr'>magistri</span> <span class='ocrx_word' id='word_1_72' title='bbox 964 1513 1159 1587; x_wconf 91' lang='lat' dir='ltr'>amborum</span> <span class='ocrx_word' id='word_1_73' title='bbox 1176 1517 1426 1614; x_wconf 90' lang='lat' dir='ltr'>registrorum</span> 
     </span>
    </p>
   </div>
   <div class='ocr_carea' id='block_1_3' title="bbox 100 1636 1431 5364">
    <p class='ocr_par' dir='ltr' id='par_1_4' title="bbox 100 1636 1431 4962">
     <span class='ocr_line' id='line_1_9' title="bbox 100 1636 1424 1738; baseline -0.002 -20"><span class='ocrx_word' id='word_1_74' title='bbox 100 1669 166 1719; x_wconf 92' lang='lat' dir='ltr'>non</span> <span class='ocrx_word' id='word_1_75' title='bbox 182 1642 434 1718; x_wconf 74' lang='lat' dir='ltr'>interfuerunt</span> <span class='ocrx_word' id='word_1_76' title='bbox 453 1639 539 1738; x_wconf 91' lang='lat' dir='ltr'>quia</span> <span class='ocrx_word' id='word_1_77' title='bbox 556 1661 631 1713; x_wconf 93' lang='lat' dir='ltr'>non</span> <span class='ocrx_word' id='word_1_78' title='bbox 648 1636 797 1711; x_wconf 87' lang='lat' dir='ltr'>luerunt</span> <span class='ocrx_word' id='word_1_79' title='bbox 814 1637 945 1710; x_wconf 91' lang='lat' dir='ltr'>vocati.</span> <span class='ocrx_word' id='word_1_80' title='bbox 968 1640 1010 1710; x_wconf 88' lang='lat' dir='ltr'>D.</span> <span class='ocrx_word' id='word_1_81' title='bbox 1031 1639 1242 1736; x_wconf 78' lang='lat' dir='ltr'>Alpbonsus</span> <span class='ocrx_word' id='word_1_82' title='bbox 1255 1641 1424 1734; x_wconf 86' lang='lat' dir='ltr'>llicenaa,</span> 
     </span>
     <span class='ocr_line' id='line_1_10' title="bbox 100 1759 1428 1862; baseline -0.002 -21"><span class='ocrx_word' id='word_1_83' title='bbox 100 1767 293 1842; x_wconf 88' lang='lat' dir='ltr'>advocatus</span> <span class='ocrx_word' id='word_1_84' title='bbox 312 1761 595 1854; x_wconf 75' lang='lat' dir='ltr'>consistorialis,</span> <span class='ocrx_word' id='word_1_85' title='bbox 620 1759 855 1836; x_wconf 81' lang='lat' dir='ltr'>abbreviator</span> <span class='ocrx_word' id='word_1_86' title='bbox 877 1760 922 1833; x_wconf 92' lang='lat' dir='ltr'>de</span> <span class='ocrx_word' id='word_1_87' title='bbox 945 1761 1066 1857; x_wconf 90' lang='lat' dir='ltr'>prima</span> <span class='ocrx_word' id='word_1_88' title='bbox 1085 1763 1223 1838; x_wconf 91' lang='lat' dir='ltr'>visione</span> <span class='ocrx_word' id='word_1_89' title='bbox 1243 1769 1428 1862; x_wconf 90' lang='lat' dir='ltr'>protesta-</span> 
     </span>
     <span class='ocr_line' id='line_1_11' title="bbox 101 1884 1427 1988; baseline 0.001 -24"><span class='ocrx_word' id='word_1_90' title='bbox 101 1897 153 1964; x_wconf 86' lang='lat' dir='ltr'>tus</span> <span class='ocrx_word' id='word_1_91' title='bbox 169 1895 223 1964; x_wconf 89' lang='lat' dir='ltr'>est</span> <span class='ocrx_word' id='word_1_92' title='bbox 242 1911 374 1964; x_wconf 86' lang='lat' dir='ltr'>coram</span> <span class='ocrx_word' id='word_1_93' title='bbox 395 1889 646 1988; x_wconf 83' lang='lat' dir='ltr'>gubernatore</span> <span class='ocrx_word' id='word_1_94' title='bbox 669 1907 738 1982; x_wconf 91' lang='lat' dir='ltr'>pro</span> <span class='ocrx_word' id='word_1_95' title='bbox 760 1907 798 1957; x_wconf 90' lang='lat' dir='ltr'>se</span> <span class='ocrx_word' id='word_1_96' title='bbox 821 1889 858 1958; x_wconf 94' lang='lat' dir='ltr'>et</span> <span class='ocrx_word' id='word_1_97' title='bbox 879 1884 953 1958; x_wconf 88' lang='lat' dir='ltr'>suis</span> <span class='ocrx_word' id='word_1_98' title='bbox 976 1887 1308 1980; x_wconf 90' lang='lat' dir='ltr'>abbreviatoribus,</span> <span class='ocrx_word' id='word_1_99' title='bbox 1328 1889 1427 1987; x_wconf 92' lang='lat' dir='ltr'>quod</span> 
     </span>
     <span class='ocr_line' id='line_1_12' title="bbox 102 2007 1431 2111; baseline 0.002 -24"><span class='ocrx_word' id='word_1_100' title='bbox 102 2017 244 2111; x_wconf 87' lang='lat' dir='ltr'>propter</span> <span class='ocrx_word' id='word_1_101' title='bbox 263 2011 474 2087; x_wconf 88' lang='lat' dir='ltr'>absentiam</span> <span class='ocrx_word' id='word_1_102' title='bbox 494 2007 793 2084; x_wconf 86' lang='lat' dir='ltr'>abbreviatarum</span> <span class='ocrx_word' id='word_1_103' title='bbox 811 2032 886 2083; x_wconf 92' lang='lat' dir='ltr'>non</span> <span class='ocrx_word' id='word_1_104' title='bbox 904 2010 1037 2085; x_wconf 89' lang='lat' dir='ltr'>debeat</span> <span class='ocrx_word' id='word_1_105' title='bbox 1057 2011 1178 2087; x_wconf 86' lang='lat' dir='ltr'>officio</span> <span class='ocrx_word' id='word_1_106' title='bbox 1195 2037 1261 2087; x_wconf 93' lang='lat' dir='ltr'>suo</span> <span class='ocrx_word' id='word_1_107' title='bbox 1277 2038 1340 2087; x_wconf 92' lang='lat' dir='ltr'>seu</span> <span class='ocrx_word' id='word_1_108' title='bbox 1357 2015 1431 2089; x_wconf 92' lang='lat' dir='ltr'>col·</span> 
     </span>
     <span class='ocr_line' id='line_1_13' title="bbox 101 2133 1430 2235; baseline 0.002 -25"><span class='ocrx_word' id='word_1_109' title='bbox 101 2137 186 2235; x_wconf 91' lang='lat' dir='ltr'>legio</span> <span class='ocrx_word' id='word_1_110' title='bbox 203 2141 241 2211; x_wconf 89' lang='lat' dir='ltr'>et</span> <span class='ocrx_word' id='word_1_111' title='bbox 262 2136 366 2212; x_wconf 90' lang='lat' dir='ltr'>illius</span> <span class='ocrx_word' id='word_1_112' title='bbox 388 2135 559 2234; x_wconf 88' lang='lat' dir='ltr'>personis</span> <span class='ocrx_word' id='word_1_113' title='bbox 577 2133 726 2230; x_wconf 88' lang='lat' dir='ltr'>aliquod</span> <span class='ocrx_word' id='word_1_114' title='bbox 744 2133 989 2232; x_wconf 84' lang='lat' dir='ltr'>prejudicium</span> <span class='ocrx_word' id='word_1_115' title='bbox 1008 2136 1191 2234; x_wconf 89' lang='lat' dir='ltr'>generari.</span> <span class='ocrx_word' id='word_1_116' title='bbox 1210 2137 1282 2212; x_wconf 82' lang='lat' dir='ltr'>Alii</span> <span class='ocrx_word' id='word_1_117' title='bbox 1301 2161 1430 2212; x_wconf 90' lang='lat' dir='ltr'>omnes</span> 
     </span>
     <span class='ocr_line' id='line_1_14' title="bbox 102 2255 1430 2356; baseline 0.003 -24"><span class='ocrx_word' id='word_1_118' title='bbox 102 2261 328 2335; x_wconf 90' lang='lat' dir='ltr'>incesserunt</span> <span class='ocrx_word' id='word_1_119' title='bbox 343 2283 448 2334; x_wconf 91' lang='lat' dir='ltr'>more</span> <span class='ocrx_word' id='word_1_120' title='bbox 467 2259 589 2350; x_wconf 90' lang='lat' dir='ltr'>solito,</span> <span class='ocrx_word' id='word_1_121' title='bbox 606 2255 777 2330; x_wconf 90' lang='lat' dir='ltr'>videlicet</span> <span class='ocrx_word' id='word_1_122' title='bbox 795 2257 1014 2333; x_wconf 86' lang='lat' dir='ltr'>collectores</span> <span class='ocrx_word' id='word_1_123' title='bbox 1033 2259 1186 2356; x_wconf 81' lang='lat' dir='ltr'>plumbi,</span> <span class='ocrx_word' id='word_1_124' title='bbox 1207 2261 1339 2336; x_wconf 92' lang='lat' dir='ltr'>deinde</span> <span class='ocrx_word' id='word_1_125' title='bbox 1351 2287 1430 2336; x_wconf 83' lang='lat' dir='ltr'>suc-</span> 
     </span>
     <span class='ocr_line' id='line_1_15' title="bbox 104 2381 1429 2478; baseline -0.001 -19"><span class='ocrx_word' id='word_1_126' title='bbox 104 2385 228 2459; x_wconf 81' lang='lat' dir='ltr'>cessive</span> <span class='ocrx_word' id='word_1_127' title='bbox 246 2381 745 2460; x_wconf 90' lang='lat' dir='ltr'>sollicitatoreslitterarum</span> <span class='ocrx_word' id='word_1_128' title='bbox 768 2381 1068 2478; x_wconf 87' lang='lat' dir='ltr'>apostolicarum,</span> <span class='ocrx_word' id='word_1_129' title='bbox 1091 2385 1226 2458; x_wconf 92' lang='lat' dir='ltr'>notarii</span> <span class='ocrx_word' id='word_1_130' title='bbox 1250 2386 1429 2461; x_wconf 87' lang='lat' dir='ltr'>auditoris</span> 
     </span>
     <span class='ocr_line' id='line_1_16' title="bbox 103 2506 1429 2606; baseline 0.001 -24"><span class='ocrx_word' id='word_1_131' title='bbox 103 2531 249 2600; x_wconf 88' lang='lat' dir='ltr'>camare,</span> <span class='ocrx_word' id='word_1_132' title='bbox 266 2507 405 2583; x_wconf 87' lang='lat' dir='ltr'>notarii</span> <span class='ocrx_word' id='word_1_133' title='bbox 416 2507 727 2596; x_wconf 89' lang='lat' dir='ltr'>auditorumrote,</span> <span class='ocrx_word' id='word_1_134' title='bbox 738 2511 1002 2601; x_wconf 90' lang='lat' dir='ltr'>procuratores</span> <span class='ocrx_word' id='word_1_135' title='bbox 1011 2506 1270 2603; x_wconf 91' lang='lat' dir='ltr'>penitentiarie</span> <span class='ocrx_word' id='word_1_136' title='bbox 1282 2515 1429 2606; x_wconf 77' lang='lat' dir='ltr'>aposto·</span> 
     </span>
     <span class='ocr_line' id='line_1_17' title="bbox 104 2629 1429 2731; baseline 0.001 -25"><span class='ocrx_word' id='word_1_137' title='bbox 104 2633 176 2721; x_wconf 90' lang='lat' dir='ltr'>lice,</span> <span class='ocrx_word' id='word_1_138' title='bbox 186 2629 792 2731; x_wconf 89' lang='lat' dir='ltr'>procuratorescontradictarum,</span> <span class='ocrx_word' id='word_1_139' title='bbox 806 2629 1009 2726; x_wconf 90' lang='lat' dir='ltr'>scriptores</span> <span class='ocrx_word' id='word_1_140' title='bbox 1018 2632 1226 2728; x_wconf 91' lang='lat' dir='ltr'>apostolici,</span> <span class='ocrx_word' id='word_1_141' title='bbox 1241 2633 1429 2708; x_wconf 85' lang='lat' dir='ltr'>abbrevia-</span> 
     </span>
     <span class='ocr_line' id='line_1_18' title="bbox 106 2755 1426 2855; baseline 0.002 -24"><span class='ocrx_word' id='word_1_142' title='bbox 106 2760 245 2832; x_wconf 90' lang='lat' dir='ltr'>leresde</span> <span class='ocrx_word' id='word_1_143' title='bbox 257 2763 379 2833; x_wconf 91' lang='lat' dir='ltr'>Pareo</span> <span class='ocrx_word' id='word_1_144' title='bbox 391 2756 539 2855; x_wconf 89' lang='lat' dir='ltr'>majori,</span> <span class='ocrx_word' id='word_1_145' title='bbox 553 2759 681 2830; x_wconf 92' lang='lat' dir='ltr'>etcum</span> <span class='ocrx_word' id='word_1_146' title='bbox 690 2755 742 2828; x_wconf 89' lang='lat' dir='ltr'>eis</span> <span class='ocrx_word' id='word_1_147' title='bbox 752 2758 795 2829; x_wconf 87' lang='lat' dir='ltr'>b.</span> <span class='ocrx_word' id='word_1_148' title='bbox 810 2755 1029 2830; x_wconf 87' lang='lat' dir='ltr'>Laurentius</span> <span class='ocrx_word' id='word_1_149' title='bbox 1040 2757 1208 2850; x_wconf 87' lang='lat' dir='ltr'>Puccius,</span> <span class='ocrx_word' id='word_1_150' title='bbox 1219 2763 1426 2850; x_wconf 87' lang='lat' dir='ltr'>corrector,</span> 
     </span>
     <span class='ocr_line' id='line_1_19' title="bbox 107 2878 1426 2978; baseline 0.002 -24"><span class='ocrx_word' id='word_1_151' title='bbox 107 2883 137 2954; x_wconf 95' lang='lat' dir='ltr'>in</span> <span class='ocrx_word' id='word_1_152' title='bbox 151 2883 343 2957; x_wconf 85' lang='lat' dir='ltr'>roccbetto</span> <span class='ocrx_word' id='word_1_153' title='bbox 362 2887 399 2957; x_wconf 92' lang='lat' dir='ltr'>et</span> <span class='ocrx_word' id='word_1_154' title='bbox 415 2881 607 2970; x_wconf 91' lang='lat' dir='ltr'>mantello,</span> <span class='ocrx_word' id='word_1_155' title='bbox 629 2884 666 2953; x_wconf 92' lang='lat' dir='ltr'>et</span> <span class='ocrx_word' id='word_1_156' title='bbox 683 2878 989 2978; x_wconf 90' lang='lat' dir='ltr'>protonotharius</span> <span class='ocrx_word' id='word_1_157' title='bbox 998 2881 1244 2978; x_wconf 89' lang='lat' dir='ltr'>apostolicus,</span> <span class='ocrx_word' id='word_1_158' title='bbox 1265 2887 1303 2957; x_wconf 91' lang='lat' dir='ltr'>et</span> <span class='ocrx_word' id='word_1_159' title='bbox 1319 2883 1426 2975; x_wconf 91' lang='lat' dir='ltr'>bene,</span> 
     </span>
     <span class='ocr_line' id='line_1_20' title="bbox 108 3003 1429 3106; baseline 0.003 -28"><span class='ocrx_word' id='word_1_160' title='bbox 108 3007 312 3097; x_wconf 89' lang='lat' dir='ltr'>hullatores,</span> <span class='ocrx_word' id='word_1_161' title='bbox 335 3005 502 3106; x_wconf 84' lang='lat' dir='ltr'>magistri</span> <span class='ocrx_word' id='word_1_162' title='bbox 526 3003 680 3102; x_wconf 90' lang='lat' dir='ltr'>plumbi,</span> <span class='ocrx_word' id='word_1_163' title='bbox 706 3003 898 3078; x_wconf 89' lang='lat' dir='ltr'>secretarii</span> <span class='ocrx_word' id='word_1_164' title='bbox 920 3010 957 3078; x_wconf 88' lang='lat' dir='ltr'>et</span> <span class='ocrx_word' id='word_1_165' title='bbox 974 3005 1155 3096; x_wconf 88' lang='lat' dir='ltr'>advocati,</span> <span class='ocrx_word' id='word_1_166' title='bbox 1175 3012 1211 3080; x_wconf 90' lang='lat' dir='ltr'>et</span> <span class='ocrx_word' id='word_1_167' title='bbox 1228 3007 1304 3099; x_wconf 86' lang='lat' dir='ltr'>alii,</span> <span class='ocrx_word' id='word_1_168' title='bbox 1320 3031 1429 3082; x_wconf 90' lang='lat' dir='ltr'>more</span> 
     </span>
     <span class='ocr_line' id='line_1_21' title="bbox 109 3128 1430 3226; baseline 0.004 -23"><span class='ocrx_word' id='word_1_169' title='bbox 109 3131 216 3208; x_wconf 90' lang='lat' dir='ltr'>solito.</span> <span class='ocrx_word' id='word_1_170' title='bbox 235 3131 309 3209; x_wconf 90' lang='lat' dir='ltr'>Via</span> <span class='ocrx_word' id='word_1_171' title='bbox 327 3136 431 3206; x_wconf 91' lang='lat' dir='ltr'>recta</span> <span class='ocrx_word' id='word_1_172' title='bbox 446 3154 521 3205; x_wconf 93' lang='lat' dir='ltr'>non</span> <span class='ocrx_word' id='word_1_173' title='bbox 542 3128 610 3203; x_wconf 91' lang='lat' dir='ltr'>luit</span> <span class='ocrx_word' id='word_1_174' title='bbox 633 3133 786 3226; x_wconf 89' lang='lat' dir='ltr'>scopata</span> <span class='ocrx_word' id='word_1_175' title='bbox 807 3151 927 3226; x_wconf 90' lang='lat' dir='ltr'>neque</span> <span class='ocrx_word' id='word_1_176' title='bbox 948 3130 1142 3220; x_wconf 76' lang='lat' dir='ltr'>mundata,</span> <span class='ocrx_word' id='word_1_177' title='bbox 1166 3131 1271 3206; x_wconf 91' lang='lat' dir='ltr'>locus</span> <span class='ocrx_word' id='word_1_178' title='bbox 1293 3155 1430 3208; x_wconf 89' lang='lat' dir='ltr'>ornan-</span> 
     </span>
     <span class='ocr_line' id='line_1_22' title="bbox 110 3252 1429 3356; baseline 0.005 -29"><span class='ocrx_word' id='word_1_179' title='bbox 110 3253 313 3355; x_wconf 88' lang='lat' dir='ltr'>duspannis</span> <span class='ocrx_word' id='word_1_180' title='bbox 335 3256 398 3354; x_wconf 91' lang='lat' dir='ltr'>qui</span> <span class='ocrx_word' id='word_1_181' title='bbox 419 3260 563 3329; x_wconf 86' lang='lat' dir='ltr'>Rmum.</span> <span class='ocrx_word' id='word_1_182' title='bbox 594 3257 637 3328; x_wconf 89' lang='lat' dir='ltr'>D.</span> <span class='ocrx_word' id='word_1_183' title='bbox 668 3252 895 3326; x_wconf 86' lang='lat' dir='ltr'>cardinalem</span> <span class='ocrx_word' id='word_1_184' title='bbox 922 3279 952 3326; x_wconf 91' lang='lat' dir='ltr'>s.</span> <span class='ocrx_word' id='word_1_185' title='bbox 979 3255 1110 3354; x_wconf 77' lang='lat' dir='ltr'>Angeli</span> <span class='ocrx_word' id='word_1_186' title='bbox 1138 3257 1346 3356; x_wconf 82' lang='lat' dir='ltr'>contigerat</span> <span class='ocrx_word' id='word_1_187' title='bbox 1363 3258 1429 3333; x_wconf 89' lang='lat' dir='ltr'>luit</span> 
     </span>
     <span class='ocr_line' id='line_1_23' title="bbox 111 3376 1425 3480; baseline 0.005 -29"><span class='ocrx_word' id='word_1_188' title='bbox 111 3379 141 3454; x_wconf 93' lang='lat' dir='ltr'>in</span> <span class='ocrx_word' id='word_1_189' title='bbox 156 3381 323 3480; x_wconf 82' lang='lat' dir='ltr'>apposito</span> <span class='ocrx_word' id='word_1_190' title='bbox 341 3379 497 3456; x_wconf 88' lang='lat' dir='ltr'>ecclesie</span> <span class='ocrx_word' id='word_1_191' title='bbox 514 3403 544 3452; x_wconf 88' lang='lat' dir='ltr'>s.</span> <span class='ocrx_word' id='word_1_192' title='bbox 570 3376 781 3469; x_wconf 86' lang='lat' dir='ltr'>Catharine,</span> <span class='ocrx_word' id='word_1_193' title='bbox 805 3376 842 3452; x_wconf 94' lang='lat' dir='ltr'>in</span> <span class='ocrx_word' id='word_1_194' title='bbox 865 3402 937 3474; x_wconf 93' lang='lat' dir='ltr'>quo</span> <span class='ocrx_word' id='word_1_195' title='bbox 955 3384 1079 3454; x_wconf 90' lang='lat' dir='ltr'>erecte</span> <span class='ocrx_word' id='word_1_196' title='bbox 1098 3379 1247 3455; x_wconf 88' lang='lat' dir='ltr'>luerunt</span> <span class='ocrx_word' id='word_1_197' title='bbox 1266 3382 1425 3479; x_wconf 89' lang='lat' dir='ltr'>partice;</span> 
     </span>
     <span class='ocr_line' id='line_1_24' title="bbox 112 3501 1428 3602; baseline 0.003 -26"><span class='ocrx_word' id='word_1_198' title='bbox 112 3510 142 3578; x_wconf 92' lang='lat' dir='ltr'>et</span> <span class='ocrx_word' id='word_1_199' title='bbox 157 3507 232 3580; x_wconf 93' lang='lat' dir='ltr'>beri</span> <span class='ocrx_word' id='word_1_200' title='bbox 248 3531 340 3582; x_wconf 87' lang='lat' dir='ltr'>sero·</span> <span class='ocrx_word' id='word_1_201' title='bbox 358 3506 396 3580; x_wconf 94' lang='lat' dir='ltr'>in</span> <span class='ocrx_word' id='word_1_202' title='bbox 418 3505 470 3580; x_wconf 85' lang='lat' dir='ltr'>eis</span> <span class='ocrx_word' id='word_1_203' title='bbox 496 3503 608 3602; x_wconf 91' lang='lat' dir='ltr'>panni</span> <span class='ocrx_word' id='word_1_204' title='bbox 636 3501 790 3594; x_wconf 85' lang='lat' dir='ltr'>extensi,</span> <span class='ocrx_word' id='word_1_205' title='bbox 821 3507 857 3576; x_wconf 91' lang='lat' dir='ltr'>et</span> <span class='ocrx_word' id='word_1_206' title='bbox 884 3503 1008 3577; x_wconf 90' lang='lat' dir='ltr'>statim</span> <span class='ocrx_word' id='word_1_207' title='bbox 1036 3505 1207 3602; x_wconf 90' lang='lat' dir='ltr'>depositi,</span> <span class='ocrx_word' id='word_1_208' title='bbox 1229 3511 1266 3579; x_wconf 93' lang='lat' dir='ltr'>et</span> <span class='ocrx_word' id='word_1_209' title='bbox 1282 3503 1428 3582; x_wconf 91' lang='lat' dir='ltr'>reducti</span> 
     </span>
     <span class='ocr_line' id='line_1_25' title="bbox 113 3627 1429 3730; baseline 0.002 -26"><span class='ocrx_word' id='word_1_210' title='bbox 113 3627 151 3704; x_wconf 89' lang='lat' dir='ltr'>ed</span> <span class='ocrx_word' id='word_1_211' title='bbox 165 3629 313 3708; x_wconf 89' lang='lat' dir='ltr'>domum</span> <span class='ocrx_word' id='word_1_212' title='bbox 329 3631 445 3730; x_wconf 90' lang='lat' dir='ltr'>ipsius</span> <span class='ocrx_word' id='word_1_213' title='bbox 462 3628 673 3718; x_wconf 91' lang='lat' dir='ltr'>cardinalis,</span> <span class='ocrx_word' id='word_1_214' title='bbox 699 3627 824 3704; x_wconf 90' lang='lat' dir='ltr'>nescio</span> <span class='ocrx_word' id='word_1_215' title='bbox 847 3652 974 3726; x_wconf 85' lang='lat' dir='ltr'>quare.</span> <span class='ocrx_word' id='word_1_216' title='bbox 1001 3632 1090 3704; x_wconf 86' lang='lat' dir='ltr'>Cum</span> <span class='ocrx_word' id='word_1_217' title='bbox 1113 3653 1210 3728; x_wconf 90' lang='lat' dir='ltr'>papa</span> <span class='ocrx_word' id='word_1_218' title='bbox 1231 3635 1329 3706; x_wconf 90' lang='lat' dir='ltr'>esset</span> <span class='ocrx_word' id='word_1_219' title='bbox 1345 3655 1429 3706; x_wconf 94' lang='lat' dir='ltr'>cum</span> 
     </span>
     <span class='ocr_line' id='line_1_26' title="bbox 114 3753 1429 3853; baseline 0.003 -25"><span class='ocrx_word' id='word_1_220' title='bbox 114 3762 333 3833; x_wconf 85' lang='lat' dir='ltr'>sacramento</span> <span class='ocrx_word' id='word_1_221' title='bbox 360 3761 444 3832; x_wconf 90' lang='lat' dir='ltr'>ante</span> <span class='ocrx_word' id='word_1_222' title='bbox 471 3755 590 3831; x_wconf 91' lang='lat' dir='ltr'>altare</span> <span class='ocrx_word' id='word_1_223' title='bbox 623 3753 756 3852; x_wconf 86' lang='lat' dir='ltr'>majus,</span> <span class='ocrx_word' id='word_1_224' title='bbox 789 3754 893 3828; x_wconf 84' lang='lat' dir='ltr'>finxit</span> <span class='ocrx_word' id='word_1_225' title='bbox 920 3777 1125 3853; x_wconf 80' lang='lat' dir='ltr'>syncopare</span> <span class='ocrx_word' id='word_1_226' title='bbox 1155 3781 1163 3831; x_wconf 90' lang='lat'>:</span> <span class='ocrx_word' id='word_1_227' title='bbox 1193 3755 1280 3830; x_wconf 87' lang='lat' dir='ltr'>lecit</span> <span class='ocrx_word' id='word_1_228' title='bbox 1305 3761 1429 3832; x_wconf 89' lang='lat' dir='ltr'>tamen</span> 
     </span>
     <span class='ocr_line' id='line_1_27' title="bbox 114 3879 1429 3980; baseline 0.002 -25"><span class='ocrx_word' id='word_1_229' title='bbox 114 3883 369 3960; x_wconf 81' lang='lat' dir='ltr'>contessionem</span> <span class='ocrx_word' id='word_1_230' title='bbox 387 3883 524 3980; x_wconf 88' lang='lat' dir='ltr'>absque</span> <span class='ocrx_word' id='word_1_231' title='bbox 542 3879 690 3978; x_wconf 90' lang='lat' dir='ltr'>pluviali</span> <span class='ocrx_word' id='word_1_232' title='bbox 702 3903 786 3954; x_wconf 90' lang='lat' dir='ltr'>cum</span> <span class='ocrx_word' id='word_1_233' title='bbox 804 3880 1033 3971; x_wconf 89' lang='lat' dir='ltr'>celebrante;</span> <span class='ocrx_word' id='word_1_234' title='bbox 1047 3883 1212 3956; x_wconf 89' lang='lat' dir='ltr'>ascendit</span> <span class='ocrx_word' id='word_1_235' title='bbox 1223 3883 1269 3956; x_wconf 91' lang='lat' dir='ltr'>ad</span> <span class='ocrx_word' id='word_1_236' title='bbox 1281 3883 1429 3975; x_wconf 92' lang='lat' dir='ltr'>solium,</span> 
     </span>
     <span class='ocr_line' id='line_1_28' title="bbox 115 3992 1428 4113; baseline 0.004 -34"><span class='ocrx_word' id='word_1_237' title='bbox 115 4007 166 4080; x_wconf 90' lang='lat' dir='ltr'>ubi</span> <span class='ocrx_word' id='word_1_238' title='bbox 183 4008 256 4084; x_wconf 90' lang='lat' dir='ltr'>sine</span> <span class='ocrx_word' id='word_1_239' title='bbox 273 4009 387 4084; x_wconf 90' lang='lat' dir='ltr'>mitra</span> <span class='ocrx_word' id='word_1_240' title='bbox 405 4008 536 4082; x_wconf 87' lang='lat' dir='ltr'>sedens</span> <span class='ocrx_word' id='word_1_241' title='bbox 559 4003 702 4102; x_wconf 86' lang='lat' dir='ltr'>occepit</span> <span class='ocrx_word' id='word_1_242' title='bbox 725 4005 932 4082; x_wconf 88' lang='lat' dir='ltr'>cardinales</span> <span class='ocrx_word' id='word_1_243' title='bbox 955 4007 1001 4081; x_wconf 93' lang='lat' dir='ltr'>ad</span> <span class='ocrx_word' id='word_1_244' title='bbox 1024 4009 1286 4098; x_wconf 67' lang='lat' dir='ltr'>reverentiam</span> <span class='ocrx_word' id='word_1_245' title='bbox 1307 4013 1343 4113; x_wconf 84' lang='lat' dir='ltr'>et</span> <span class='ocrx_word' id='word_1_246' title='bbox 1361 3992 1428 4108; x_wconf 83' lang='lat' dir='ltr'>per</span> 
     </span>
     <span class='ocr_line' id='line_1_29' title="bbox 117 4129 1424 4232; baseline 0.002 -28"><span class='ocrx_word' id='word_1_247' title='bbox 117 4131 218 4208; x_wconf 90' lang='lat' dir='ltr'>totam</span> <span class='ocrx_word' id='word_1_248' title='bbox 234 4135 384 4209; x_wconf 79' lang='lat' dir='ltr'>missam</span> <span class='ocrx_word' id='word_1_249' title='bbox 396 4129 463 4208; x_wconf 89' lang='lat' dir='ltr'>luit</span> <span class='ocrx_word' id='word_1_250' title='bbox 475 4131 691 4221; x_wconf 82' lang='lat' dir='ltr'>sinemitra3</span> <span class='ocrx_word' id='word_1_251' title='bbox 705 4129 890 4206; x_wconf 90' lang='lat' dir='ltr'>mandavit</span> <span class='ocrx_word' id='word_1_252' title='bbox 901 4132 1051 4207; x_wconf 89' lang='lat' dir='ltr'>missam</span> <span class='ocrx_word' id='word_1_253' title='bbox 1063 4132 1235 4208; x_wconf 89' lang='lat' dir='ltr'>celeriter</span> <span class='ocrx_word' id='word_1_254' title='bbox 1246 4135 1424 4232; x_wconf 84' lang='lat' dir='ltr'>expediri,</span> 
     </span>
     <span class='ocr_line' id='line_1_30' title="bbox 117 4253 1429 4356; baseline 0.003 -26"><span class='ocrx_word' id='word_1_255' title='bbox 117 4269 212 4353; x_wconf 84' lang='lat' dir='ltr'>quem</span> <span class='ocrx_word' id='word_1_256' title='bbox 231 4259 431 4336; x_wconf 85' lang='lat' dir='ltr'>celebravit</span> <span class='ocrx_word' id='word_1_257' title='bbox 453 4263 579 4334; x_wconf 80' lang='lat' dir='ltr'>llmus.</span> <span class='ocrx_word' id='word_1_258' title='bbox 607 4261 652 4332; x_wconf 85' lang='lat' dir='ltr'>ll.</span> <span class='ocrx_word' id='word_1_259' title='bbox 677 4253 876 4332; x_wconf 90' lang='lat' dir='ltr'>cardinalis</span> <span class='ocrx_word' id='word_1_260' title='bbox 904 4262 1112 4356; x_wconf 84' lang='lat' dir='ltr'>Capuanus,</span> <span class='ocrx_word' id='word_1_261' title='bbox 1136 4259 1198 4356; x_wconf 94' lang='lat' dir='ltr'>qui</span> <span class='ocrx_word' id='word_1_262' title='bbox 1221 4283 1295 4334; x_wconf 93' lang='lat' dir='ltr'>non</span> <span class='ocrx_word' id='word_1_263' title='bbox 1316 4260 1429 4335; x_wconf 88' lang='lat' dir='ltr'>inter-</span> 
     </span>
     <span class='ocr_line' id='line_1_31' title="bbox 119 4379 1429 4482; baseline 0.006 -29"><span class='ocrx_word' id='word_1_264' title='bbox 119 4379 175 4456; x_wconf 88' lang='lat' dir='ltr'>luit</span> <span class='ocrx_word' id='word_1_265' title='bbox 192 4383 429 4482; x_wconf 88' lang='lat' dir='ltr'>processioni.</span> <span class='ocrx_word' id='word_1_266' title='bbox 450 4387 628 4460; x_wconf 87' lang='lat' dir='ltr'>Cantores</span> <span class='ocrx_word' id='word_1_267' title='bbox 647 4403 714 4482; x_wconf 92' lang='lat' dir='ltr'>per</span> <span class='ocrx_word' id='word_1_268' title='bbox 731 4403 789 4457; x_wconf 89' lang='lat' dir='ltr'>me</span> <span class='ocrx_word' id='word_1_269' title='bbox 810 4383 963 4458; x_wconf 89' lang='lat' dir='ltr'>advisali</span> <span class='ocrx_word' id='word_1_270' title='bbox 985 4383 1043 4459; x_wconf 85' lang='lat' dir='ltr'>vix</span> <span class='ocrx_word' id='word_1_271' title='bbox 1061 4385 1233 4460; x_wconf 90' lang='lat' dir='ltr'>dixerunt</span> <span class='ocrx_word' id='word_1_272' title='bbox 1249 4387 1429 4461; x_wconf 89' lang='lat' dir='ltr'>medieta-</span> 
     </span>
     <span class='ocr_line' id='line_1_32' title="bbox 120 4505 1431 4610; baseline 0.005 -30"><span class='ocrx_word' id='word_1_273' title='bbox 120 4512 195 4599; x_wconf 71' lang='lat' dir='ltr'>tem,</span> <span class='ocrx_word' id='word_1_274' title='bbox 227 4515 262 4586; x_wconf 93' lang='lat' dir='ltr'>et</span> <span class='ocrx_word' id='word_1_275' title='bbox 291 4512 330 4586; x_wconf 86' lang='lat' dir='ltr'>in</span> <span class='ocrx_word' id='word_1_276' title='bbox 360 4516 492 4585; x_wconf 83' lang='lat' dir='ltr'>terra:</span> <span class='ocrx_word' id='word_1_277' title='bbox 522 4509 626 4584; x_wconf 90' lang='lat' dir='ltr'>linita</span> <span class='ocrx_word' id='word_1_278' title='bbox 663 4508 832 4606; x_wconf 88' lang='lat' dir='ltr'>epistola,</span> <span class='ocrx_word' id='word_1_279' title='bbox 870 4509 1006 4586; x_wconf 90' lang='lat' dir='ltr'>omisso</span> <span class='ocrx_word' id='word_1_280' title='bbox 1043 4505 1224 4610; x_wconf 84' lang='lat' dir='ltr'>graduali,</span> <span class='ocrx_word' id='word_1_281' title='bbox 1260 4509 1431 4587; x_wconf 85' lang='lat' dir='ltr'>dixerunt</span> 
     </span>
     <span class='ocr_line' id='line_1_33' title="bbox 120 4631 1430 4734; baseline 0.005 -29"><span class='ocrx_word' id='word_1_282' title='bbox 120 4631 261 4728; x_wconf 88' lang='lat' dir='ltr'>alleluia,</span> <span class='ocrx_word' id='word_1_283' title='bbox 283 4649 369 4713; x_wconf 87' lang='lat' dir='ltr'>cum</span> <span class='ocrx_word' id='word_1_284' title='bbox 387 4659 453 4711; x_wconf 89' lang='lat' dir='ltr'>suo</span> <span class='ocrx_word' id='word_1_285' title='bbox 469 4647 592 4725; x_wconf 89' lang='lat' dir='ltr'>versu,</span> <span class='ocrx_word' id='word_1_286' title='bbox 612 4638 649 4708; x_wconf 92' lang='lat' dir='ltr'>et</span> <span class='ocrx_word' id='word_1_287' title='bbox 666 4650 741 4708; x_wconf 88' lang='lat' dir='ltr'>non</span> <span class='ocrx_word' id='word_1_288' title='bbox 760 4653 927 4733; x_wconf 81' lang='lat' dir='ltr'>prosem3</span> <span class='ocrx_word' id='word_1_289' title='bbox 948 4641 1092 4734; x_wconf 86' lang='lat' dir='ltr'>partem</span> <span class='ocrx_word' id='word_1_290' title='bbox 1110 4635 1221 4712; x_wconf 89' lang='lat' dir='ltr'>etiam</span> <span class='ocrx_word' id='word_1_291' title='bbox 1238 4638 1430 4712; x_wconf 57' lang='lat' dir='ltr'>abbrevia*</span> 
     </span>
     <span class='ocr_line' id='line_1_34' title="bbox 121 4759 1430 4861; baseline 0.005 -32"><span class='ocrx_word' id='word_1_292' title='bbox 121 4766 195 4834; x_wconf 90' lang='lat' dir='ltr'>ruul</span> <span class='ocrx_word' id='word_1_293' title='bbox 222 4761 260 4837; x_wconf 94' lang='lat' dir='ltr'>in</span> <span class='ocrx_word' id='word_1_294' title='bbox 286 4763 428 4838; x_wconf 88' lang='lat' dir='ltr'>duabus</span> <span class='ocrx_word' id='word_1_295' title='bbox 455 4760 634 4861; x_wconf 86' lang='lat' dir='ltr'>partibus,</span> <span class='ocrx_word' id='word_1_296' title='bbox 662 4759 720 4834; x_wconf 86' lang='lat' dir='ltr'>vel</span> <span class='ocrx_word' id='word_1_297' title='bbox 747 4759 860 4851; x_wconf 81' lang='lat' dir='ltr'>circa,</span> <span class='ocrx_word' id='word_1_298' title='bbox 891 4760 1057 4837; x_wconf 86' lang='lat' dir='ltr'>similiter</span> <span class='ocrx_word' id='word_1_299' title='bbox 1085 4767 1121 4836; x_wconf 87' lang='lat' dir='ltr'>et</span> <span class='ocrx_word' id='word_1_300' title='bbox 1146 4763 1235 4854; x_wconf 77' lang='lat' dir='ltr'>alia3</span> <span class='ocrx_word' id='word_1_301' title='bbox 1264 4760 1430 4860; x_wconf 87' lang='lat' dir='ltr'>adeoque</span> 
     </span>
     <span class='ocr_line' id='line_1_35' title="bbox 122 4882 856 4962; baseline 0.004 -5"><span class='ocrx_word' id='word_1_302' title='bbox 122 4882 219 4961; x_wconf 86' lang='lat' dir='ltr'>missa</span> <span class='ocrx_word' id='word_1_303' title='bbox 232 4887 289 4962; x_wconf 82' lang='lat' dir='ltr'>vir</span> <span class='ocrx_word' id='word_1_304' title='bbox 308 4888 453 4962; x_wconf 90' lang='lat' dir='ltr'>duravit</span> <span class='ocrx_word' id='word_1_305' title='bbox 471 4887 517 4960; x_wconf 90' lang='lat' dir='ltr'>ad</span> <span class='ocrx_word' id='word_1_306' title='bbox 535 4885 695 4960; x_wconf 91' lang='lat' dir='ltr'>mediam</span> <span class='ocrx_word' id='word_1_307' title='bbox 712 4884 856 4960; x_wconf 89' lang='lat' dir='ltr'>horam.</span> 
     </span>
    </p>

    <p class='ocr_par' dir='ltr' id='par_1_5' title="bbox 122 5010 1431 5364">
     <span class='ocr_line' id='line_1_36' title="bbox 161 5010 1430 5110; baseline 0.004 -26"><span class='ocrx_word' id='word_1_308' title='bbox 161 5014 235 5086; x_wconf 84' lang='lat' dir='ltr'>ltux</span> <span class='ocrx_word' id='word_1_309' title='bbox 260 5013 475 5092; x_wconf 85' lang='lat' dir='ltr'>Valentinus</span> <span class='ocrx_word' id='word_1_310' title='bbox 501 5010 639 5108; x_wconf 92' lang='lat' dir='ltr'>incepit</span> <span class='ocrx_word' id='word_1_311' title='bbox 665 5014 764 5086; x_wconf 90' lang='lat' dir='ltr'>stare</span> <span class='ocrx_word' id='word_1_312' title='bbox 791 5017 874 5110; x_wconf 92' lang='lat' dir='ltr'>post</span> <span class='ocrx_word' id='word_1_313' title='bbox 901 5014 1126 5090; x_wconf 91' lang='lat' dir='ltr'>cardinalem</span> <span class='ocrx_word' id='word_1_314' title='bbox 1152 5011 1368 5089; x_wconf 84' lang='lat' dir='ltr'>Cesarinum</span> <span class='ocrx_word' id='word_1_315' title='bbox 1390 5011 1430 5089; x_wconf 87' lang='lat' dir='ltr'>in</span> 
     </span>
     <span class='ocr_line' id='line_1_37' title="bbox 122 5133 1426 5238; baseline 0.008 -34"><span class='ocrx_word' id='word_1_316' title='bbox 122 5133 182 5208; x_wconf 87' lang='lat' dir='ltr'>line</span> <span class='ocrx_word' id='word_1_317' title='bbox 199 5139 301 5214; x_wconf 90' lang='lat' dir='ltr'>banci</span> <span class='ocrx_word' id='word_1_318' title='bbox 319 5139 623 5238; x_wconf 76' lang='lat' dir='ltr'>presbyterorum</span> <span class='ocrx_word' id='word_1_319' title='bbox 647 5135 901 5213; x_wconf 90' lang='lat' dir='ltr'>cardinalium.</span> <span class='ocrx_word' id='word_1_320' title='bbox 924 5139 991 5227; x_wconf 86' lang='lat' dir='ltr'>Qui</span> <span class='ocrx_word' id='word_1_321' title='bbox 1008 5138 1131 5214; x_wconf 90' lang='lat' dir='ltr'>videns</span> <span class='ocrx_word' id='word_1_322' title='bbox 1150 5143 1286 5237; x_wconf 88' lang='lat' dir='ltr'>Papam</span> <span class='ocrx_word' id='word_1_323' title='bbox 1303 5139 1426 5214; x_wconf 88' lang='lat' dir='ltr'>adhuc</span> 
     </span>
     <span class='ocr_line' id='line_1_38' title="bbox 125 5257 1431 5364; baseline 0.008 -34"><span class='ocrx_word' id='word_1_324' title='bbox 125 5257 248 5359; x_wconf 87' lang='lat' dir='ltr'>tingere</span> <span class='ocrx_word' id='word_1_325' title='bbox 268 5287 467 5364; x_wconf 81' lang='lat' dir='ltr'>syncopam</span> <span class='ocrx_word' id='word_1_326' title='bbox 492 5260 659 5338; x_wconf 88' lang='lat' dir='ltr'>aseendit</span> <span class='ocrx_word' id='word_1_327' title='bbox 685 5261 817 5337; x_wconf 86' lang='lat' dir='ltr'>solium</span> <span class='ocrx_word' id='word_1_328' title='bbox 845 5267 882 5338; x_wconf 91' lang='lat' dir='ltr'>et</span> <span class='ocrx_word' id='word_1_329' title='bbox 908 5263 957 5338; x_wconf 94' lang='lat' dir='ltr'>ibi</span> <span class='ocrx_word' id='word_1_330' title='bbox 984 5263 1084 5338; x_wconf 90' lang='lat' dir='ltr'>stetit</span> <span class='ocrx_word' id='word_1_331' title='bbox 1111 5265 1294 5362; x_wconf 89' lang='lat' dir='ltr'>usquead</span> <span class='ocrx_word' id='word_1_332' title='bbox 1318 5263 1431 5340; x_wconf 87' lang='lat' dir='ltr'>linem</span> 
     </span>
    </p>
   </div>
   <div class='ocr_carea' id='block_1_4' title="bbox 0 0 1832 6042">
    <p class='ocr_par' dir='ltr' id='par_1_6' title="bbox 0 0 1832 6042">
     <span class='ocr_line' id='line_1_39' title="bbox 0 0 1832 6042; baseline 0 0"><span class='ocrx_word' id='word_1_333' title='bbox 0 0 1832 6042; x_wconf 95' lang='lat' dir='ltr'> </span> 
     </span>
    </p>
   </div>
  </div>
 </body>
</html>
