3612 6064
125 607 338 668 ttnnrierffiottt
466 603 592 660 RERUM
618 603 846 662 UHBANARUM
870 605 1132 666 COMMENTAHD.
1449 615 1468 669 5

119 761 195 856 qui
222 750 402 834 a'dextris
426 758 585 832 habebat
610 760 804 855 quemdam
829 761 1005 835 baronem
1025 763 1184 836 nobilem
1209 771 1245 837 et
1270 787 1291 836 a
1314 765 1469 838 sinistris

127 887 371 959 llonoculum
388 886 572 964 Ursinum.
591 886 760 958 maritum
783 891 824 958 D.
839 887 930 958 tulie
955 888 998 958 de
1015 887 1200 977 Faenesio,
1219 889 1355 962 sororis
1372 891 1466 962 ltmi.

128 1016 176 1084 D.
192 1011 386 1085 cardinalis
402 1009 446 1081 de
463 1011 646 1100 FarnesiO,
663 1035 771 1105 quem
791 1011 1007 1106 sequebatur
1022 1015 1064 1084 D.
1080 1014 1259 1101 Lucretia,
1277 1037 1298 1085 a
1315 1015 1469 1087 sinistris

125 1137 208 1208 suis
222 1136 362 1207 habeus
377 1139 418 1207 D.
443 1134 668 1230 alphonsum
691 1136 735 1206 de
755 1137 949 1230 aragonia,
968 1137 1098 1208 ducem
1122 1137 1340 1226 Bisiliarum,
1359 1141 1470 1211 mari-

129 1267 212 1332 tum
239 1283 360 1331 suum.
382 1263 467 1331 Post
492 1283 554 1331 eos
580 1259 763 1354 equitabat
787 1259 897 1330 irater
921 1260 1014 1331 ltmi.
1045 1265 1087 1332 D.
1108 1260 1298 1333 cardinalis
1324 1265 1468 1358 Borgie,

130 1386 349 1482 capitaneus
365 1384 527 1457 custodie
546 1391 649 1480 porte
666 1384 788 1479 palatii
812 1407 903 1480 pape
920 1408 940 1456 a
956 1384 1111 1456 sinistris
1128 1393 1162 1457 et
1182 1410 1202 1458 a
1219 1386 1354 1460 dextris
1374 1389 1473 1482 ejus-

132 1510 222 1584 dem
243 1509 400 1606 quedam
422 1509 564 1598 mulier,
592 1532 681 1604 quos
708 1508 951 1608 sequebantur
970 1509 1082 1582 multe
1103 1510 1171 1584 alie
1191 1512 1375 1602 mulieres,
1399 1514 1474 1584 sin-

134 1636 221 1732 gule
239 1635 415 1708 habentes
437 1633 596 1730 singulos
619 1633 758 1706 nobiles
779 1641 815 1705 et
835 1634 1004 1706 militesa
1025 1635 1191 1724 sinistris,
1215 1637 1259 1710 ad
1275 1637 1419 1710 laudem
1438 1645 1473 1710 et

134 1763 318 1834 honorem
335 1785 363 1832 s.
383 1782 532 1832 romane
549 1759 722 1832 Ecclesia.

1199 1825 1235 1854 V

189 1886 295 1958 Faria
318 1885 442 1980 quinta
466 1890 486 1956 2
506 1885 642 1956 mensis
662 1886 832 1980 januarii,
852 1889 893 1957 R.
918 1885 954 1957 in
977 1885 1116 1957 Christo
1143 1889 1181 1957 P.
1208 1889 1249 1958 D.
1275 1887 1471 1978 lohanneS,
1608 1947 1614 1964 .

137 2010 438 2105 archiepiscopus
450 2009 666 2104 Ragusinus‚
685 2031 793 2104 quem
804 2008 882 2080 heri
896 2031 1001 2081 mane
1018 2010 1081 2080 SS.
1100 2013 1141 2081 D.
1161 2017 1284 2082 noster
1300 2011 1335 2082 in
1347 2033 1475 2106 regen-

140 2144 215 2208 tem
243 2133 458 2205 cancellarie
487 2133 688 2228 prefecerat
717 2140 751 2205 ct
776 2133 835 2228 qui
865 2133 992 2206 eadem
1021 2132 1077 2204 die
1106 2141 1187 2228 post
1220 2133 1409 2229 prandium
1439 2135 1474 2206 in

138 2265 261 2331 castro
279 2283 308 2328 s,
327 2257 455 2352 Angeli
473 2256 516 2328 dc
538 2255 659 2328 officio
675 2257 883 2352 hujusmodi
906 2257 1062 2329 fideliter
1078 2257 1281 2329 exercendo
1298 2257 1333 2329 in
1358 2257 1475 2330 mani-

139 2384 211 2454 bus
230 2385 295 2455 SS.
315 2385 357 2453 D.
377 2383 489 2453 nostri
508 2385 602 2477 Papa
624 2381 766 2454 solitum
778 2382 1026 2476 juramentum
1042 2381 1262 2477 prestiterat,
1283 2381 1374 2455 hora
1389 2406 1475 2455 can-

141 2507 290 2580 cellarie
318 2508 412 2580 venit
446 2507 490 2579 ad
523 2506 775 2580 cancellariam
804 2506 1040 2602 apostolicam
1074 2505 1273 2578 associatus
1298 2530 1320 2578 a
1345 2511 1416 2579 tta.
1438 2508 1473 2579 in

142 2633 288 2705 Christo
315 2635 382 2703 PP.
409 2635 452 2704 D.
481 2633 743 2728 caputaquensi
766 2631 961 2704 secretario
991 2636 1026 2702 et
1051 2634 1091 2701 D.
1126 2631 1288 2703 lolranne
1316 2632 1476 2726 Baptista

144 2757 339 2829 ltlutinensi
355 2756 492 2828 datario
509 2758 571 2829 SS.
593 2761 635 2830 D.
663 2761 706 2829 N.
727 2760 834 2852 Papa,
853 2764 888 2829 et
911 2756 955 2828 de
976 2756 1081 2851 jussu
1096 2755 1247 2851 predicti
1271 2759 1312 2827 D.
1332 2755 1473 2844 dotarii,

145 2881 250 2968 sedit,
270 2881 354 2952 serit
369 2879 628 2952 oratiunculam
650 2881 693 2951 de
711 2880 831 2952 officio
848 2879 913 2952 sibi
934 2879 1144 2962 commisso,
1162 2885 1196 2952 et
1218 2879 1352 2951 bullam
1368 2881 1475 2952 desu-

142 3029 208 3102 per
237 3006 305 3077 sibi
332 3028 545 3078 concessam
570 3006 704 3078 ibidem
729 3005 890 3078 exhibuit
912 3011 947 3077 et
970 3004 1201 3100 presentavit,
1225 3027 1294 3098 que
1325 3005 1390 3077 luit
1412 3029 1477 3100 per

144 3135 186 3203 D.
201 3131 390 3204 Nicolaum
404 3130 448 3202 de
460 3128 628 3220 Castello,
643 3131 844 3203 litterarum
861 3129 1138 3226 apostolicarum
1153 3129 1197 3200 de
1211 3130 1350 3226 maj0re
1361 3131 1475 3226 presi-

144 3257 268 3329 dentia
282 3256 760 3350 abbreviatoremjuniorem
774 3255 867 3326 inter
879 3261 965 3326 tunc
981 3260 1183 3348 presentes,
1203 3253 1346 3348 publice
1359 3253 1471 3339 lecta;

143 3405 253 3478 quam
270 3385 313 3453 D.
327 3381 494 3453 Nicotaus
508 3380 683 3454 Antonius
695 3379 738 3451 de
758 3379 980 3466 Gottilredis,
998 3377 1093 3451 dicte
1107 3377 1321 3450 cancellarie
1337 3385 1471 3464 custos,

144 3507 189 3578 ad
205 3529 245 3580 sc
263 3507 413 3602 recepit.
434 3505 559 3578 Eidem
575 3513 697 3578 autem
716 3505 989 3600 archiepiscopo
1014 3503 1153 3598 regenti
1172 3526 1244 3575 nou
1265 3503 1364 3574 luite
1385 3527 1474 3598 quo-

142 3654 252 3728 quam
272 3653 503 3726 responsum,
522 3631 584 3703 sed
603 3630 733 3702 mansit
749 3629 796 3701 ibi
814 3629 958 3716 sedem,
977 3627 1138 3700 officium
1155 3625 1221 3698 sibi
1238 3627 1473 3697 commissum

141 3755 421 3844 exercitaturus,
438 3755 541 3851 cujus
558 3753 703 3848 quidem
721 3751 815 3826 bulle
831 3776 894 3824 seu
918 3773 1070 3847 quarum
1087 3749 1288 3824 litterarum
1301 3749 1474 3846 apostoli-

138 3907 264 3955 carum
287 3888 390 3952 tenor
405 3880 449 3952 de
465 3879 573 3954 verbo
589 3879 798 3952 adverbum
814 3877 995 3972 sequitur:

192 4039 209 4072 a
232 4005 452 4096 Alexander,
474 4005 677 4100 episcopus,
699 4026 823 4074 servus
848 4023 1032 4072 servorum
1056 3999 1134 4085 Dei,
1159 3999 1354 4072 venerabili
1376 3999 1474 4072 tratri

137 4131 297 4206 lohanni
316 4129 592 4226 archiepiscopo
619 4128 814 4224 Ragusino,
837 4123 1083 4198 referendario
1105 4130 1243 4212 nostro,
1262 4122 1414 4196 salutem
1439 4130 1474 4196 et

139 4257 382 4354 apostolicam
408 4254 713 4328 benedictionem.
741 4255 854 4324 Tuam
871 4248 1082 4322 industriam
1104 4255 1138 4320 et
1164 4247 1376 4320 meritorum
1399 4271 1477 4320 ma·

142 4382 372 4480 gnitudinem
393 4380 523 4476 quibus
539 4379 744 4452 Altissimus
759 4377 809 4450 ita
826 4397 1019 4474 personam
1044 4382 1140 4444 tuam
1159 4373 1356 4467 gratiarum
1371 4372 1477 4468 largi-

145 4511 243 4582 tione
264 4507 468 4602 insignaxit,
488 4510 525 4576 ut
541 4504 576 4576 in
589 4503 736 4576 diversis
750 4525 819 4597 que
834 4524 878 4573 ex
892 4497 1147 4572 commissione
1163 4503 1286 4570 nostra
1301 4495 1476 4569 haetenus

144 4631 290 4728 gessisti
307 4629 438 4704 officiis
456 4638 491 4702 et
507 4629 599 4702 adeo
617 4627 810 4700 sollicitum
827 4629 862 4698 et
878 4623 1023 4696 lidelem
1042 4629 1075 4694 te
1093 4620 1300 4694 exhibueris
1317 4627 1354 4692 ut
1370 4619 1474 4692 veluti

138 4757 280 4858 justitie
297 4756 414 4830 cultor
430 4761 463 4827 et
490 4755 526 4828 in
551 4751 755 4826 commissis
774 4749 903 4838 fidelis,
922 4771 1044 4820 servus
1066 4745 1224 4843 prudens
1249 4751 1284 4817 et
1307 4750 1475 4838 aceeptus

142 4909 253 4982 super
274 4881 420 4978 negotia
450 4878 591 4953 Domini
619 4877 836 4950 constitutus
866 4873 1041 4946 merueris
1075 4867 1344 4954 commendari3
1367 4867 1475 4962 digne

142 5009 379 5084 meditatione
404 5011 599 5102 pensantes
623 5001 827 5074 inducimur
852 5005 889 5072 ut
910 4999 1018 5071 etiam
1042 4995 1101 5067 tibi
1128 4994 1198 5066 alia
1221 4991 1382 5088 gerenda
1402 5014 1473 5064 non

143 5135 353 5209 dubitemus
372 5129 494 5202 cilicia
514 5125 753 5213 committere,
775 5123 879 5196 firma
896 5145 958 5218 spe
980 5117 1075 5192 ducti
1100 5117 1195 5211 quod
1209 5121 1353 5212 peracte
1376 5115 1474 5187 solli-

142 5261 314 5335 citudinis
331 5265 400 5332 tue'
419 5255 513 5328 curis
532 5254 569 5326 iu
586 5253 653 5326 illis
669 5251 777 5325 etiam
797 5257 830 5324 te
848 5249 955 5321 talem
974 5246 1018 5318 de
1036 5249 1159 5317 cetero
1182 5239 1353 5314 exhibere
1374 5261 1474 5310 cura-
