3506 6034
363 619 419 676 236
811 614 988 674 tonsurus
1012 615 1236 688 abacelam,
1498 619 1611 682 [¹²⁶tritt
1623 623 1680 685 ¹⁵⁰³]

367 776 506 850 Novum
533 796 666 870 corpus
691 770 769 846 siue
796 771 929 868 capite,
948 795 1030 844 cum
1048 772 1174 870 caligis
1193 774 1239 847 de
1259 773 1450 863 scarletto,
1471 772 1509 846 in
1534 773 1674 847 flumine.

419 897 481 972 His
511 897 650 986 diebus,
683 901 838 994 negatus
863 895 928 969 luit
954 897 1073 970 editus
1100 899 1259 973 Antonio
1284 898 1329 971 de
1354 897 1512 972 Pistorio
1538 903 1572 972 et
1596 902 1677 974 socio
1733 927 1734 988 3

370 1045 433 1096 suo
460 1022 505 1095 ad
533 1020 761 1096 cardinalem
786 1019 972 1111 Ursinum,
1006 1020 1065 1096 cui
1096 1021 1247 1119 siugulis
1277 1022 1406 1096 diebus
1430 1033 1678 1096 consueverunt

367 1153 513 1244 portare
529 1146 650 1220 cibum
666 1149 703 1219 el
720 1151 846 1243 potum
864 1144 1031 1242 quesibi,
1049 1168 1115 1243 per
1131 1153 1289 1222 matrem
1305 1169 1420 1236 suam,
1438 1147 1675 1221 mittebantur:

367 1271 466 1368 quod
484 1281 551 1368 pr'o
568 1291 611 1348 eo
628 1269 711 1344 fieri
728 1269 919 1344 dicebatur
937 1271 1035 1366 quod
1054 1274 1150 1368 Papa
1168 1271 1320 1368 petierat
1336 1295 1358 1345 a
1374 1271 1552 1345 cardinali
1570 1273 1678 1347 Ursino
1733 1305 1734 1310 ¹

368 1395 441 1472 duc
458 1396 574 1472 millia
587 1397 804 1470 ducatorum
823 1393 919 1493 apud
938 1417 1022 1470 eum
1041 1396 1208 1494 deposita
1231 1419 1297 1494 per
1316 1397 1515 1494 quemdam
1534 1397 1678 1472 Ursinun

369 1522 684 1619 consanguineum
703 1543 822 1612 suum,
846 1522 1098 1618 provenientia
1115 1545 1160 1596 ex
1182 1523 1389 1598 venditione
1409 1524 1599 1620 cujusdam
1615 1547 1679 1618 pos

371 1647 543 1721 sessionis
570 1645 616 1721 ad
638 1648 834 1744 quamdam
857 1647 1121 1744 margharitam
1148 1671 1314 1745 grossam
1341 1671 1454 1746 quam
1482 1649 1558 1746 ipse
1586 1645 1679 1720 cardi·

371 1771 463 1845 nalis
486 1794 507 1845 a
530 1771 689 1868 quodam
707 1771 863 1867 Virgilio
886 1771 1019 1846 Ursino
1041 1795 1106 1845 seu
1126 1771 1222 1846 illius
1246 1773 1446 1848 heredibus
1471 1795 1540 1871 pro
1563 1771 1681 1844 duobus

372 1894 533 1970 millibus
551 1896 769 1970 ducatorum
792 1901 946 1972 emerat.
966 1899 1081 1971 Mater
1099 1896 1307 1988 cardinalis,
1329 1897 1399 1971 hec
1424 1896 1634 1994 intelligens,
1650 1901 1679 1965 ot
1733 1941 1734 1994 ,

376 2018 452 2093 filio
471 2019 699 2110 subveniret,
722 2019 826 2095 solvit
844 2019 917 2094 duo
939 2020 1051 2095 millia
1070 2019 1287 2096 ducatorum
1310 2027 1420 2121 Papa,
1450 2029 1487 2096 et
1511 2017 1681 2094 concubina

377 2144 576 2220 cardinalis
602 2168 672 2242 que
691 2145 828 2220 dictam
853 2145 1116 2242 margharitam
1138 2146 1309 2238 habebat,
1331 2147 1459 2222 induta
1481 2141 1679 2223 habitavit,
1733 2141 1734 2224 ξ

372 2271 528 2346 accessit
550 2271 597 2346 ad
621 2274 756 2368 Papam
773 2278 810 2346 et
828 2271 976 2346 donavit
997 2271 1032 2346 ei
1049 2273 1314 2370 marglraritam
1335 2272 1595 2372 supradictam.
1613 2268 1680 2354 Qui·

374 2395 442 2470 bus
458 2395 603 2486 habitis,
622 2399 721 2494 Papa
738 2397 922 2472 commisit
939 2397 1038 2494 quod
1052 2399 1353 2496 permitterentur
1367 2399 1418 2472 illi
1429 2399 1518 2489 duo,
1539 2403 1575 2470 ut
1589 2391 1677 2492 prius,

376 2521 498 2597 cibum
516 2529 552 2598 et
567 2529 694 2619 potum
712 2521 924 2598 ministrare
940 2523 1127 2614 cardinali,
1141 2525 1202 2621 qui
1220 2524 1379 2614 interim,
1398 2530 1437 2598 ut
1453 2547 1476 2599 a
1492 2521 1592 2618 vulgo
1605 2515 1681 2591 offir-
1733 2497 1734 2570 l

377 2648 558 2738 mabatur,
576 2646 716 2724 biberat
731 2646 895 2738 calicem,
914 2649 1144 2724 ordinatione
1158 2655 1194 2738 et
1209 2651 1311 2748 jussu
1328 2653 1425 2747 Pape
1441 2648 1511 2723 sibi
1524 2649 1676 2745 paratum.

425 2771 533 2847 Faria
554 2771 691 2868 quinta,
721 2776 742 2846 2
773 2773 910 2848 mensis
940 2773 1127 2864 februarii,
1154 2775 1287 2850 festum
1312 2771 1569 2872 purificationis
1598 2769 1681 2841 beato

377 2898 489 2972 Maris
506 2919 650 2994 semper
669 2897 830 2995 virginis,
857 2901 921 2974 SS.
945 2901 988 2972 D.
1007 2907 1130 2974 noster
1151 2900 1337 2976 benedixit
1354 2905 1390 2974 et
1411 2896 1591 2973 distribuit
1613 2913 1682 2966 can·
1733 2975 1734 2978 p

378 3021 478 3096 delas
492 3022 530 3096 iu
544 3021 683 3119 capella
698 3023 830 3120 majori
844 3024 922 3100 sine
941 3026 1039 3100 omni
1055 3025 1226 3101 tumultu.
1253 3025 1386 3100 Habuit
1410 3030 1533 3098 tamen
1554 3020 1638 3095 circa
1651 3037 1680 3086 se

380 3145 466 3224 illud
500 3146 700 3222 cancellum
722 3147 797 3224 sive
825 3150 1091 3247 reparatoriom
1120 3151 1304 3248 ligneum;
1336 3151 1408 3224 duo
1437 3148 1681 3224 conservatores

381 3277 576 3348 tenuerunt
594 3272 762 3348 candelas
783 3277 891 3372 Pape.
914 3275 1112 3352 Cardinalis
1129 3275 1386 3375 Agrigentinus
1412 3270 1601 3350 celebravit
1616 3266 1683 3340 mis·

382 3419 460 3476 eam
478 3399 678 3474 solemnem
696 3399 734 3474 in
750 3400 881 3474 eadem
902 3401 1063 3498 capella;
1086 3407 1122 3476 et
1142 3402 1264 3477 omnia
1282 3407 1364 3476 acta
1382 3409 1468 3475 suut
1486 3420 1580 3473 more
1598 3391 1680 3466 solito

384 3532 419 3598 et
435 3528 622 3599 consueto.
674 3605 677 3617 Ι
1733 3541 1734 3622 g

431 3653 508 3726 Hoc
534 3671 655 3740 mane,
681 3674 740 3724 me
768 3649 945 3724 existente
971 3650 1006 3724 in
1033 3653 1189 3748 capella,
1216 3651 1412 3728 cardinalis
1437 3643 1594 3724 Cesarini
1614 3641 1682 3712 bor·

382 3776 529 3852 tulanus
556 3777 658 3874 rupit
683 3777 956 3853 obturationem
974 3778 1165 3853 foraminis
1183 3778 1273 3852 alias
1296 3778 1333 3853 in
1355 3777 1507 3850 domum
1528 3763 1682 3846 meando

382 3903 556 3978 mandato
574 3904 739 4000 ejusdem
757 3902 954 3977 cardinalis
970 3903 1146 3977 violenter
1164 3902 1272 3992 lacti;
1296 3901 1340 3974 de
1360 3923 1432 3998 quo
1449 3921 1518 3999 ego
1536 3892 1682 3970 avvisatus

383 4051 449 4124 per
463 4028 685 4117 Gometium,
705 4027 926 4102 familiarem
945 4051 1082 4117 meum,
1105 4027 1177 4101 dixi
1199 4031 1296 4123 Pape
1318 4024 1379 4122 qui
1403 4023 1521 4098 noluit
1546 4015 1680 4094 credere,

385 4151 513 4226 dicens
548 4151 726 4228 cardinali
758 4153 949 4243 Cesariuo,
979 4152 1016 4226 id
1047 4153 1077 4226 si
1106 4155 1221 4241 esset,'
1249 4152 1381 4226 cedere
1413 4151 1450 4223 iu
1479 4139 1681 4243 vilipendium
1733 4207 1734 4210 ,

385 4277 596 4352 sanctitatis
630 4300 716 4366 sue3
748 4282 784 4350 et
816 4277 916 4351 misit
947 4277 1152 4368 Paulinum,
1190 4276 1482 4376 parelreuarium
1516 4289 1621 4353 suum,
1649 4257 1682 4332 od

385 4401 579 4476 videndum
596 4425 643 4476 an
661 4403 712 4476 sic
728 4409 837 4478 esset.
856 4403 923 4488 Qui
938 4403 1046 4491 venit,
1064 4402 1202 4500 reperit
1221 4407 1258 4476 et
1274 4401 1360 4478 vidit
1377 4403 1428 4478 ita
1448 4423 1527 4474 esse
1543 4399 1646 4470 actum
1657 4385 1682 4455 el
1733 4431 1734 4436 =

386 4521 475 4602 dixit
489 4527 579 4601 velle
595 4529 659 4602 SS.
682 4530 723 4601 D.
743 4532 871 4602 nostro
890 4531 986 4625 Pape
1001 4527 1157 4602 fideliter
1172 4528 1323 4624 reterre.
1733 4611 1734 4626 ἶ

388 4631 394 4640 ’
434 4653 542 4726 Feria
556 4657 700 4749 quarta,
722 4657 743 4728 8
763 4653 850 4727 dicti
870 4654 1006 4728 mensis
1027 4653 1219 4743 februarii,
1242 4661 1390 4751 peracto
1409 4653 1572 4752 prandio,
1594 4647 1680 4734 Papo,
1733 4663 1734 4752 }

386 4778 586 4852 associatus
604 4801 625 4851 a
643 4777 888 4852 cardinalibus
907 4778 1083 4854 duntaxat
1100 4778 1283 4876 palatiniS,
1302 4780 1475 4876 equitavit
1489 4801 1551 4878 per
1564 4769 1681 4870 pontem

387 4928 417 4978 s.
445 4903 587 5002 Angeli,
613 4925 679 5000 per
702 4903 879 5002 Regulam
900 4903 937 4978 iu
955 4903 1229 5002 Transtyberim
1252 4905 1299 4977 ad
1327 4905 1469 5001 ripam;
1494 4911 1527 4980 et
1551 4895 1620 4972 iude
1635 4901 1683 4982 per
1733 4891 1734 4974 Ῐ

388 5033 532 5125 partem
545 5027 864 5126 Transtyberinam
883 5053 1052 5104 reversus
1070 5036 1125 5104 est
1144 5030 1191 5104 ad
1206 5029 1396 5127 palatium.

436 5153 541 5226 Faria
566 5153 740 5244 secunda,
770 5157 812 5228 13
840 5156 977 5228 mensis
1010 5152 1181 5229 februarii
1209 5155 1382 5253 predicti,
1407 5154 1541 5228 dictum
1563 5141 1681 5232 tuiopu
1733 5139 1734 5174 ³

392 5275 542 5368 Urbem,
575 5279 780 5356 iohannem
811 5282 1012 5366 terdenum
1046 5281 1220 5366 Ursinum
1252 5281 1427 5376 obtulisse
1460 5305 1498 5356 se
1522 5281 1554 5353 01
1579 5265 1682 5342 statuo
1733 5291 1734 5316 ³
