3506 6034
120 626 280 693 [maaca]
440 623 566 684 RERUM
590 623 817 683 URBANARUM
841 623 1103 682 COMMENTARII.
1395 628 1449 684 203

120 779 168 852 dit
190 778 288 876 qaod
312 799 407 868 non;
437 783 474 852 et
499 781 596 875 quod
624 780 786 856 dicerem
816 779 1059 854 cardinalibus
1087 780 1184 876 quod
1211 802 1340 854 omnes
1364 780 1449 854 illuc

118 905 209 978 irent
234 901 401 976 similiter
420 909 457 976 et
484 905 693 979 cantoribus
716 904 854 1002 capelle
878 905 1085 980 Sanctitatis
1110 927 1187 993 sue,
1220 912 1256 978 el
1280 905 1449 978 iorrcriis

117 1028 208 1126 quod
229 1033 405 1125 pararent
426 1027 581 1104 chorum
606 1031 781 1121 Minerva,
809 1054 852 1104 ac
879 1031 908 1102 si
938 1031 1119 1104 Sanctitas
1144 1053 1210 1104 sua
1228 1029 1336 1104 vellet
1360 1030 1451 1104 intc-

116 1175 226 1243 resse‚
246 1152 325 1226 sola
341 1153 427 1229 sede
444 1154 562 1252 papali
575 1155 735 1253 dempta,
754 1179 864 1253 quam
888 1155 1035 1230 nolebat
1055 1156 1143 1230 illuc
1159 1155 1319 1252 portari3
1344 1156 1448 1232 etita

117 1277 179 1352 luit
195 1280 366 1354 omnibus
383 1281 601 1356 intimatum.
618 1281 700 1356 Alia
714 1304 817 1356 more
834 1281 954 1356 solito.
1428 1295 1431 1304 '

161 1403 268 1476 Faria
283 1406 392 1478 tertia
407 1407 559 1496 Pascha,
576 1411 622 1481 29
633 1408 769 1482 mensis
780 1405 919 1496 martii;
934 1409 977 1481 D.
995 1411 1118 1497 lasne,
1133 1407 1326 1504 episcopus
1339 1413 1451 1485 Aaou·
1524 1445 1526 1452 ⁴

114 1525 232 1616 lanus,
260 1527 459 1604 celebravit
485 1531 634 1606 missam
658 1533 703 1608 de
724 1533 1006 1609 annunciatione
1029 1532 1137 1606 beate
1160 1532 1274 1608 blarie
1297 1533 1449 1632 virginis

114 1675 192 1725 cum
205 1655 376 1730 oratione
397 1661 534 1730 tautum
552 1657 597 1731 de
615 1657 694 1756 ipsa
707 1657 815 1734 beata
828 1658 969 1757 virgine
984 1665 1020 1730 et
1034 1659 1237 1756 prelatione
1253 1659 1300 1734 de
1318 1661 1449 1736 eadam

113 1784 147 1850 ct
166 1800 241 1852 uon
264 1779 312 1853 de
339 1780 492 1871 Pascha,
523 1781 559 1856 in
586 1783 742 1860 ecclesia
767 1785 942 1860 Minerva.
971 1784 1220 1860 interfuerunt
1243 1784 1447 1860 octodecim

112 1903 328 1998 cardinales,
347 1907 536 1982 videlicet:
556 1895 827 2006 Neapolitanus,
852 1911 1145 2011 UlissiponcnsiS,
1170 1911 1444 2002 Recanatensis,

111 2052 137 2102 s.
164 2029 354 2122 Praxedis,
385 2033 667 2125 Alexandrinus,
699 2059 729 2109 s.
760 2037 897 2128 Gracia,
926 2038 1200 2136 Agrigentinus,
1236 2037 1444 2128 Grimanus,

110 2153 347 2248 Arborensis,
375 2160 611 2251 cusantium,
643 2161 909 2254 Salernitanus‚
940 2162 1242 2261 caputaquensis‚
1271 2163 1444 2255 Medicas,

109 2303 137 2353 s.
165 2281 347 2372 Severini,
374 2285 580 2374 Cesarinus,
609 2287 815 2380 Parnasius,
845 2289 890 2362 de
917 2287 1084 2362 Albretto
1111 2294 1146 2361 et
1170 2287 1313 2385 Bor-gia.
1338 2288 1448 2362 Missa

110 2403 316 2491 imitamen
339 2408 489 2485 luerunt
510 2411 692 2509 publicata
712 2397 951 2512 indulgentie,
971 2413 1055 2512 quia
1082 2413 1339 2510 Neapolitanus
1357 2411 1447 2488 dixit

109 2553 185 2606 esse
210 2533 395 2628 plenarias
421 2560 489 2634 per
515 2536 672 2630 bullam3
700 2539 797 2636 quod
822 2538 909 2614 licet
933 2561 1001 2636 ego
1027 2561 1100 2613 non
1128 2537 1332 2627 crederem,
1362 2559 1446 2614 cum

108 2655 200 2731 bulla
216 2682 295 2733 non
309 2661 527 2738 extendebat
539 2663 747 2760 hujusmodi
763 2664 1008 2762 indulgentias
1023 2663 1069 2738 ad
1084 2663 1181 2736 diem
1196 2663 1445 2738 translationis

109 2780 236 2874 cilicii3
261 2786 363 2860 nolui
378 2795 501 2863 tamen
518 2797 645 2864 contra
659 2789 934 2888 Neapolitanum
955 2791 1144 2888 replicare.
1164 2789 1272 2864 Posui
1289 2787 1447 2864 faldistc·

112 2908 205 2982 rium
224 2911 450 2987 celebrantis
466 2913 503 2988 in
516 2937 659 2988 summo
673 2915 782 3013 plano
799 2915 921 2990 altaris
937 2923 1021 2990 ante
1039 2939 1152 2991 cornu
1171 2913 1335 3012 epistole,
1352 2913 1448 2986 vide-

110 3033 192 3111 licet
208 3057 325 3132 super
343 3036 544 3134 pradellam
567 3039 693 3136 inquo
713 3039 809 3112 sedit
827 3037 1014 3114 celebrans
1035 3039 1205 3114 omnibus
1224 3037 1446 3136 paramentis

111 3161 319 3236 missalibus
339 3161 495 3252 indutus,
520 3187 603 3237 cum
623 3164 731 3237 mitra
745 3163 783 3236 in
806 3164 936 3261 capite.
954 3168 1142 3241 Venerunt
1157 3165 1230 3239 duo
1249 3163 1446 3238 servitores

111 3287 295 3360 societatis
306 3288 533 3363 annunciate
550 3313 634 3363 cum
652 3288 795 3364 duobus
809 3289 999 3381 bacilibus,
1018 3291 1079 3389 qui
1100 3313 1139 3365 se
1157 3290 1348 3364 firmarunt
1362 3295 1445 3364 ante

110 3409 323 3486 interiorem
345 3413 498 3510 gradum
524 3413 646 3488 altaris
675 3419 759 3488 ante
783 3416 1007 3513 episcopum,
1027 3416 1073 3490 ad
1095 3438 1187 3512 quos
1209 3420 1444 3489 accesserunt

111 3535 311 3612 confratres
336 3539 522 3613 societatis
538 3541 715 3637 predicte,
736 3563 802 3638 pro
821 3563 925 3615 more
943 3540 1162 3632 cffarentes;
1188 3539 1324 3637 quoda
1344 3540 1444 3638 prin-

111 3661 201 3758 cipio
219 3685 298 3735 non
321 3663 424 3758 potui
449 3664 647 3761 impedire;
672 3665 736 3740 sed
755 3669 946 3763 postquam
964 3665 1088 3764 viginti
1107 3665 1164 3738 vel
1181 3663 1282 3738 circa
1301 3663 1443 3738 obtule·

111 3794 201 3878 runt,
222 3812 309 3864 cum
325 3789 573 3888 intelligerent
590 3813 612 3864 a
629 3813 688 3864 mc
707 3789 933 3865 offertorium
950 3790 1158 3888 hujusmodi
1177 3813 1199 3864 a
1215 3789 1443 3887 dignioribus

111 3935 187 3989 esse
212 3914 476 4004 inchoandum,
509 3923 755 3990 assenserunt.
785 3916 877 3989 Duxi
903 3939 1016 3989 unum
1035 3938 1079 3990 cx
1101 3915 1338 3990 servitoribus
1359 3939 1443 4014 prc-

111 4039 213 4114 dictis
232 4063 318 4114 cum
332 4041 514 4138 prioribus
533 4040 716 4116 societatis
741 4040 786 4114 ad
804 4045 847 4116 D.
867 4041 1079 4131 adrianum,
1099 4041 1253 4115 electum
1270 4039 1443 4115 Herelor-

110 4163 275 4257 densam,
292 4166 528 4240 secretarium
541 4171 578 4241 et
588 4167 859 4242 thesaurarium
874 4169 984 4264 Papa,
999 4167 1072 4264 qui,
1087 4167 1234 4241 nomine
1244 4166 1440 4265 pontificis,

111 4289 240 4367 obtulit
255 4291 406 4366 ducatos
425 4292 573 4390 triginta
588 4292 709 4390 largos
729 4293 774 4366 de
790 4315 906 4366 cuneo
924 4295 1019 4389 Pape
1033 4299 1068 4366 et
1084 4297 1232 4368 centum
1248 4299 1284 4366 et
1296 4293 1444 4390 triginta

111 4416 291 4507 carlenos,
315 4423 354 4492 ut
372 4417 449 4514 ipse
468 4417 614 4492 retulit:
642 4416 728 4490 duxi
752 4417 914 4509 eosdem,
944 4418 1157 4492 servitorem
1181 4423 1217 4492 et
1238 4418 1377 4516 priores
1397 4416 1444 4490 ad

112 4540 267 4617 bancam
284 4543 581 4641 presbyterorum
599 4547 636 4618 et
653 4542 763 4617 alium
782 4565 863 4616 cum
879 4543 950 4617 alio
965 4543 1071 4616 bacili
1094 4548 1131 4618 et
1149 4543 1241 4616 duos
1263 4543 1307 4616 de
1329 4542 1444 4616 socie·

111 4669 182 4741 tate
198 4667 365 4765 predicta
381 4670 428 4742 ad
452 4667 609 4743 bancum
626 4667 861 4743 diaconorum
880 4669 1119 4742 cardinalium
1142 4669 1203 4764 qui
1227 4667 1337 4742 etiam
1358 4668 1441 4741 inde

112 4790 252 4866 iverunt
268 4793 314 4868 ad
332 4817 482 4868 scamna
498 4793 732 4892 prelatorum,
753 4797 790 4868 et
815 4793 945 4892 singuli
964 4793 1174 4868 obtulerunt
1191 4792 1342 4868 arbitrio
1362 4815 1441 4867 suo.

113 4916 228 4992 Finita
251 4918 434 4996 oblatione
457 4919 693 5018 prelatorum,
720 4919 873 4994 accessit
897 4919 1119 4994 camerarius
1149 4917 1333 4992 societatis
1359 4941 1444 5014 pre-

113 5039 219 5136 dicte,
244 5067 326 5118 cum
344 5067 416 5120 unc
434 5045 541 5120 bacili
564 5045 689 5143 inquo
710 5049 815 5120 erant
829 5045 1013 5120 sexdecim
1028 5045 1151 5134 bursa,
1172 5066 1255 5116 cum
1279 5043 1444 5140 pecuniis

113 5189 176 5262 pro
192 5171 404 5244 maritandis
420 5171 604 5246 sexdecim
623 5172 766 5270 puellis,
784 5171 951 5247 ordinate
971 5171 1015 5244 ad
1031 5169 1241 5268 episcopum
1255 5167 1444 5242 celebran-

114 5295 187 5368 tem
200 5301 235 5370 ct
246 5294 293 5370 ad
308 5295 388 5395 ejus
404 5297 587 5371 sinistram
601 5321 609 5388 ;
628 5320 697 5396 ego
713 5299 759 5374 ad
775 5297 976 5390 dexteram,
995 5300 1128 5396 etpost
1142 5295 1242 5370 illum
1258 5295 1443 5370 sexdecim
