3502 6036
386 533 436 588 158
843 526 1017 590 lOllANNlS
1042 531 1263 600 Baeculam,
1553 535 1627 594 {loct
1641 538 1693 600 ¹⁵⁰¹]

439 717 455 752 α
474 689 527 760 lle
544 655 714 759 mandato
737 687 801 760 SS.
826 687 867 758 D.
889 689 931 760 N.
959 689 1055 784 Papa
1077 685 1264 772 intimetur
1289 684 1442 782 singulis
1469 683 1607 758 thmn.
1632 689 1692 762 llll.

385 810 640 900 cardinalibus,
663 810 841 908 magistro
862 811 992 885 domus
1016 810 1225 886 sanctitatis
1250 833 1328 900 sue,
1355 809 1561 884 oratoribus
1577 817 1610 883 et
1628 835 1692 908 pre·

384 936 690 1012 latis-Romanam
712 934 850 1009 curiam
873 937 1109 1032 aequantibus
1130 937 1242 1032 quod,
1274 935 1333 1010 dic
1353 934 1529 1024 crastina,
1554 937 1692 1032 quaerit

386 1066 430 1135 ¹6
445 1060 627 1160 presentis
642 1059 791 1152 mensis,
809 1059 907 1134 circa
920 1059 1049 1136 horam
1065 1060 1335 1151 duodecimam,
1350 1059 1389 1134 in
1403 1059 1544 1158 capella
1554 1059 1588 1134 b.
1605 1060 1692 1134 llario

383 1189 429 1263 de
450 1186 626 1262 Febribus
645 1185 793 1262 basilice
815 1213 846 1262 s.
870 1185 979 1278 Petri,
1001 1187 1091 1262 fient
1110 1185 1262 1284 exequie
1282 1187 1376 1261 bone
1398 1185 1577 1260 memorie
1596 1187 1693 1258 cardi-

384 1312 475 1386 nalis
500 1313 672 1410 Capuani.
701 1317 825 1386 Rmus.
855 1317 898 1387 D.
924 1309 1172 1386 cardinalias.
1200 1311 1324 1387 Crucis
1348 1311 1459 1386 laniet
1481 1311 1644 1399 officium,
1666 1319 1690 1384 el

382 1444 464 1534 post
482 1438 648 1530 missam,
673 1438 875 1513 orationem
894 1437 1069 1536 magister
1078 1437 1184 1512 'litus
1200 1438 1245 1510 de
1264 1436 1404 1528 Sutrio,
1430 1434 1614 1510 familiaris
1628 1457 1690 1510 cur-

383 1561 512 1638 dinalis
532 1563 741 1638 defuncti.»
1343 1543 1344 1546 ¹

430 1691 598 1764 Castrum
612 1688 749 1764 doloris
765 1688 924 1787 positum
940 1688 1007 1763 luit
1021 1687 1115 1762 inter
1131 1688 1310 1786 capellam
1326 1687 1371 1762 de
1385 1685 1565 1764 Febribus
1576 1695 1609 1760 et
1620 1687 1690 1761 alias

381 1814 472 1888 duas
491 1814 649 1911 capellas
663 1821 746 1889 ante
763 1813 847 1912 ejus
865 1814 1056 1890 introitum
1070 1814 1160 1888 hinc·
1172 1821 1208 1888 et
1224 1813 1311 1888 inda
1329 1811 1541 1902 existentes,
1559 1811 1689 1909 longitu-

382 1937 476 2012 dinis
495 1937 591 2014 inter
614 1914 804 2014 columnas
828 1939 1035 2036 palmorum
1054 1938 1272 2030 octodecim,
1292 1939 1466 2014 columne
1488 1937 1557 2012 alle
1575 1937 1689 2034 palmo-

383 2085 465 2136 rum
489 2063 679 2153 tredecim,
706 2064 842 2138 lectum
869 2064 984 2138 altum
1011 2065 1216 2162 palmorum
1238 2087 1367 2138 novem
1389 2065 1492 2161 quod
1521 2061 1583 2136 luit
1605 2061 1688 2134 nimis

384 2185 532 2260 bassum
548 2211 556 2277 ;
574 2189 647 2263 alia
664 2189 851 2287 proportio
869 2189 965 2264 bona
987 2189 1073 2264 licet
1089 2213 1200 2287 parva
1220 2193 1374 2287 propter
1394 2185 1597 2286 angustiam
1615 2183 1686 2258 loci:

381 2309 513 2386 lectica
530 2311 640 2410 longa
653 2313 859 2410 palmorum
875 2313 1056 2404 undecim,
1074 2314 1177 2412 larga
1193 2321 1290 2405 octo,
1309 2315 1385 2387 alta
1402 2313 1582 2410 quinque;
1601 2309 1687 2407 pedes

386 2434 473 2510 lecti
495 2437 645 2512 luerunt
666 2459 791 2512 versus
809 2438 988 2537 capellam
1010 2439 1054 2512 de
1074 2438 1262 2529 Febribus,
1284 2443 1414 2514 contra
1437 2436 1595 2512 debitum
1612 2432 1686 2508 ordi·

383 2583 481 2652 nem,
503 2561 568 2637 sed
586 2570 734 2661 propter
748 2563 1023 2662 dispositionem
1042 2563 1113 2638 loci
1132 2588 1206 2638 non
1229 2565 1348 2662 potuit
1365 2565 1475 2640 aliter
1490 2563 1577 2638 lieri.
1597 2565 1686 2634 lntor-

384 2685 462 2760 titia
473 2687 593 2784 posita
607 2688 752 2762 luerunt
766 2687 803 2760 in
816 2689 1013 2786 capellada
1026 2689 1220 2766 Frebribus
1238 2709 1350 2787 supra
1364 2713 1475 2764 arcus
1492 2687 1684 2787 capellarum

382 2812 624 2888 circumcirca
647 2835 801 2888 numero
821 2815 1061 2913 quadraginta
1079 2823 1185 2890 octo:
1212 2816 1313 2890 circa
1336 2821 1499 2890 castrum
1522 2809 1684 2888 duodecim

382 2935 480 3028 hinc,
496 2937 645 3011 totidem
657 2937 777 3028 illinc;
795 2937 953 3036 desuper
965 2961 1109 3032 novem,
1122 2940 1169 3014 ad
1184 2941 1415 3016 altitudinem
1431 2961 1580 3015 arcuum
1594 2935 1682 3017 circa,
1729 3009 1730 3015 ,

382 3083 536 3136 numero
554 3061 698 3160 triginta
715 3085 791 3136 sex.
810 3065 968 3138 Scamna
984 3089 1052 3162 pro
1067 3065 1314 3140 cardinalibus
1328 3065 1450 3162 posita
1467 3065 1605 3140 luerunt
1618 3057 1682 3132 hinc

381 3189 418 3260 el
443 3185 527 3260 inde
549 3191 633 3262 ante
659 3189 838 3284 capellam
858 3190 1044 3287 sepulture
1067 3189 1192 3266 Calixti
1210 3198 1246 3265 et
1264 3191 1426 3266 defuncti
1453 3180 1683 3266 cardinalisad

381 3308 597 3385 distanciam
615 3311 810 3387 duodecim
829 3313 970 3410 abipsa
990 3315 1131 3411 capella
1150 3338 1218 3413 pro
1236 3315 1417 3414 episcopis
1436 3321 1474 3390 et
1490 3303 1683 3412 presbyteris

379 3459 532 3510 acornu
545 3438 731 3537 evangelii,
750 3445 786 3513 et
800 3463 868 3538 pro
884 3439 1048 3514 diaconis
1064 3464 1086 3513 a
1100 3463 1214 3516 cornu
1230 3440 1404 3540 epistole;
1422 3465 1490 3539 pro
1505 3432 1683 3512 oratoribus

376 3558 493 3654 laicis,
514 3585 704 3637 scamnum
728 3565 846 3662 magis
868 3565 1017 3640 bassum
1040 3571 1076 3639 et
1102 3565 1369 3662 aliquantulum
1396 3571 1499 3641 retro
1523 3576 1681 3636 scamnum
1709 3561 1713 3572 '

377 3685 629 3762 diaconorum.
665 3688 856 3787 Digniores
884 3689 1013 3788 prelati
1043 3691 1214 3764 sederunt
1242 3691 1280 3764 in
1309 3714 1461 3765 scamno
1489 3679 1681 3787 proximior(¹

379 3833 529 3885 scamno
553 3812 789 3888 diaconorum
806 3815 1069 3906 cardinalium3
1090 3812 1271 3914 pulpitum
1292 3840 1361 3914 pro
1384 3811 1587 3890 cantoribus
1606 3809 1681 3878 retro

381 3958 570 4010 scamnum
600 3937 855 4036 episcoporum
880 3940 1140 4031 cardinalium3
1169 3941 1349 4040 pulpitum
1379 3965 1445 4040 pro
1470 3943 1609 4014 oraturo
1630 3949 1680 4000 suo

379 4062 544 4156 tempore
563 4061 722 4158 positum
736 4063 800 4136 luit
817 4063 853 4136 in
869 4064 940 4138 fine
962 4064 1099 4140 scamni
1117 4065 1352 4140 diaconorum
1374 4062 1602 4140 cardinalium
1615 4055 1679 4128 anta

380 4206 569 4258 scamnum
600 4193 788 4262 oratorum
822 4187 1015 4262 laicorum.
1047 4189 1219 4276 Ordinate
1254 4189 1399 4265 luerunt
1426 4195 1569 4264 centum
1591 4177 1679 4252 misso
1717 4215 1718 4237 .

379 4304 545 4382 dicende.
574 4313 686 4384 Arma
711 4313 858 4386 suerunt
880 4311 1024 4386 circiter
1053 4313 1089 4387 in
1117 4284 1225 4388 cultis
1251 4319 1439 4406 trecenta;
1469 4311 1550 4386 satis
1576 4299 1679 4378 luisset
1716 4327 1717 4339 .

378 4435 527 4504 centum
543 4434 819 4534 quinquaginta,
842 4460 912 4534 que
931 4437 1048 4534 posita
1062 4437 1208 4513 luerunt
1226 4439 1322 4514 intra
1338 4445 1375 4514 et
1395 4445 1497 4514 extra
1517 4422 1678 4508 ecclesiam

375 4578 444 4652 per
463 4579 591 4632 navem
614 4561 751 4658 capelle
771 4581 804 4634 s.
828 4562 993 4660 Gregorii
1011 4579 1084 4661 ¹par
1107 4587 1234 4638 omnes
1258 4564 1447 4639 columnas
1469 4568 1504 4638 et
1526 4540 1676 4651 usquead
1712 4575 1714 4658 p

377 4681 560 4776 capellam
579 4684 624 4758 de
640 4685 814 4759 Febribua
830 4693 865 4760 et
882 4711 948 4783 per
966 4711 1061 4761 eam.
1711 4677 1713 4758 l

431 4835 448 4871 «
470 4808 706 4885 lntorticiavr
722 4811 897 4884 librarum
914 4833 979 4908 pro
999 4813 1173 4908 quolibet,
1189 4839 1256 4912 pro
1274 4816 1377 4890 altari
1396 4821 1432 4892 et
1451 4796 1672 4890 cardinalibus

377 4951 531 5006 numero
550 4959 644 5027 xxvi,
664 4936 734 5009 libr
747 4993 1268 5017 ,,,,,,,,,,,,,,,,,
1269 5001 1296 5048 ,·
1322 4987 1361 5014 ‚,
1386 4989 1547 5014 ,,,,,,
1613 4935 1672 4993 cul
1708 4959 1710 5053 p

431 5085 447 5122 α
471 5058 655 5134 lntorticia
674 5085 707 5134 rv
722 5061 910 5152 librarum,
934 5085 1088 5138 numero
1106 5089 1248 5155 cxxxvi,
1265 5065 1336 5141 libr
1354 5113 1546 5138 .......
1592 5057 1673 5121 „gun

430 5211 447 5246 «
469 5185 600 5258 Facula
620 5211 644 5260 n
661 5187 849 5277 librarum,
995 5221 1011 5254 o
1345 5257 1348 5263 .
1477 5257 1480 5262 .
1705 5155 1708 5257 Ι
