3502 6036
83 472 224 534 [lelllllll
381 468 506 526 RERUM
532 468 756 538 URBANARUM
778 470 1041 530 COMMENTAHH.
1336 481 1387 536 159

123 655 138 691 «ι
157 621 282 698 Facule
305 620 438 711 rlibre,
613 646 764 698 numero
790 647 844 714 cc,
936 624 1006 700 libr
1010 682 1230 700 ........
1342 653 1384 704 cc

124 746 541 836 «Faculemedielibre‚
671 779 688 814 »
790 773 844 839 cc,
964 783 980 816 »ι
1322 777 1390 835 ,ο

125 904 139 936 «1
155 872 277 948 Facula
295 897 333 946 ιν
352 871 554 963 unciarum,
671 903 687 938 »
791 883 852 964 11¹⁰,
965 905 981 941 »
1190 934 1229 948 ..
1275 901 1385 952 uxum

122 997 686 1096 mmmmnmfflm»

119 1125 154 1194 El
177 1121 485 1197 luit-abundamia
507 1125 552 1197 de
580 1123 748 1198 omnibus
775 1148 841 1223 pro
866 1131 987 1200 castre
1012 1125 1150 1200 doloris
1177 1128 1275 1224 quod
1301 1128 1387 1203 lecil

79 1247 231 1343 magisler
252 1249 533 1322 Bartholomeus
555 1249 702 1340 Floreli‚
731 1249 906 1347 lignarius
933 1250 1069 1348 palalii.
1099 1251 1213 1326 Soluli
1244 1253 1388 1328 luerunt

78 1372 179 1446 ducali
198 1371 347 1472 [riginlu
360 1373 405 1448 de
424 1373 579 1450 carlenis
597 1381 633 1448 el
650 1374 770 1472 pictur
781 1373 866 1449 lecil
881 1373 1062 1472 picturam
1079 1375 1123 1450 de
1135 1379 1265 1452 decem
1276 1378 1389 1452 armis

77 1520 130 1592 pre
145 1495 282 1586 ducale,
309 1523 377 1596 pro
395 1499 535 1574 honore
554 1522 632 1574 suo.
654 1499 735 1572 Fuil
757 1484 885 1573 tamen
905 1507 1097 1574 conlenlus
1119 1503 1215 1599 qued
1235 1503 1271 1574 in
1292 1503 1390 1577 solu·
1493 1545 1498 1552 ·

78 1621 158 1694 liene
174 1621 422 1698 defalcarelur
437 1629 578 1697 lantum
594 1629 770 1722 quanlum
790 1624 952 1722 placeret
967 1625 1199 1701 solutoribus.

115 1749 224 1843 Supra
238 1753 403 1822 castrum
418 1749 553 1823 doloris
567 1749 847 1847 posilelueruul
859 1749 1011 1824 candele
1031 1757 1185 1848 quatuor
1201 1752 1391 1828 unciarum

77 1893 209 1946 numero
226 1873 492 1974 quadragiula;
512 1873 739 1952 luneslorum
757 1875 906 1949 luerunl
920 1900 1075 1952 numero
1090 1887 1238 1952 oculum
1251 1886 1287 1954 el
1305 1904 1392 1978 qua-

78 1995 255 2075 luordecim
278 1999 342 2096 qui
361 1999 532 2074 sederunt
550 1999 675 2075 inillis
695 2000 835 2073 duabus
858 2001 1005 2098 capellis
1025 2002 1128 2100 juxta
1146 2011 1305 2078 cestrum
1323 2005 1390 2078 de-

76 2117 158 2210 letis,
183 2121 362 2198 allecibus
390 2124 534 2200 illerum
565 2124 711 2201 renibus
738 2125 850 2222 versis
878 2131 914 2198 el
942 2125 1079 2224 aliquoi
1107 2133 1190 2202 aule
1215 2127 1315 2202 illam
1344 2129 1388 2203 ad

78 2243 238 2320 sinisiram
256 2248 442 2340 intrantis,
460 2250 510 2324 ila
522 2255 646 2324 tamen
665 2251 761 2346 qued
781 2249 978 2324 transitum·
990 2250 1223 2326 cardinalium
1241 2259 1277 2328 el
1290 2257 1390 2328 cele-

79 2390 180 2444 rcrum
207 2373 268 2469 qui
299 2374 397 2450 inter
428 2399 491 2450 ees
524 2383 560 2450 et
586 2379 755 2450 caslrum.
773 2374 908 2450 doloris
939 2381 1018 2449 eral
1048 2401 1122 2450 non
1156 2375 1386 2474 impedireul.

77 2491 273 2572 lluslodibus
296 2523 384 2576 cere
404 2499 488 2574 dedi
511 2500 616 2576 aliam
640 2499 817 2588 cedulam,
841 2501 943 2598 juxta
964 2525 1072 2598 quam
1096 2503 1228 2576 darent
1253 2503 1389 2576 faculas

79 2624 107 2692 el
120 2619 285 2698 interlilia
298 2625 515 2700 eiliciulibus
535 2626 602 2700 sub
617 2625 674 2700 his
691 2624 825 2700 verbis.

119 2778 132 2810 c
149 2749 222 2823 Una
237 2749 335 2824 libra
348 2751 491 2826 incensi.
504 2776 571 2849 pre
589 2751 745 2826 luribulc

118 2902 131 2934 c
149 2875 318 2952 Sacrislie
334 2880 430 2974 Pape
448 2876 663 2952 interlilium
680 2900 797 2950 unum.
811 2902 844 2950 ιν
861 2877 942 2952 libr.

118 3001 297 3099 «Regenli
314 3001 528 3076 cancellarie
586 3034 602 3069 υ
722 3035 737 3068 r
821 3034 836 3068 »
908 3033 924 3067 »

119 3126 292 3200 “Cuslodl
312 3128 479 3225 ejusdem
589 3160 604 3193 »
690 3161 741 3224 y»
824 3159 840 3195 u
912 3159 927 3194 u

119 3280 132 3313 l
149 3252 302 3325 Oraluru

119 3405 133 3441 «
150 3377 393 3452 Servientibus
408 3401 596 3454 armorum
608 3377 785 3452 inlcrlilia
800 3379 872 3454 duo
889 3403 922 3452 rr
938 3375 1113 3452 librarum

121 3530 134 3566 r
151 3501 294 3578 Eisdem
311 3503 547 3578 servientibus
562 3504 697 3579 faculas
712 3559 1040 3577 ...........
1106 3525 1176 3594 xxv
1199 3568 1202 3576 .

122 3659 135 3692 c
152 3627 363 3704 (leuioribus
380 3629 520 3728 capelle
539 3633 635 3728 Pape
654 3628 804 3718 faculas¹
811 3683 1041 3702 ........
1094 3651 1176 3700 xxvi
1267 3689 1271 3698 .

120 3753 329 3852 «nagislris
353 3751 509 3828 ostiariis
530 3753 667 3828 faculas
677 3809 943 3828 .........
969 3809 977 3827 .-
1002 3809 1041 3826 ..
1119 3779 1177 3828 xvr

122 3879 364 3954 «cursoribus
383 3884 478 3978 Pape
495 3879 630 3954 faculas
647 3934 1043 3953 .............
1115 3904 1177 3954 iux
1236 3875 1348 3948 rlibc

122 4037 135 4070 l
153 4009 365 4082 Gusledibus
391 4015 494 4104 purle
519 4006 648 4094 ferree,
679 4005 794 4102 prime
822 4014 942 4104 porte,
970 4005 1043 4080 sive

82 4128 118 4202 ud
130 4139 305 4222 calenum,
325 4133 461 4208 faculas
483 4187 1041 4206 ..................
1123 4153 1174 4202 vu

123 4287 137 4323 c
156 4257 370 4335 Cusledibus
389 4258 472 4358 eslii
488 4257 583 4332 herli
601 4257 731 4332 secreli
749 4256 887 4330 faculas
906 4313 913 4329 .
939 4313 947 4329 .
971 4311 978 4330 .
1003 4313 1010 4329 .
1029 4311 1043 4326 ..
1148 4278 1172 4328 u

124 4413 138 4448 l
154 4384 303 4459 cuilibet
316 4383 564 4482 parafrenurio
583 4385 644 4458 SS.
662 4387 705 4457 D.
725 4385 768 4457 N.
786 4389 823 4456 el
842 4380 1082 4456 cardinalium
1102 4386 1175 4454 lres
1194 4402 1259 4476 pro
1280 4377 1398 4476 quoli-
1462 4467 1463 4470 Ἴ

85 4500 151 4596 bel;
170 4531 278 4584 unam
296 4510 417 4584 medie
437 4509 542 4600 libre,
563 4532 633 4606 que
655 4507 901 4606 pessumdari
922 4507 1061 4581 deceno
1082 4527 1210 4580 eorum
1235 4527 1299 4602 pro
1322 4525 1398 4576 om-

85 4630 197 4709 nibus:
225 4643 261 4710 el
284 4637 389 4711 delur
414 4636 533 4710 selum
559 4631 815 4732 paralrenariis
840 4630 1077 4706 cardinalium
1108 4628 1334 4728 presentium
1361 4625 1398 4698 in

87 4755 164 4831 Urbe
179 4767 215 4836 et
230 4785 302 4836 nun
317 4762 534 4838 absentium.
559 4792 575 4828 »

124 4883 209 4958 Dedi
226 4887 333 4962 eliam
353 4887 520 4964 cedulam
543 4910 608 4984 pro
632 4881 853 4984 paramenlis
872 4881 909 4956 in
928 4880 1068 4980 capella
1091 4883 1186 4979 Pape
1207 4875 1400 4969 habendis,

86 4997 273 5102 hujusmodi
294 5013 441 5106 leneria,
462 5011 641 5088 videlicet.

128 5163 142 5196 «
162 5135 372 5214 Paramenla
396 5140 520 5215 omnia
542 5162 608 5238 pro
629 5137 836 5214 celebranle
860 5141 896 5210 el
920 5133 1075 5210 diacono
1096 5141 1131 5208 el
1155 5131 1396 5208 subdiacono:
