3506 6034
298 568 305 581 '
331 595 384 648 278
774 589 949 647 Jonnnms
975 588 1196 656 eunonium,
1407 587 1639 650 [septematrus

332 746 577 820 Alexandrino
603 745 700 840 quod
723 745 832 818 vellet
857 746 946 816 dare
968 741 1195 816 conclavistis
1213 740 1369 834 majores
1393 738 1532 834 gratias
1553 761 1648 830 quam
1736 761 1737 768 ¹

331 877 584 944 antecessores
608 871 674 958 sui,
699 869 762 941 sed
779 869 969 954 lronestas3
995 873 1030 940 et
1054 866 1152 961 quod
1172 863 1311 936 audiret
1337 860 1648 956 interrogationem

331 1019 456 1068 eorum
473 1004 509 1066 et
522 995 691 1068 referret.
712 997 787 1090 Ego
799 995 887 1089 petii
905 986 987 1065 ante
999 989 1345 1076 diemdatariatum;
1364 1009 1458 1082 papa
1473 984 1649 1078 respondit
1736 1039 1737 1080 3

329 1121 418 1194 velle
435 1119 593 1216 cogitare
612 1119 707 1214 qnod
726 1119 791 1190 sibi
817 1117 1021 1190 faciendum
1047 1121 1137 1188 erat.
1168 1110 1372 1185 Prosentavi
1391 1107 1553 1182 tabulam
1576 1113 1648 1178 ante

329 1268 413 1318 eum
426 1249 462 1316 et
478 1244 690 1339 subscripsit
702 1243 858 1339 capitula
870 1249 977 1338 prout
990 1243 1026 1312 in
1039 1240 1108 1312 illis
1120 1238 1289 1324 habetur,
1306 1239 1342 1306 et
1353 1233 1507 1329 signavit
1518 1236 1646 1303 tantum

329 1370 541 1442 mandatum
568 1368 655 1440 socii
680 1368 751 1438 mei
777 1367 1004 1440 remissionis
1032 1363 1220 1462 cujusdam
1248 1365 1399 1433 ennete:
1428 1357 1519 1428 mihi
1545 1356 1648 1427 noluit
1736 1337 1737 1426 l

328 1495 461 1590 aliquid
480 1493 624 1588 signare
645 1493 709 1564 sed
729 1517 840 1564 unum
858 1489 1029 1564 cardinali
1049 1489 1303 1559 Beneventano
1328 1489 1364 1555 et
1385 1504 1499 1553 unum
1515 1479 1571 1552 vel
1586 1480 1648 1550 duo

327 1617 408 1690 aliis
425 1623 578 1689 tantum.
599 1615 678 1686 Fuit
700 1622 862 1710 portatus
881 1615 926 1687 ad
945 1636 1089 1710 parvam
1115 1610 1317 1682 sacristiam
1335 1615 1371 1677 el.
1395 1605 1575 1700 spoliatus
1598 1625 1647 1674 ro·

327 1743 450 1813 chetto
478 1764 599 1835 quem,
626 1763 683 1810 me
714 1761 786 1811 non
815 1740 1039 1824 advertente,
1069 1733 1211 1829 recepit
1240 1731 1430 1827 episeopus
1454 1731 1645 1811 Massanus,

327 1867 493 1951 sacrista,
514 1869 562 1950 et,
579 1863 750 1958 imposita
767 1863 834 1934 sibi
855 1867 950 1934 veste
967 1862 1011 1932 de
1029 1859 1151 1955 sargia
1167 1855 1261 1936 alba,
1278 1877 1350 1925 non
1366 1851 1517 1924 mutavit
1533 1848 1648 1944 diploi-

327 1989 466 2062 demet
488 1987 636 2082 caligas,
660 1986 731 2068 alia
753 2010 857 2059 more
876 1987 1002 2070 solito;
1024 1993 1060 2057 et
1080 1981 1201 2054 statim
1222 1978 1411 2074 posuimus
1436 1996 1524 2047 eum
1550 1995 1648 2068 super

326 2113 438 2186 altare
458 2113 517 2186 ubi
536 2113 600 2185 fuit
618 2114 768 2186 vestitus
788 2113 901 2186 sacris
917 2109 1088 2182 restibus.
1288 2079 1291 2085 Ι
1736 2183 1737 2196 ¹

374 2241 519 2311 Interea
538 2237 731 2310 cardinalis
755 2262 782 2308 s.
826 2236 985 2331 Georgii,
1013 2232 1176 2328 exposita
1195 2251 1260 2324 per
1280 2227 1434 2322 primam
1457 2225 1645 2296 fenestram
1736 2237 1737 2324 p

326 2384 449 2450 cruce,
469 2360 700 2434 exclamavit:
715 2361 910 2432 Aonccncio
925 2359 1017 2431 vodis
1034 2355 1220 2452 perediam,
1239 2363 1302 2422 etc.
1316 2375 1323 2438 ;
1343 2354 1379 2422 et
1394 2347 1461 2421 fuit
1477 2345 1646 2418 maximus
1736 2335 1737 2384 l

327 2487 466 2566 clamor
490 2491 526 2559 et
548 2487 707 2558 maxima
729 2485 841 2558 letitia
860 2487 896 2557 in
912 2481 1069 2580 populo:
1093 2481 1187 2551 facta
1210 2475 1279 2546 fuit
1302 2472 1504 2544 reverentia
1522 2474 1647 2564 Papea
1736 2519 1737 2532 ,

326 2613 583 2698 cardinalibus,
605 2609 735 2682 deinde
753 2618 916 2706 portatus
941 2609 986 2681 ad
1009 2631 1037 2678 s.
1064 2608 1213 2677 Petrum
1239 2621 1310 2670 non
1331 2597 1449 2692 potuit
1471 2593 1646 2691 genuflec-

326 2741 418 2824 tere,
447 2739 510 2810 sed
537 2739 574 2810 in
601 2736 686 2807 sede
712 2735 890 2825 adoravit3
919 2733 1050 2806 deinde
1076 2728 1214 2825 positus
1237 2746 1344 2820 super
1365 2722 1494 2808 altare,
1522 2715 1645 2810 incepit

330 2859 378 2932 Te
393 2860 527 2932 Deera.
549 2862 662 2935 Dictis
684 2860 908 2933 orationibus
932 2866 967 2931 et
982 2852 1171 2928 versiculis
1188 2831 1229 2922 ae
1245 2847 1409 2919 oratione
1425 2867 1493 2940 per
1512 2845 1644 2934 Neapo-

328 2985 493 3074 litanum,
515 2987 620 3058 rediit
641 2991 737 3082 Papa
753 2987 798 3057 ad
815 2984 1003 3080 palatium;
1022 2981 1106 3052 data
1123 3000 1189 3073 per
1205 2997 1278 3059 me,
1301 2973 1405 3070 jussu
1431 2992 1511 3057 suo,
1539 2963 1646 3038 cardi·
1736 2953 1737 2984 l

327 3109 468 3181 nalibus
487 3111 523 3182 in
539 3113 680 3208 porticu
705 3093 864 3184 licentia.
888 3111 926 3179 ln
942 3105 1076 3203 palatio
1097 3106 1323 3180 manserunt,
1351 3095 1446 3166 ultra
1470 3091 1531 3188 qui
1553 3087 1643 3185 prius
1736 3087 1737 3112 ¹

329 3233 486 3323 fuerunt,
499 3234 814 3332 RothomagensiS,
832 3259 860 3304 s.
878 3229 1052 3316 Severini,
1071 3219 1391 3299 vicecancellarius
1402 3222 1438 3289 et
1448 3212 1642 3309 Aragonia,

308 3345 312 3352 ’
328 3379 456 3430 omnes
473 3360 639 3456 superius
658 3359 719 3432 ubi
737 3359 808 3431 dux
828 3352 1065 3454 [Valentinus]
1086 3347 1273 3424 consuevit
1295 3366 1393 3430 esse3
1412 3347 1448 3414 et
1468 3345 1564 3432 Papa
1582 3356 1643 3406 non

327 3482 462 3555 invenit
480 3509 588 3558 nnam
605 3485 774 3558 lecticam
794 3482 850 3556 vel
872 3480 1043 3564 tabulam,
1067 3475 1121 3548 vel
1139 3471 1293 3567 aliquid;
1315 3471 1536 3564 quapropter
1553 3483 1645 3534 acce·
1736 3483 1737 3544 t

327 3607 381 3702 pit
399 3609 660 3682 aconolavistis
678 3617 804 3681 mutuo
820 3607 956 3679 lectum
971 3625 1077 3675 suum
1095 3621 1202 3695 quem
1221 3595 1306 3668 fecit
1324 3600 1469 3689 portare
1487 3591 1524 3660 in
1539 3607 1645 3660 came·
1736 3649 1737 3666 ,

328 3755 408 3804 ram
428 3755 541 3821 suam,
565 3723 605 3806 el
624 3734 751 3806 habuit
777 3732 901 3804 omnia
918 3729 1010 3801 bona
1030 3751 1095 3798 sua
1114 3749 1156 3796 ex
1181 3718 1354 3806 conclavi,
1383 3722 1419 3789 et
1437 3739 1459 3788 a
1478 3708 1644 3809 deputatis
1736 3707 1737 3792 Q

329 3855 629 3928 conclavistarum
656 3857 717 3952 qui
745 3880 788 3928 ea
813 3853 1045 3927 confiderunt
1071 3853 1113 3920 D.
1139 3845 1289 3931 Jacobo,
1325 3839 1424 3912 fratri
1455 3843 1561 3934 Pape,
1592 3829 1642 3926 qui
1736 3809 1737 3840 ³

329 3981 498 4074 promisit
514 3983 566 4051 eis
583 3964 792 4053 satisfacere
809 3987 845 4051 et
862 3977 993 4050 deinde
1017 3972 1146 4046 obtulit
1171 3994 1209 4040 se
1227 3968 1396 4040 daturum
1416 3963 1467 4035 eis
1493 3983 1558 4058 pro
1574 3977 1642 4030 om·
1736 4015 1737 4028 ,

329 4101 435 4173 nibus
446 4101 595 4175 ducatos
608 4104 784 4175 ducentos
795 4101 918 4196 largos
929 4121 1020 4194 quos
1035 4092 1252 4168 conclaviste
1268 4087 1462 4161 noluerunt
1477 4082 1640 4176 accipere.

378 4227 444 4297 Die
460 4226 611 4315 sabbati,
634 4226 679 4298 23
696 4225 926 4322 septembris
947 4225 1009 4296 SS.
1029 4225 1072 4292 D.
1089 4226 1213 4291 noster
1228 4213 1321 4287 sedit
1336 4211 1372 4282 in
1388 4209 1500 4282 tertia
1514 4219 1643 4280 camera
1736 4201 1737 4232 ³

328 4357 409 4446 post
427 4350 546 4422 aulam
562 4351 744 4446 pontilicis
760 4357 795 4422 et
810 4349 908 4420 dedit
922 4345 1106 4443 publicam
1122 4339 1342 4414 audientiam
1360 4331 1598 4407 cardinalibus
1614 4326 1643 4394 el

329 4475 460 4548 ceteris
479 4475 648 4547 omnibus
662 4474 722 4570 qni
740 4495 872 4570 magno
888 4470 1046 4543 tumultu
1062 4466 1196 4538 ibidem
1212 4463 1375 4548 fuerunt;
1392 4466 1428 4531 et
1442 4451 1641 4530 intromitte

329 4599 459 4672 bantur
469 4623 608 4672 omnes.
629 4598 820 4695 Deputavit
835 4594 1011 4667 datarium
1026 4591 1261 4664 Octavianum
1278 4582 1495 4680 Capocoium
1512 4585 1546 4652 et
1558 4569 1640 4648 dedit

329 4723 396 4795 sibi
413 4724 608 4796 familiares
629 4723 710 4795 illos
730 4723 821 4793 duos
840 4719 900 4815 qui
920 4718 1063 4790 fuerunt
1081 4737 1164 4787 cum
1181 4711 1258 4784 aliis
1275 4709 1436 4782 datariis.

329 4908 406 4948 esser
418 4891 547 4948 onorifieo
563 4899 590 4948 et
603 4891 668 4946 utile
684 4907 733 4963 per
748 4887 774 4944 la
787 4888 886 4944 Cbiesa
901 4887 934 4942 de
950 4885 1001 4941 Dio
1014 4901 1028 4939 e
1043 4883 1076 4937 de
1092 4887 1161 4938 tutta
1178 4880 1201 4935 la
1217 4875 1355 4950 republica
1367 4874 1497 4931 cristiana
1510 4880 1536 4928 et
1548 4863 1639 4925 alferio-
1736 4877 1737 4894 ¹

329 4987 393 5034 nato
409 4979 436 5034 in
457 4981 617 5054 particulare
632 4981 685 5036 ella
706 4977 893 5034 Illustrissima
911 4973 1041 5048 Signoria
1059 4971 1176 5038 Vestra,
1193 4985 1207 5023 e
1223 4976 1281 5022 cusi¹
1297 4981 1382 5040 prego
1397 4948 1640 5035 l'OnnipotenteDio

329 5068 379 5123 ehe
404 5069 456 5124 sia.
477 5091 490 5121 a
509 5068 683 5132 Giustiniani,
701 5087 727 5142 p.
753 5069 816 5125 199.
835 5065 909 5140 Voy.
937 5065 976 5121 les
990 5065 1051 5136 dep.
1068 5060 1149 5128 suia,
1163 5065 1191 5114 et
1210 5057 1234 5112 la
1250 5055 1327 5112 lettre
1345 5055 1379 5109 de
1393 5048 1546 5109 felicitation
1563 5036 1639 5119 quale

330 5158 441 5228 general
457 5158 505 5213 des
521 5157 704 5224 Camaldules,
720 5157 807 5212 Pietro
823 5153 932 5219 Delfmi,
949 5154 1061 5209 adressa
1076 5169 1109 5206 au
1125 5145 1244 5204 cardinal
1257 5146 1291 5201 de
1304 5143 1416 5210 Sienne,
1433 5146 1448 5197 a
1464 5127 1638 5196 1'000asi0nde

331 5260 381 5300 son
397 5243 510 5301 electior
526 5249 542 5302 a
557 5245 583 5302 la
597 5249 725 5319 papante,
741 5247 811 5301 dans
829 5241 966 5314 Rainaldi,
984 5247 1002 5299 t.
1020 5241 1107 5303 XXX,
1119 5257 1147 5312 p.
1164 5237 1225 5292 392.
