3520 6036
112 625 195 692 [Aodi
208 623 279 687 {soll
450 623 577 684 RERUM
599 622 828 683 URBANARUM
852 623 1115 685 COMMENTARII.
1390 623 1443 680 ffl3

113 779 305 870 Adrianus,
325 775 565 870 Mimatensis,
590 804 620 855 s.
647 777 747 856 Petri
770 779 815 854 ad
847 779 1014 870 Vincula,
1032 779 1219 870 Columna,
1247 778 1441 877 dragonia,

115 905 159 978 de
174 903 364 987 Alibrctto,
382 903 548 979 Elnensis
565 931 573 979 ι
593 905 666 980 alia
682 928 785 981 more
800 903 907 980 solito
925 905 1022 981 lacta
1037 903 1165 1004 luere(
1190 903 1215 1003 ).

163 1027 268 1119 loris,
290 1033 312 1102 l
329 1029 453 1128 hujus,
470 1030 607 1106 recessi
625 1032 670 1105 ab
686 1031 783 1106 Urbe
803 1037 838 1104 et
854 1030 944 1104 redii
963 1029 1009 1105 ad
1036 1029 1283 1128 episcopatum
1302 1051 1438 1105 meum.

163 1157 274 1247 Lune,
295 1159 340 1229 22
356 1154 438 1253 julii
449 1179 513 1232 seu
524 1155 561 1230 in
572 1161 679 1231 nocte
692 1155 870 1253 sequenti,
887 1156 975 1230 obiit
989 1155 1179 1255 episcopus
1190 1155 1442 1231 Cesenatensis

114 1280 255 1356 auditor
269 1302 417 1354 camere
432 1303 476 1355 ex
490 1285 593 1379 peste
614 1307 622 1357 :
641 1282 677 1355 in
692 1304 799 1356 mane
816 1279 995 1378 sequenti,
1026 1281 1153 1356 martis
1178 1285 1222 1354 23
1240 1280 1335 1378 julii,
1365 1279 1442 1354 sine

113 1429 245 1504 pompa
257 1409 442 1503 portatum
460 1405 527 1482 luit
544 1405 697 1482 cadaver
712 1407 758 1481 ed
771 1407 964 1482 ecclesiam
980 1431 1010 1482 s.
1028 1406 1178 1506 Agnetis
1196 1405 1442 1504 parochialem

113 1553 214 1603 suam
234 1537 271 1604 et
287 1529 336 1603 ibi
355 1529 576 1628 depositum,
598 1532 683 1630 quia
697 1531 829 1607 fratres
844 1531 988 1607 Araceli
1003 1531 1200 1606 noluerunt
1219 1531 1308 1606 dare
1327 1529 1359 1603 oi
1378 1530 1442 1602 de-

113 1654 273 1753 positum
289 1654 325 1728 iu
344 1679 471 1730 eorum
496 1657 652 1733 ecclesia
675 1657 735 1732 ubi
760 1657 991 1732 ordinaverat
1023 1681 1061 1731 se
1091 1657 1236 1754 sepeliri
1266 1677 1349 1729 cum
1377 1679 1442 1730 sua

112 1785 240 1872 matre,
258 1803 342 1855 cum
359 1805 431 1879 qua
445 1805 520 1857 non
535 1783 665 1881 potuit,
687 1784 771 1881 quia
787 1783 867 1882 ipsa
882 1783 971 1858 obiit
985 1784 1082 1858 circa
1097 1781 1317 1880 principium
1331 1781 1441 1879 hujus

112 1904 260 1998 mensis,
279 1911 316 1981 et
344 1905 412 1980 luit
437 1907 573 1983 ibidem
599 1909 760 2006 sepulta,
794 1913 831 1984 et
862 1915 1060 2008 propterea
1090 1905 1275 2008 sepultura
1308 1907 1442 2008 aperiri

112 2035 259 2130 propter
275 2031 433 2107 latorem
445 2057 520 2107 non
533 2033 647 2108 valuit
661 2033 724 2134 (2).

156 2155 328 2248 Veneris,
342 2161 387 2232 26
399 2157 495 2256 julii,
511 2159 580 2234 luit
598 2159 854 2235 consistorium
871 2164 1056 2236 secretum
1073 2160 1111 2234 in
1125 2183 1196 2258 quo
1216 2158 1447 2235 cantonius

113 2281 155 2356 do
181 2286 322 2375 ltlonte,
348 2283 486 2358 clectus
523 2283 680 2361 Civitatis
711 2285 871 2378 Castelli,
891 2287 1009 2360 lactus
1030 2285 1097 2360 luit
1113 2285 1257 2360 auditor
1274 2307 1444 2359 camere:

113 2405 227 2496 solvit,
247 2411 290 2482 ut
306 2407 480 2500 intellexi,
502 2432 567 2483 sex
581 2409 681 2484 mille
698 2411 861 2502 ducatos,
889 2412 1044 2485 Thomas
1069 2409 1177 2508 Regis
1202 2407 1332 2483 obtulit
1358 2407 1449 2481 duo·

114 2531 231 2606 decim
258 2531 370 2623 mille,
416 2537 458 2608 D.
483 2534 680 2626 JohanneS,
714 2535 908 2635 episcopus
935 2535 1207 2610 Tarracinensis
1229 2537 1313 2608 octo
1336 2532 1448 2622 mille,

113 2657 406 2756 prothonotarius
436 2657 690 2736 Arcimboldus
725 2663 825 2754 octo;
856 2665 892 2736 et
908 2661 945 2736 in
983 2663 1114 2736 eodem
1149 2658 1366 2735 consistorio
1402 2661 1444 2730 Ι).

112 2783 241 2857 Fabius
261 2784 489 2876 Sanctorius,
507 2785 682 2878 datarius,
708 2787 775 2862 luit
798 2789 981 2886 prefectus
1001 2788 1038 2861 in
1060 2785 1272 2886 episcopum
1291 2788 1460 2860 Cescna-'

111 2909 243 2982 tensim
260 2912 298 2984 et
314 2909 537 2986 lastinianus
555 2913 600 2985 de
616 2911 864 2987 Moriconibus
883 2911 1038 2988 ecclesie
1055 2910 1297 2996 Amerinensi.

154 3033 295 3124 Martie,
313 3035 506 3134 daugusti,
524 3036 620 3112 bone
639 3038 818 3113 memorie
838 3042 968 3114 Petrus
991 3038 1226 3125 Bertrandus,
1257 3035 1448 3133 episcopus

109 3158 286 3234 l'udonsis
305 3160 365 3257 qui
385 3169 494 3236 nocte
516 3162 697 3258 preterita
725 3163 823 3238 diem
849 3163 979 3238 clausit
1004 3169 1208 3237 extremum
1237 3159 1301 3234 luit
1326 3159 1448 3258 sepul-

110 3289 162 3357 tus
179 3283 216 3357 in
240 3283 395 3360 ecclesia
410 3286 568 3361 Minerva
584 3315 592 3378 ;
610 3285 745 3364 familie
764 3291 860 3388 Pope
877 3297 913 3364 et
937 3288 1097 3388 plurium
1126 3285 1366 3364 cardinalium
1391 3285 1447 3362 in·

111 3409 326 3486 terluerunt.

155 3537 295 3611 Eadem
314 3535 384 3629 die,
403 3539 566 3636 sepultus
581 3537 648 3614 luit
663 3538 702 3614 iu
717 3539 872 3615 ccclesia
890 3563 920 3613 s.
938 3538 1127 3637 Augustini
1148 3538 1242 3612 bone
1267 3536 1445 3614 memorio

111 3661 311 3736 Batistinus
326 3663 373 3738 de
388 3665 689 3764 Campolregoso,
710 3664 798 3740 olim
810 3666 884 3740 dux
901 3665 1112 3740 Genueusis.

159 3786 262 3863 Circa
280 3785 416 3864 lestum
435 3815 465 3864 s.
490 3789 688 3884 Laurentii,
718 3791 791 3864 dux
822 3789 1037 3867 Valentinus
1068 3789 1106 3863 in
1138 3789 1242 3887 galea
1266 3787 1448 3880 detentus,

113 3911 175 3987 luit
191 3913 328 3988 missus
340 3913 377 3987 in
396 3915 622 4015 Hispaniam,
645 3916 848 3991 associatus
866 3918 911 3990 ab
927 3915 1005 3990 aliis
1024 3915 1136 4014 galeis
1152 3914 1187 3988 in
1210 3937 1364 4012 quarum
1377 3939 1446 3989 una

116 4039 270 4138 Prosper
286 4040 463 4116 Columna
478 4044 646 4118 detentus
663 4041 701 4117 in
720 4041 885 4118 solaticio
902 4042 1050 4141 cingulo
1064 4065 1148 4118 cum
1161 4065 1234 4116 uno
1254 4041 1445 4123 servitore.

157 4167 197 4239 ln
213 4170 325 4240 nocte
343 4169 525 4265 sequenti,
544 4167 601 4243 dio
627 4167 714 4243 lune
746 4173 804 4261 12,
831 4169 931 4242 circa
959 4167 1090 4243 horam
1115 4172 1286 4265 quartam
1313 4167 1445 4258 noctis,

115 4287 290 4380 Clemens,
308 4292 500 4366 cardinalis
517 4293 757 4384 Mimatensis,
789 4293 887 4367 diem
912 4293 1041 4367 clausit
1061 4299 1264 4368 extremum
1285 4291 1322 4365 in
1337 4291 1446 4365 domo

115 4415 303 4491 cardinalis
348 4419 620 4494 Recanatensis.
663 4419 744 4493 Fuit
783 4417 959 4493 'infirmus
1002 4419 1131 4494 decem
1159 4418 1215 4492 vol
1251 4415 1444 4491 duodecim

117 4535 201 4614 dies

161 4666 298 4758 Martis,
317 4672 359 4743 l3
376 4669 533 4767 augusti,
552 4669 597 4744 de
619 4671 791 4745 mandato
807 4675 904 4770 Pape
930 4671 996 4745 luit
1013 4670 1235 4760 intimatum,
1262 4668 1327 4741 sub
1351 4689 1446 4764 pena

118 4793 500 4869 excommunicationis
512 4797 749 4871 conventibus
767 4805 803 4870 ot
822 4797 920 4872 clero
932 4799 1039 4870 Urbis
1055 4795 1101 4870 ad
1115 4795 1294 4869 decimam
1312 4813 1447 4865 nonam

117 4909 241 4991 boram
256 4917 294 4991 in
312 4917 421 4993 domo
437 4919 560 4996 dicere
575 4921 731 5020 vigilias,
750 4923 881 5020 quibus
907 4921 1032 5012 finitis,
1063 4919 1287 4994 associarent
1314 4941 1447 5014 corpus

152 5138 176 5196 l.
197 5161 212 5192 α
285 5139 438 5216 Episcopus
453 5141 601 5214 florianus,
618 5141 824 5217 eollegcmeus,
841 5147 867 5198 et
878 5159 951 5200 unus
968 5140 1154 5198 cubicularius
1167 5145 1288 5197 secretus
1303 5143 1447 5214 portarunt

121 5223 233 5284 fimbriae
248 5230 396 5287 antenorea
412 5230 486 5306 Papo
496 5231 636 5289 redeuntis
648 5231 683 5289 ad
692 5249 836 5298 cameram,
849 5232 921 5306 quod
933 5231 984 5289 luit
995 5230 1074 5288 male.
1084 5251 1098 5284 r
1107 5230 1140 5290 P.
1156 5231 1191 5287 do
1206 5228 1352 5296 Grassis‚t.
1362 5229 1406 5286 18.
1418 5245 1445 5289 r.

157 5317 184 5376 2.
201 5317 271 5392 Voy.
283 5319 461 5391 Giustiniaui,
476 5337 505 5396 p.
522 5321 585 5380 184.
