3506 6034
335 613 390 671 202
679 655 684 668 .
790 605 965 666 tottnNttls
990 604 1211 678 BURCHARDI,
1497 609 1575 672 [llari
1591 613 1651 672 tint

338 791 404 840 sua
421 771 544 862 posset
562 764 685 839 venire
704 763 751 838 ad
767 764 962 837 Minervam
987 763 1060 836 sive
1082 786 1169 853 non,
1196 760 1356 836 officium
1380 763 1651 840 annunciationis

338 895 578 992 perageretur
593 889 690 964 dicta
710 889 768 964 die
784 887 820 962 in
838 888 1014 978 Minerva,
1032 889 1070 962 in
1090 892 1311 964 RRmorum.
1332 891 1408 964 oo.
1431 887 1651 966 cardinalium

338 1016 533 1117 presentie.

386 1141 578 1220 dominica
592 1141 745 1234 Pascha,
764 1145 809 1216 27
828 1140 965 1216 mensis
980 1139 1112 1231 martii,
1132 1139 1370 1215 circeboram
1385 1139 1650 1238 quindecimam,

337 1270 400 1344 SS.
422 1269 465 1341 D.
486 1270 611 1342 noster
626 1267 723 1342 venit
748 1266 1071 1366 processionaliter
1094 1266 1139 1340 ad
1158 1265 1345 1340 basilicam
1371 1290 1400 1339 s.
1426 1265 1522 1339 Petri
1545 1265 1579 1340 in
1595 1289 1654 1364 qua

338 1392 535 1470 celebravit
560 1392 708 1467 missam
732 1392 933 1468 solemnem
956 1396 1080 1466 Rmus.
1107 1395 1150 1466 D.
1178 1391 1371 1466 cardinalis
1388 1391 1650 1489 Neapolitanus:

337 1518 403 1594 luit
422 1519 595 1594 assistens
620 1519 804 1610 Medices;
831 1517 987 1592 cantavit
1011 1517 1237 1614 evangelium
1261 1515 1414 1592 latinum
1441 1521 1486 1592 D.
1508 1517 1650 1608 Alexim,

338 1645 530 1745 episcopus
548 1643 834 1742 Gallipolitanus,
857 1643 1048 1742 epistolam
1066 1643 1217 1718 latinam
1238 1646 1281 1717 D.
1301 1643 1545 1718 Bernardinus
1559 1645 1651 1718 Gam-

338 1769 425 1844 bare
434 1769 570 1869 junior,
593 1793 738 1869 grecam
756 1772 799 1844 D.
819 1769 1038 1844 Demetrius.
1059 1768 1219 1844 Primam
1237 1791 1368 1867 aquam
1387 1768 1555 1843 manibus
1571 1771 1652 1866 Papa

337 1895 437 1972 dedit
453 1903 576 1971 orator
592 1899 768 1986 Venetus,
791 1894 991 1970 secundam
1009 1902 1169 1986 senator,
1194 1895 1339 1969 tertiam
1358 1895 1531 1984 lacobus,
1551 1893 1652 1970 intans

335 2024 507 2112 Navarra,
529 2027 698 2120 quartam
716 2021 787 2096 dux
807 2021 1074 2098 valentinensis
1089 2021 1150 2118 qui
1171 2045 1245 2096 non
1265 2021 1363 2095 venit
1377 2020 1423 2095 ad
1442 2019 1653 2095 communio-

336 2169 421 2220 nem
440 2154 476 2223 et
497 2147 609 2221 voluit
627 2147 724 2222 idem
745 2145 817 2220 dux
841 2147 939 2242 quod
964 2147 1112 2244 quidam
1130 2147 1263 2220 nobilis
1286 2170 1374 2221 suus
1397 2146 1537 2221 ordinis
1557 2169 1584 2220 s.
1601 2149 1653 2219 lo-

336 2272 468 2348 bannis
486 2271 807 2372 Hierosolymitani
826 2278 938 2347 staret
957 2272 1003 2346 ad
1019 2273 1155 2372 gradus
1176 2272 1257 2346 solii
1277 2275 1390 2375 Pape,
1408 2277 1446 2348 et
1463 2271 1536 2364 ille,
1559 2295 1601 2346 ne
1617 2271 1653 2344 de

337 2397 512 2496 religione
538 2400 570 2472 ei
589 2404 852 2497 opponeretur,
874 2398 1043 2496 deposuit
1068 2419 1215 2472 crucem
1241 2421 1304 2472 seu
1327 2399 1478 2474 indutus
1500 2405 1554 2472 est
1573 2401 1656 2472 vesto

337 2525 417 2597 sine
433 2547 555 2598 cruce.
576 2525 651 2621 Ego
669 2522 875 2621 intelligens
891 2522 1110 2598 voluntatem
1135 2523 1236 2597 ducis
1255 2531 1291 2598 et
1311 2525 1410 2622 quod
1432 2547 1509 2598 non
1532 2521 1656 2619 negarit

336 2649 568 2748 religionem,
587 2649 736 2748 permisi
752 2671 836 2724 eum
859 2655 956 2725 stare
974 2649 1068 2724 inter
1085 2649 1225 2725 nobiles
1250 2655 1285 2725 et
1311 2651 1452 2747 gratim
1474 2648 1652 2748 predictos.

338 2778 448 2874 Papa,
470 2782 553 2851 ante
572 2775 842 2850 inchoationem
863 2775 1057 2852 tertiarum
1076 2776 1216 2874 accepit
1236 2775 1440 2852 cardinales
1461 2783 1497 2852 et
1514 2773 1654 2874 prelatos
1740 2811 1741 2866 g

336 2900 383 2976 ed
400 2901 644 2976 reverentiam
661 2901 698 2974 in
714 2923 843 2998 regno,
859 2923 925 2999 per
942 2900 1242 2976 inadrcrtentiam
1261 2899 1347 2976 socii
1364 2901 1434 2976 mei
1452 2901 1514 2998 qui
1532 2921 1607 2975 cum
1619 2917 1654 2971 eo
1740 2877 1741 2884 ἵ

337 3031 428 3117 erat,
452 3049 511 3102 me
535 3027 634 3100 circa
658 3025 872 3124 nesciaque
898 3025 1087 3124 impedito.
1112 3027 1264 3104 Baculus
1287 3027 1405 3102 crucis
1426 3027 1491 3124 qui
1509 3029 1654 3123 portatur

337 3158 421 3228 ante
438 3156 573 3250 Papam
591 3152 701 3228 bodie
718 3153 854 3226 tractus
870 3159 925 3227 est
939 3175 1006 3250 per
1017 3153 1191 3242 medium,
1210 3153 1330 3250 itaque
1349 3175 1422 3227 non
1437 3153 1556 3251 potuit
1569 3171 1655 3224 com·

337 3277 445 3354 mode
462 3263 612 3377 portari.
634 3282 743 3376 Papa,
763 3277 800 3352 in
816 3277 992 3353 fractione
1016 3278 1139 3354 hostie
1162 3279 1336 3376 imposuit
1357 3277 1571 3378 partiendam
1589 3297 1655 3349 san

336 3403 455 3502 guinis
477 3403 514 3479 in
541 3405 691 3480 calicem
716 3411 912 3502 antequam
941 3405 1080 3480 diceret
1105 3405 1192 3478 Pae
1219 3404 1381 3496 Domini,
1411 3427 1473 3480 me
1503 3403 1651 3479 vidente:

337 3552 410 3604 non
426 3529 641 3626 contradixi,
660 3531 837 3629 quianon
859 3530 926 3606 tuit
946 3531 1151 3605 remedium
1166 3557 1174 3622 ;
1195 3537 1230 3606 et
1248 3555 1331 3606 cum
1349 3531 1525 3606 diaconus
1541 3535 1574 3605 et
1587 3525 1655 3600 sub

336 3655 509 3730 diaconus
532 3655 846 3730 communicarent
871 3679 910 3730 se
938 3655 984 3729 de
1007 3656 1154 3730 residuo
1179 3656 1366 3754 sanguinis
1395 3656 1433 3729 in
1457 3654 1572 3744 altari,
1593 3673 1653 3725 non

338 3781 403 3856 tuit
427 3791 572 3880 reperta
594 3782 772 3879 particula
798 3783 835 3856 in
861 3781 974 3857 calice
996 3805 1104 3878 quam
1126 3805 1196 3856 neo
1219 3784 1319 3880 Papa
1344 3781 1460 3879 potuit
1484 3803 1548 3880 per
1567 3779 1654 3852 tistu-

336 3907 409 3982 lam
423 3907 644 4004 sumpsisse:
665 3931 738 3981 non
760 3907 860 4006 potui
883 3911 1080 4006 propterea
1102 3907 1294 4005 imaginari
1312 3907 1398 4005 quid
1420 3907 1466 3982 de
1487 3931 1530 3984 ea
1550 3911 1653 3980 actum
1738 4005 1739 4008 Ἴ

338 4039 447 4122 esset,
462 4032 507 4105 de
527 4056 599 4130 quo
619 4055 665 4106 ne
687 4032 814 4108 exinde
834 4033 1048 4108 scandalum
1071 4033 1241 4122 oriretur,
1262 4032 1401 4108 nullum
1417 4034 1567 4108 verbum
1580 4027 1650 4104 teci.

338 4161 428 4232 Date
442 4157 696 4234 benedictione
712 4165 793 4258 post
808 4159 958 4234 missam
974 4183 1040 4257 per
1054 4163 1201 4256 Papam,
1216 4169 1367 4257 accepto
1383 4182 1510 4257 regno,
1527 4157 1652 4232 retento

336 4283 458 4382 pallio,
488 4291 673 4360 ostensum
699 4293 753 4359 est
773 4285 828 4358 bis
857 4284 995 4358 terrum
1020 4285 1147 4359 lancee
1170 4293 1207 4359 et
1230 4291 1288 4358 ter
1312 4283 1431 4359 vultus
1452 4279 1604 4369 domini;
1623 4279 1653 4348 et

337 4412 435 4507 Papa
459 4410 776 4507 processionaliter
802 4410 966 4484 ascendit
996 4410 1042 4484 ed
1066 4411 1189 4484 locum
1218 4410 1362 4508 publice
1392 4403 1650 4490 benedictionis,

336 4533 409 4624 ubi,
435 4536 519 4610 data
542 4535 798 4612 benedictione
820 4535 988 4626 solemni,
1016 4536 1197 4611 concessit
1220 4536 1403 4633 plenarias
1428 4527 1652 4631 indulgentias
1737 4525 1738 4534 ‘

336 4661 469 4757 populo
494 4685 584 4759 quas
613 4662 773 4736 Medicas
799 4661 910 4735 latine
937 4670 1029 4735 ets.
1059 4661 1219 4736 Severini
1245 4661 1447 4736 cardinales
1475 4653 1653 4759 vulgariter

336 4785 654 4862 denuntiaverunt.

385 4913 491 4986 Faria
509 4913 670 4988 secunda
689 4913 841 5004 Pascha,
869 4919 915 4990 28
939 4914 1074 4989 mensis
1097 4915 1233 5006 martii,
1263 4919 1388 4989 Rmus.
1412 4919 1455 4989 D.
1480 4905 1651 4989 cardinalis

335 5059 365 5110 s.
396 5039 566 5114 Praxedis
589 5039 784 5114 celebravit
807 5041 955 5116 missam
976 5043 1153 5140 majorem
1177 5042 1215 5115 in
1237 5041 1378 5140 capella
1399 5041 1548 5139 majore,
1568 5039 1651 5129 Papa

336 5171 532 5259 presente:
559 5187 632 5262 qua
658 5165 774 5256 finita,
803 5167 1019 5265 interrogavi
1047 5169 1110 5242 SS.
1139 5171 1181 5241 D.
1212 5171 1380 5241 nostrum
1405 5191 1450 5241 an
1478 5163 1579 5240 vellet
1600 5157 1649 5230 dic

335 5287 493 5363 crastina
507 5290 630 5365 venire
649 5291 694 5366 ad
712 5291 908 5368 Minervam
924 5299 960 5368 et
976 5294 1150 5368 interesse
1170 5293 1305 5384 cilicio,
1329 5294 1391 5393 qui
1409 5293 1505 5368 mibi.
1517 5305 1650 5386 respon·
