3502 6036
80 536 216 600 [obumbra
229 533 297 598 15⁰1]
390 532 517 590 RERUM
542 531 766 591 URBANARUM
791 533 1059 594 COMMENTARII.
1346 539 1396 592 173

122 689 218 764 Faria
235 696 351 776 sexta,
381 693 422 760 17
442 685 660 773 decembris,
686 686 949 783 proclamatum
975 687 1040 761 fuit
1060 709 1126 784 per
1148 686 1280 760 Urbem
1305 713 1388 764 cum

80 813 294 890 sextibicinis
315 811 412 910 qood
432 812 558 886 omnin
578 811 615 884 in
635 810 868 909 carnisprivio
886 811 964 886 fieri
989 811 1107 901 solita,
1128 811 1237 885 etiam
1262 837 1390 889 cursus

79 940 270 1038 palliorum,
297 939 378 1012 fieri
405 939 565 1012 debeant
583 943 664 1034 post
687 937 779 1010 festa
798 937 946 1028 natalia,
972 937 1178 1036 incipiendo
1196 938 1315 1034 prima
1333 940 1392 1038 ja·

78 1063 182 1136 nuarii
197 1063 375 1160 proxima.

117 1189 193 1261 Novi
212 1187 390 1262 officiales
415 1187 521 1262 Urbis
544 1187 629 1261 anni
651 1187 761 1260 futuri
786 1197 822 1262 et
844 1189 986 1262 nobiles
1008 1212 1051 1261 ac
1073 1188 1133 1262 alii
1156 1189 1318 1264 mittendi
1346 1191 1392 1264 ad

77 1313 317 1386 honorandum
339 1319 377 1387 et
400 1313 656 1387 associandum
681 1317 725 1386 D.
755 1313 960 1388 Lucretiam
985 1337 1097 1410 usquo
1126 1315 1172 1388 ad
1189 1315 1394 1389 Ferrariam

77 1437 229 1527 ordinati,
261 1443 297 1512 et
330 1437 459 1512 eodem
488 1437 571 1511 heri
600 1437 736 1534 incepit
761 1461 912 1512 currere
940 1439 1019 1510 tons
1042 1439 1323 1513 Innocentianus
1357 1440 1393 1511 in
1450 1409 1466 1430 ⁴

76 1563 181 1659 platee
199 1587 229 1635 s.
253 1563 349 1636 Petri
368 1562 442 1661 (t).¹

116 1687 313 1776 Dominica,
338 1692 471 1784 quarta
494 1688 668 1762 adventus
691 1687 849 1776 Domini,
880 1693 922 1762 t9
945 1689 1163 1779 decembris,
1190 1692 1231 1764 R.
1257 1694 1299 1764 t).
1326 1693 1393 1764 Fe·-

74 1810 167 1901 tinuS,
191 1812 387 1910 episcopus
412 1813 592 1900 Lucanae,
618 1813 791 1886 assistens
810 1815 921 1908 Papa,
944 1813 1141 1887 celebravit
1162 1815 1309 1887 missam
1326 1839 1394 1912 pu-

75 1936 191 2008 blicam
209 1937 247 2009 in
278 1937 420 2033 capella
444 1936 577 2034 majori
603 1936 742 2033 palatii,
765 1939 863 2034 Papa
885 1939 1048 2010 absente.
1070 1941 1284 2012 Sermonem
1310 1940 1395 2013 iecit

75 2061 206 2155 quidam
235 2061 354 2135 irater
381 2061 519 2136 ordinis
540 2061 823 2137 Carmelitorum
849 2086 918 2159 pro
946 2068 1200 2159 procuratore,
1227 2065 1392 2138 absente.

75 2185 143 2258 Atia
156 2209 262 2259 more
278 2186 399 2260 solito.

115 2311 218 2384 Faria
233 2317 378 2407 quarta,
398 2316 443 2384 Ἠ
462 2312 682 2401 decembris,
706 2311 773 2386 suit
792 2311 1050 2386 consistorium
1068 2317 1251 2386 secretum
1268 2313 1305 2386 in
1322 2335 1394 2411 quo

76 2439 109 2508 a.
128 2439 166 2510 b.
189 2440 229 2509 P.
255 2435 434 2510 Antonius
457 2439 657 2526 Corsettus‚
685 2437 832 2511 auditor
856 2442 951 2528 rote,
974 2439 1034 2533 qui
1057 2438 1102 2510 de
1126 2439 1300 2511 mandato
1329 2441 1393 2512 SS.

78 2562 110 2632 o.
128 2563 167 2633 N.
188 2563 302 2657 Pape,
324 2559 476 2634 sabbato
498 2565 540 2636 18
559 2560 681 2660 hujus,
706 2562 752 2635 ad
777 2561 911 2636 Urbem
937 2563 1111 2651 redieret,
1133 2562 1398 2658 pronunciatus

78 2683 131 2758 tuit
151 2685 346 2782 episcopus
367 2685 588 2778 Melfitanus,
614 2691 650 2759 et
674 2687 745 2762 hoc
768 2687 813 2760 ad
836 2691 958 2760 rotam
979 2686 1206 2776 nunciatum,
1231 2687 1292 2760 ubi
1314 2711 1399 2784 pro·
1514 2734 1516 2740 -

78 2809 177 2884 dictus
201 2813 245 2884 D.
271 2811 449 2884 Antonius
471 2834 555 2884 cum
580 2811 713 2885 ceteris
736 2812 965 2886 auditoribus
989 2817 1249 2909 presenserat.
1278 2812 1399 2884 Finita

79 2935 261 3024 audientia,
290 2934 388 3008 idem
416 2938 458 3008 D.
489 2937 679 3026 Antonius,
709 2939 855 3010 retento
883 2936 1076 3011 rocchetta
1106 2938 1172 3011 sub
1203 2936 1391 3017 mantello.

78 3060 262 3134 associatus
281 3059 348 3133 iuit
367 3061 413 3134 ad
432 3061 582 3136 domum
599 3061 835 3136 habitationis
854 3086 917 3134 sue
938 3062 984 3134 ab
1002 3061 1171 3135 omnibus
1188 3065 1262 3135 DI).
1284 3061 1396 3136 coad-

75 3181 241 3276 jutoribus
270 3184 366 3275 suis;
398 3185 571 3281 equitavit
595 3186 632 3258 in
659 3187 779 3282 primo
804 3185 886 3260 loco
911 3185 1054 3264 medius
1078 3186 1174 3260 inter
1196 3189 1238 3260 D.
1266 3186 1397 3260 Hiero-

79 3331 211 3404 nymum
227 3309 458 3400 Por-carium,
483 3311 695 3408 episcopum
712 3311 954 3384 Andrienscm
972 3335 994 3384 a
1013 3311 1151 3384 dextris
1173 3316 1209 3385 et
1227 3311 1392 3384 Felinum

79 3432 273 3532 episcopum
292 3437 479 3508 Lucanum
503 3435 720 3526 asinistris;
747 3442 828 3534 post
852 3461 914 3510 eos
937 3435 1109 3532 equitavit
1126 3437 1336 3510 Genetensis
1356 3440 1392 3508 et

80 3557 276 3648 Nucerinus,
302 3559 473 3657 accolyti,
495 3565 531 3633 et
554 3562 709 3648 Grassis,
735 3561 865 3634 ultimo
889 3561 1110 3651 Jacobctius,
1131 3562 1273 3634 medius
1294 3561 1390 3634 inter

80 3683 182 3756 ttonte
200 3709 221 3756 a
239 3685 377 3793 dextris
396 3689 432 3758 et
453 3685 689 3762 Venuliuma
715 3686 886 3776 sinistris,
917 3692 1001 3760 ante
1030 3687 1179 3760 domum
1201 3690 1244 3760 D.
1271 3684 1390 3774 electi,

80 3805 169 3879 situm
186 3809 221 3882 in
238 3807 390 3907 regione
406 3809 598 3901 Columne,
616 3833 726 3908 quam
743 3811 801 3884 vix
819 3811 980 3884 invenire
996 3811 1114 3908 potuit
1132 3817 1168 3886 ot
1185 3811 1222 3884 in
1241 3809 1392 3884 diversis

81 3927 155 4002 iocis
171 3939 204 4006 ot
219 3934 285 4006 viis
303 3936 438 4010 erravit
455 3961 463 4024 ;
484 3937 561 4033 ipse
584 3941 625 4010 D.
647 3936 785 4010 electus
806 3935 944 4032 gratias
962 3935 1037 4032 egit
1055 3959 1157 4010 more
1177 3935 1297 4010 solito.

120 4058 216 4132 Feria
232 4064 379 4156 quarta,
400 4065 445 4134 22
464 4061 552 4134 dicti
571 4062 708 4134 mensis
732 4060 952 4150 decembris,
979 4063 1041 4134 SS.
1067 4065 1110 4134 D.
1140 4067 1265 4134 noster
1290 4057 1393 4135 cour-

82 4179 163 4254 misit
180 4186 222 4256 D.
248 4185 491 4278 Bernardino,
514 4185 614 4262 socio
639 4210 736 4274 meo,
758 4185 855 4282 quod
878 4183 1019 4258 taceret
1042 4184 1202 4260 intimari
1222 4186 1392 4260 omnibus

82 4407 103 4456 rt
115 4403 194 4476 quello
209 4403 236 4464 di
251 4407 370 4484 Savoya,
389 4407 439 4467 che
456 4415 567 4467 certono
587 4408 658 4468 intra
673 4407 730 4466 loro
752 4407 795 4466 det
817 4405 961 4482 precedere
980 4406 1078 4467 Nostro
1092 4405 1211 4483 Signore
1232 4409 1247 4466 ti
1263 4410 1288 4466 te
1307 4405 1394 4465 endar

82 4487 138 4548 tueri
150 4496 213 4553 tucti
231 4514 247 4554 a
262 4499 328 4556 due.
353 4499 385 4554 at
406 4498 433 4555 io
452 4498 498 4574 gia
514 4498 567 4556 duo
586 4498 748 4556 domeniehe
763 4515 818 4554 non
838 4515 906 4554 sono
922 4496 1013 4555 voluto
1032 4499 1071 4556 ire
1086 4499 1120 4556 ad
1139 4499 1262 4574 cappetta
1274 4515 1323 4572 per
1336 4515 1389 4553 non

83 4581 156 4638 venire
168 4583 194 4640 in
208 4586 251 4642 net
265 4587 414 4644 medesimo
427 4605 517 4645 errore
533 4605 585 4645 con
600 4587 626 4646 to
641 4589 754 4644 Oratore
774 4588 915 4645 Genovese
930 4587 980 4644 che
996 4588 1019 4644 ci
1035 4593 1049 4644 e
1062 4587 1088 4644 di
1103 4605 1204 4658 nuovo,
1220 4585 1392 4662 persuaden-

83 4665 140 4725 domi
153 4673 198 4730 ebe
213 4676 285 4732 sarid
302 4676 373 4734 facto
388 4675 405 4732 it
421 4677 580 4742 medesimo.
598 4685 625 4734 et
638 4677 711 4734 forse
729 4695 778 4734 con
795 4676 842 4750 piu
860 4676 1021 4734 ditt'evoraa
1038 4677 1063 4733 te
1078 4677 1191 4734 Excelsa
1206 4676 1277 4750 Sig¹⁰
1294 4673 1392 4731 Vostre

83 4755 171 4817 cheud
193 4765 303 4824 Venetia
306 4808 360 4826 .....
383 4767 470 4824 Home
491 4767 527 4840 v'vj
550 4765 702 4824 decembris
725 4769 803 4824 1501.
827 4765 949 4822 Servitor
972 4765 1135 4824 Franciscus
1158 4765 1224 4840 Pepi
1249 4764 1356 4820 doctor.
1376 4784 1389 4812 u

85 4843 152 4908 volu.
166 4851 198 4923 X,
213 4855 279 4912 dist.
299 4875 327 4926 n,
344 4855 404 4913 sulza
417 4858 463 4924 51,
476 4875 492 4914 a
506 4875 530 4914 c.
547 4857 623 4928 298.)

114 4935 134 4990 1·
152 4961 165 4990 u
219 4944 290 5001 nette
303 4930 396 5019 piaris
408 4945 437 5001 di
452 4963 475 5004 a.
497 4945 588 5004 Pietro
603 4946 660 5004 fece
676 4945 848 5018 (innocenzo)
865 4943 921 5000 sare
936 4941 961 5000 le
974 4942 1086 5002 fontana
1100 4946 1150 5002 che
1164 4943 1230 5019 oggi
1244 4959 1345 5000 ancora
1365 4937 1388 4996 si

86 5025 145 5096 tede,
159 5028 182 5086 la
196 5033 274 5106 quale
288 5034 317 5091 tu
334 5035 445 5092 stimate
458 5034 526 5092 dette
542 5034 588 5110 piu
604 5034 673 5093 belle
687 5035 736 5091 ctre
754 5051 771 5090 e
789 5032 852 5107 quel
868 5041 958 5108 tempo
972 5033 1075 5092 iussero
1090 5034 1118 5090 in
1139 5033 1271 5092 lutis...
1289 5053 1303 5081 n
1321 5029 1384 5086 Ser·

85 5107 166 5257 ‘lvpet'p
189 5123 250 5180 t'itu
267 5143 282 5181 e
301 5127 367 5192 {otti
384 5127 558 5182 ‹t'tnuocenzo
585 5125 653 5191 Vin,
675 5143 704 5198 p.
728 5127 772 5181 79.
789 5123 863 5197 Voy.
888 5122 1082 5196 Gregorovius,
1103 5129 1122 5195 t,
1143 5123 1216 5191 vui,
1237 5141 1267 5196 p.
1286 5120 1340 5176 769
1355 5125 1382 5174 et

87 5215 134 5259 {108
148 5219 171 5262 25
810 5246 812 5249 .
