3520 6036
368 636 422 694 360
691 683 698 702 ,
824 625 1000 686 JOHANNIS
1024 625 1245 698 cuncutitur,
1547 626 1621 690 [³¹1¹ss
1634 627 1697 690 ¹⁵⁰⁸]

416 784 608 862 Dominica
643 787 702 874 23,
733 782 772 857 in
796 802 919 872 mane,
950 780 989 855 in
1012 779 1180 856 domibus
1201 781 1400 858 residentia
1429 780 1630 856 cardinalis
1657 784 1694 858 dc
1749 853 1750 902 Ν

367 911 563 1009 aragonia,
592 909 784 1008 episcopus
807 907 1085 1004 Gallipolitanus
1107 907 1284 984 ordinarit
1313 906 1485 983 eumdem
1513 912 1560 982 D.
1586 910 1695 984 cardi-

366 1038 486 1112 nalem
517 1036 563 1110 ad
590 1032 875 1111 subdiaconatus
900 1032 1089 1106 ordinem:
1117 1031 1335 1106 ordinationi
1355 1032 1603 1108 interfuerunt
1627 1037 1691 1108 DD.
1749 1063 1750 1138 p

367 1161 523 1237 Pariset
550 1158 705 1234 Michael
731 1157 792 1254 qui
819 1156 1021 1234 retulerunt
1041 1155 1130 1230 mibi
1151 1156 1263 1230 luisse
1288 1156 1442 1232 omissas
1459 1158 1691 1247 monitiones;

366 1285 490 1360 omnia
505 1283 575 1359 alia
590 1282 779 1372 observata
793 1287 903 1379 prout
920 1281 957 1357 iu
972 1280 1192 1380 pontificali;
1209 1288 1245 1360 et
1262 1281 1392 1360 obtulit
1407 1282 1548 1374 vinnm,
1575 1306 1692 1383 paoem
1749 1283 1750 1332 ³

365 1417 400 1484 et
418 1409 602 1483 intorticia
620 1431 723 1481 more
737 1407 856 1480 solito.

413 1535 549 1610 Eadem
569 1533 627 1608 die
644 1532 752 1630 junii,
786 1536 830 1606 D.
856 1532 1050 1631 episcopus
1076 1533 1365 1632 Gallipolitanus‚
1384 1539 1517 1627 Rome,
1537 1537 1576 1611 in
1596 1537 1692 1612 domo

365 1659 540 1734 Columna
568 1656 909 1754 supranpos1010s‚
940 1660 1085 1732 Rmum.
1119 1661 1163 1734 D.
1188 1658 1412 1734 cardinalem
1439 1659 1487 1736 de
1522 1660 1691 1758 dragonis

363 1790 449 1858 tunc
467 1783 504 1855 in
526 1781 807 1854 subdiaconatus
838 1781 965 1856 ordine
983 1783 1233 1872 constitutum,
1260 1785 1444 1882 promovit
1467 1783 1518 1860 ad
1535 1785 1690 1859 ordinem

362 1909 596 1986 diaconatus:
619 1929 687 2004 ego
706 1929 780 1980 non
798 1906 959 1998 interlui,
981 1908 1045 1982 sed
1059 1908 1161 1982 Paris
1175 1921 1211 1982 et
1225 1909 1411 2009 Michael(
1436 1910 1462 2010 ).

412 2033 477 2106 Die
493 2032 675 2122 mercurii,
704 2035 749 2105 26
775 2031 862 2106 dicti
888 2031 1037 2122 mensis,
1064 2032 1133 2108 luit
1155 2033 1415 2110 consistorium
1443 2037 1632 2133 publicum
1656 2039 1686 2112 in

361 2160 461 2233 diota
475 2157 559 2232 aula
573 2156 712 2254 palatii,
731 2156 854 2254 inquo
873 2157 944 2231 duo
963 2163 1128 2232 oratores
1147 2158 1378 2234 illustrissimi
1403 2164 1446 2236 D.
1475 2162 1687 2238 marchionis

359 2282 624 2358 Montisserrati
654 2281 894 2380 prestiterunt
918 2281 1164 2358 obedientiam
1187 2285 1371 2382 publicam
1400 2288 1465 2362 SS.
1497 2292 1541 2362 D.
1560 2294 1683 2362 nostro.

359 2412 469 2483 Lecto
492 2407 638 2482 luerunt
657 2406 776 2504 primo
799 2405 922 2482 littere
946 2407 1108 2506 ejusdem
1134 2409 1374 2500 marchionis,
1405 2411 1540 2486 deinde
1563 2412 1684 2487 instru-

358 2538 523 2610 mentum
557 2532 739 2630 publicum
776 2555 841 2630 per
871 2533 1052 2606 notarium
1083 2535 1326 2633 subscriptum
1357 2536 1394 2609 in
1419 2559 1493 2634 quo
1517 2538 1682 2614 nominati

357 2658 505 2736 luerunt
538 2657 700 2732 Andreas
738 2658 783 2732 de
816 2657 983 2748 Novellis,
1016 2657 1208 2756 episcopus
1236 2660 1464 2752 Albanensis,
1507 2663 1681 2736 lohannes

356 2784 571 2862 Franciscns
586 2784 632 2858 de
655 2807 683 2854 s.
711 2783 868 2881 Georgio
891 2806 1015 2858 comes
1039 2784 1084 2858 de
1112 2785 1328 2860 Blandracte
1349 2793 1386 2862 et
1412 2788 1625 2862 branciscus
1642 2787 1680 2860 de
1749 2833 1750 2836 π

357 2909 509 2999 (bassis,
524 2908 618 3007 juris
634 2906 820 3005 utriusque
834 2909 977 2983 doctor.
1003 2909 1204 3008 Episcopus
1228 2911 1406 2986 remansit
1431 2913 1599 2986 infirmus
1622 2935 1681 3009 per
1749 2939 1750 2972 ;

355 3034 464 3125 viam,
483 3033 545 3108 alii
563 3033 636 3108 duo
653 3037 834 3108 venerunt
851 3035 897 3108 ad
914 3032 1189 3124 consistorium3
1211 3035 1412 3110 orationem
1431 3037 1590 3113 lecitille
1609 3036 1680 3110 ulti·

355 3181 436 3231 mus
464 3157 694 3232 Franciscus.
715 3157 906 3255 Proposita
934 3158 1081 3234 luerunt
1104 3159 1175 3234 due
1200 3160 1478 3236 commissiones
1503 3186 1511 3234 :
1535 3161 1678 3260 primam

356 3287 399 3360 D.
441 3283 647 3380 Alphonsns
681 3283 859 3374 Ricenas,
894 3284 1092 3358 secundam
1132 3289 1176 3359 D.
1206 3285 1391 3360 lohannes
1429 3286 1675 3360 Gozzadinns:
1749 3263 1750 3272 ¹

355 3407 478 3482 omnia
508 3407 578 3482 alia
603 3431 705 3482 more
743 3407 864 3482 solito.
905 3409 1154 3484 interfuerunt
1180 3411 1309 3484 decem
1340 3414 1379 3484 et
1402 3417 1545 3508 septem
1573 3407 1679 3484 cardi-

354 3533 469 3624 naleS,
496 3532 666 3608 videlicet
709 3531 992 3624 Ulixboneusis‚
1028 3534 1312 3624 Recanatensis,
1357 3559 1386 3606 s.
1430 3535 1615 3624 Praxedis,
1650 3555 1676 3603 s.

354 3658 514 3756 Georgii,
541 3657 825 3748 Alexandrinus,
844 3659 1067 3756 Agrigensis‚
1089 3659 1295 3750 Grimanus,
1317 3659 1548 3752 cusentinus,
1570 3658 1678 3734 Saler-

355 3786 517 3875 nitanus,
549 3787 843 3876 Beneventanus,
878 3785 1131 3878 Bononiensis
1160 3771 1435 3872 Volaterranos,
1473 3786 1520 3860 de
1558 3785 1675 3870 Flisco,

355 3909 549 3997 Adrianus
577 3907 815 3996 blimateusiS,
849 3931 877 3982 s.
903 3908 1000 3984 Petri
1027 3909 1073 3983 ud
1101 3910 1267 4002 Vincula,
1295 3909 1482 4000 Columna,
1509 3907 1678 4006 Aragonia

354 4039 391 4106 et
418 4033 597 4106 Elnensis.
636 4035 723 4107 Post
765 4033 973 4130 prandium,
1000 4033 1225 4110 intraverunt
1255 4036 1391 4111 Urbem
1417 4036 1488 4110 duo
1526 4039 1675 4109 oratores

355 4158 454 4254 regis
473 4158 607 4232 Scotie.

405 4284 515 4376 lovis,
536 4285 594 4357 die
622 4289 665 4358 27
696 4284 803 4382 junii,
836 4285 1019 4359 celebrate
1049 4285 1197 4360 luerunt
1225 4286 1262 4360 in
1293 4287 1447 4362 ecclesia
1476 4286 1522 4360 de
1553 4279 1675 4381 Populo

356 4411 506 4507 exequie
520 4411 614 4484 bone
631 4409 806 4484 memorie
825 4409 1017 4484 cardinalis
1037 4414 1219 4484 casanove
1238 4439 1245 4482 :
1269 4411 1491 4508 paucissima
1507 4432 1589 4486 cera
1603 4405 1670 4479 luit.

356 4535 544 4612 Intorticia
558 4534 796 4610 cardinalium
815 4534 962 4609 [uerunt
976 4539 1135 4632 quatuor
1161 4535 1216 4608 rel
1235 4536 1394 4632 quinque
1410 4535 1596 4622 librarum,
1615 4529 1673 4604 aliu

390 4777 417 4832 l.
437 4774 474 4832 Ce
489 4774 659 4850 paragrapho
674 4779 717 4832 est
730 4774 755 4830 le
769 4779 856 4830 meme
871 4775 940 4832 dans
956 4774 994 4831 les
1015 4791 1084 4831 mss.
1100 4775 1135 4831 de
1157 4775 1300 4832 Durcbard
1320 4782 1349 4833 et
1365 4775 1399 4831 de
1420 4773 1499 4832 Paris
1515 4773 1549 4830 de
1564 4767 1669 4830 Gressis.

355 4865 495 4921 Burcbard
508 4863 579 4920 alors
593 4865 701 4934 absent,
718 4863 766 4920 dut
782 4881 811 4920 se
826 4865 987 4936 renseigner
1001 4869 1099 4938 ouprbs
1115 4865 1149 4920 de
1164 4865 1196 4920 P.
1213 4865 1248 4920 de
1263 4865 1385 4922 Grassis.
1403 4863 1521 4921 Calui-ci
1540 4861 1631 4930 charge
1643 4855 1671 4910 dc

353 4951 443 5027 reglau
461 4953 487 5008 la
500 4953 663 5024 ceremonia,
679 4953 783 5011 remila
798 4971 849 5010 sou
864 4953 998 5026 collegae,
1015 4969 1064 5026 par
1076 4953 1154 5022 ecrit,
1172 4959 1242 5010 cette
1259 4955 1349 5011 notice
1368 4971 1422 5026 que
1440 4951 1580 5010 Burcburd
1594 4947 1671 5003 instra

354 5044 424 5100 dans
439 5059 488 5098 son
498 5042 618 5117 journul,
635 5058 701 5099 sans
716 5060 734 5115 y
750 5043 805 5098 rien
820 5043 954 5115 changer.
971 5043 1011 5098 La
1031 5042 1113 5098 cbose
1133 5043 1284 5116 s’explique
1305 5044 1431 5100 d'autnnt
1442 5041 1533 5098 mieux
1547 5055 1596 5113 que
1610 5035 1669 5091 aur·

354 5132 437 5187 cbard
451 5149 484 5188 ne
499 5132 662 5190 considerait
677 5149 727 5188 son
738 5131 848 5206 jouroal
860 5147 913 5204 que
928 5149 1031 5187 comme
1040 5149 1075 5186 un
1087 5131 1186 5187 recueil
1198 5131 1231 5188 de
1242 5131 1490 5205 renseignements,
1500 5147 1563 5186 sans
1575 5135 1667 5182 aucune

354 5219 416 5274 idee
428 5219 461 5275 de
476 5219 500 5274 le
514 5221 620 5293 publier
636 5239 642 5279 :
658 5221 733 5277 aussi
749 5220 971 5296 scriptique-lou
985 5219 1049 5294 qu'il
1071 5219 1136 5277 n'ait
1149 5239 1200 5297 pas
1216 5226 1304 5295 songe
1326 5220 1482 5277 amodifier
1502 5219 1528 5274 lu
1548 5209 1669 5273 redaction

356 5309 390 5368 de
403 5315 473 5366 cette
488 5310 588 5369 notice.
