3502 6036
346 543 399 600 192
800 541 977 600 JOHANNlS
1000 541 1222 614 nunculiam,
1476 544 1651 610 [1166161511]

346 696 523 793 petitione
551 693 630 792 regi
661 698 902 784 Francorum,
934 697 980 770 de
1014 697 1093 793 ejus
1120 719 1315 785 consensu,
1349 697 1560 773 addixerunt
1587 705 1647 798 regi

346 825 594 894 Romanorum
608 818 645 892 in
662 820 739 916 ejus
756 821 911 895 adventu
928 826 1076 896 centum
1089 822 1238 896 lanceas
1252 826 1289 896 et
1304 823 1542 922 quadraginta
1557 825 1650 900 millia

346 947 577 1020 ducatorum.
1057 952 1058 956 ’

394 1071 588 1144 Dominica
606 1070 726 1166 prima
743 1071 1038 1167 quadragesime,
1062 1077 1105 1146 13
1120 1071 1310 1160 februarii,
1333 1076 1375 1146 a
1398 1076 1437 1147 P.
1460 1075 1501 1146 U.
1521 1073 1650 1169 Stepha-

344 1217 425 1284 nus,
447 1194 748 1291 archiepiscopus
769 1197 1001 1269 Patraconsis
1020 1201 1056 1270 et
1079 1197 1273 1294 episcopus
1295 1197 1542 1286 TorcellanuS,
1562 1199 1650 1270 assis·

344 1324 424 1393 tens
443 1323 553 1416 l‘ape,
575 1320 774 1393 celebravit
791 1321 942 1395 missam
960 1322 1143 1418 publicam
1159 1323 1196 1394 in
1215 1321 1359 1418 capella
1377 1322 1517 1419 majore
1535 1323 1648 1418 palatii,

344 1447 444 1542 Papa
460 1451 652 1542 presente:
671 1469 881 1520 sermonem
897 1447 983 1521 lecit
997 1452 1219 1544 procurator
1235 1448 1376 1521 ordinis
1392 1449 1648 1546 predicatorum,

343 1569 492 1644 brevem
511 1575 547 1644 et
565 1572 715 1645 bouum.
737 1571 819 1644 Alia
836 1595 940 1646 more
959 1572 1080 1646 solito.

396 1697 503 1770 Feria
529 1697 668 1792 quinta,
704 1702 744 1769 tl
775 1698 939 1796 ejusdem
966 1697 1103 1770 mensis
1136 1698 1328 1786 februarii,
1361 1696 1398 1770 in
1429 1721 1546 1786 mane,
1572 1700 1652 1772 circa

345 1821 478 1895 horam
495 1821 689 1909 decimam,
712 1824 774 1896 SS.
796 1824 839 1894 D.
860 1827 986 1896 noster
1006 1822 1118 1896 exirit
1140 1824 1276 1897 Urbem
1296 1823 1414 1896 iturus
1432 1826 1648 1901 Carveteren.

346 1949 557 2036 Cornetum,
582 1953 619 2021 et
642 1971 709 2043 per
735 1969 838 2020 mare
865 1947 1110 2020 Plumbinum.
1137 1951 1249 2021 Erant
1273 1948 1370 2020 enim
1394 1971 1461 2044 pro
1487 1971 1530 2021 eo
1551 1953 1651 2046 parate

345 2095 408 2146 sex
426 2071 609 2160 triremes,
632 2095 699 2168 pro
718 2095 873 2167 quarum
891 2096 958 2144 usu
976 2072 1077 2144 missi
1093 2079 1177 2146 sunt
1193 2073 1296 2168 quasi
1313 2095 1442 2146 omnes
1459 2073 1650 2146 incarcerati

347 2195 462 2285 Urbis,
485 2197 596 2270 etiam
619 2219 686 2294 pro
705 2197 823 2271 causis
843 2195 1053 2287 levissimis,
1074 2198 1231 2272 etmulti
1249 2197 1347 2295 capti
1366 2222 1433 2294 per
1456 2198 1611 2272 tabernas
1625 2201 1651 2267 et

347 2319 486 2416 plateas
514 2322 622 2395 Urbis
648 2321 824 2396 violenter
849 2325 885 2395 et
907 2321 1300 2425 fraudulenter,prout
1322 2321 1404 2396 lieri
1424 2322 1552 2420 potuit,
1571 2325 1602 2394 et
1618 2343 1652 2391 er

345 2445 508 2542 qualibet
525 2445 638 2520 barca
655 2447 700 2521 de
719 2446 801 2544 ripa
817 2471 909 2520 unus
927 2452 1039 2521 nauta
1055 2471 1098 2521 ac
1113 2447 1217 2521 multi
1232 2447 1438 2544 piscatores
1452 2455 1488 2520 et
1503 2446 1652 2520 incisores

345 2567 531 2666 lignorum
560 2593 626 2668 per
656 2571 787 2670 sylvaS,
814 2577 851 2645 et
876 2571 1011 2646 diversi
1041 2572 1103 2668 qui
1131 2572 1230 2647 ducti
1261 2572 1406 2646 luerunt
1437 2571 1484 2646 ad
1508 2571 1651 2645 triremes

346 2696 532 2791 predictas
550 2701 586 2770 et
608 2697 744 2770 ibidem
760 2695 939 2770 violenter
957 2697 1108 2786 detenti,
1130 2698 1288 2795 demptis
1311 2675 1445 2772 nautis.
1467 2696 1553 2770 Cum
1575 2699 1652 2790 Papa

229 2855 231 2861 =
344 2821 556 2916 equitarunt
580 2821 785 2896 cardinales
813 2845 888 2910 sex,
917 2822 1108 2896 videlicet:
1138 2848 1167 2895 s.
1195 2823 1388 2914 Praxedis,
1417 2822 1575 2908 Ursinus,
1600 2823 1652 2892 Gu-

345 2945 521 3034 sentinus,
549 2969 578 3018 s.
604 2945 779 3036 Severini,
803 2945 965 3020 Estensis
993 2951 1029 3020 et
1056 2947 1214 3044 Borgia,
1240 2949 1335 3035 dux;
1362 2951 1504 3044 septem
1529 2941 1649 3042 prelati,

344 3068 514 3142 videlicet
541 3093 548 3142 :
579 3069 878 3168 archiepiscopus
905 3071 1118 3160 Tranensis,
1144 3075 1270 3146 sancte
1296 3077 1411 3161 laste,
1444 3066 1649 3148 Bitectonsis,

344 3193 568 3284 Narniensis,
588 3194 767 3283 Elnensis,
792 3199 829 3269 et
849 3197 1051 3284 Massanus,
1078 3196 1242 3293 episcopi
1265 3203 1302 3270 et
1320 3201 1362 3270 1).
1382 3195 1574 3280 Adrianus,
1588 3180 1652 3263 tlic-

346 3319 535 3391 saurarius
561 3323 598 3392 et
627 3317 877 3408 secretarius3
907 3319 1049 3394 familia
1083 3321 1295 3394 sanctitatis
1330 3343 1392 3393 sue
1427 3319 1494 3393 luit
1526 3314 1653 3392 circiter

344 3447 491 3518 centum
513 3447 550 3518 et
566 3443 829 3540 quinquaginta
848 3467 1089 3540 personarum
1112 3445 1208 3518 inter
1229 3468 1321 3541 quos
1344 3445 1494 3518 luerunt
1513 3465 1570 3515 ser
1585 3460 1654 3512 can-

345 3572 445 3642 tores
461 3568 600 3666 capelle
617 3573 754 3656 nostre,
776 3567 897 3642 socius
915 3591 1017 3662 meus
1036 3573 1073 3643 et
1090 3569 1213 3666 plures
1230 3569 1306 3642 alii.
1326 3572 1438 3666 Papa,
1461 3573 1542 3642 ante
1558 3585 1653 3637 reces
1727 3629 1728 3636 ,

343 3717 435 3783 sum,
451 3693 635 3767 commisit
646 3695 689 3766 U.
704 3693 883 3766 cardinali
898 3693 1094 3768 Mutinensi
1110 3694 1207 3791 quod
1223 3693 1364 3769 laceret
1380 3693 1532 3792 singulis
1546 3686 1653 3764 diebus
1727 3779 1728 3788 ¹

345 3817 538 3892 dominicis
561 3817 643 3891 lieri
669 3817 936 3893 intimationem
962 3818 1072 3892 misse
1100 3825 1137 3894 et
1162 3819 1344 3893 sermonis
1372 3817 1440 3892 sub
1467 3809 1652 3892 Sanctitalis

346 3965 409 4017 sue
428 3943 575 4016 nomine
598 3966 641 4016 ac
664 3942 693 4015 si
716 3943 898 4017 Sanctitas
921 3967 987 4018 sua
1009 3951 1105 4020 esset
1127 3945 1167 4020 in
1190 3944 1283 4018 Urbe
1307 3967 1481 4040 presens3
1504 3939 1592 4037 quod
1610 3937 1652 4006 est

346 4067 481 4142 tactum
505 4067 579 4140 suis
602 4067 742 4142 diebus.
773 4067 997 4144 Pernoctavit
1018 4068 1199 4146 Sanctitas
1227 4091 1293 4142 sua
1317 4067 1377 4142 illa
1399 4074 1506 4143 nocte
1529 4065 1562 4139 in
1584 4057 1651 4135 Pelo

346 4215 430 4272 cum
446 4191 583 4266 familia
598 4200 712 4268 suaet
728 4192 910 4267 cardinale
925 4193 1120 4268 cusentino
1135 4221 1143 4284 ;
1161 4193 1232 4268 dux
1242 4213 1327 4267 cum
1343 4191 1486 4268 Estensi
1500 4183 1652 4280 etBorgia
1687 4173 1693 4188 ’

345 4317 587 4392 cardinalibus
612 4318 834 4416 pernoctavit
859 4319 896 4392 iu
924 4318 1121 4411 Cerveteri,
1149 4326 1185 4394 et
1218 4317 1386 4393 similiter
1412 4312 1603 4392 cardinales
1626 4329 1649 4376 s-

344 4443 521 4534 Severini,
540 4469 568 4516 s.
589 4443 760 4519 Praxedis
775 4450 811 4518 et
823 4443 974 4518 Ursinus
988 4449 1248 4542 pernoctarunt
1264 4442 1300 4517 in
1320 4441 1503 4516 Palidoro.
1727 4519 1728 4546 Ξ

347 4651 351 4656 ,
393 4571 498 4646 Feria
514 4575 627 4659 sexta,
646 4573 689 4642 18
708 4567 876 4644 februarii
895 4569 1063 4666 predicti,
1081 4573 1191 4667 Papa,
1210 4569 1305 4644 lacto
1321 4567 1487 4666 prandio,
1504 4555 1653 4661 equitavit

344 4701 578 4772 Gerreterem
592 4693 652 4794 (t),
668 4716 776 4792 quem
795 4693 937 4791 sequuti
955 4703 1039 4768 sunt
1056 4696 1128 4769 dux
1145 4699 1181 4768 et
1200 4717 1327 4770 omnes
1342 4691 1541 4768 cardinales
1559 4691 1591 4758 et
1605 4676 1653 4756 alii

382 4955 410 5014 l.
426 4956 462 5012 Le
478 4973 546 5014 mss,
563 4955 596 5012 de
619 4953 748 5012 Florence
765 4953 888 5010 donnea
909 4960 973 5025 tort,
991 4955 1135 5014 Civitatem
1148 4963 1271 5028 aelmon,
1288 4961 1369 5034 apr‘as
1388 4957 1463 5014 avoir
1477 4954 1562 5012 donne
1580 4946 1654 5023 putet·

345 5041 485 5102 demmeut
501 5043 612 5102 Velletri
627 5048 663 5101 ou
677 5043 701 5100 le
720 5043 773 5099 duc
785 5043 818 5099 de
832 5042 1002 5102 Valentinois
1022 5045 1110 5102 s'tlail
1130 5051 1230 5105 aurete.
1252 5047 1393 5104 Burohard
1409 5047 1448 5104 dit
1468 5043 1596 5102 d'ailleurs
1611 5047 1655 5108 que

344 5129 371 5187 lc
391 5151 460 5207 pape
481 5139 508 5190 et
529 5151 560 5191 sa
584 5133 655 5192 suile
678 5151 712 5190 ne
724 5131 828 5207 prirent
846 5129 873 5188 la
894 5151 952 5190 mer
967 5152 1021 5208 que
1039 5151 1108 5210 pour
1123 5151 1152 5191 se
1174 5136 1271 5194 rendre
1290 5138 1323 5194 de
1347 5138 1461 5194 Corneto
1483 5137 1500 5190 a
1519 5125 1653 5189 Piombino.
1727 5149 1728 5156 ,

347 5221 422 5278 Dans
445 5221 472 5278 la
487 5222 608 5298 deptche
631 5221 697 5298 qu’il
711 5221 848 5280 adressait
864 5239 895 5278 ee
917 5228 1005 5282 meme
1014 5224 1078 5300 jour
1092 5228 1109 5283 a
1126 5224 1153 5282 la
1167 5225 1328 5300 Seigneurie
1342 5227 1376 5285 de
1390 5225 1527 5294 Florencc,
1542 5209 1655 5292 Gappello
1727 5257 1728 5280 1
