3520 6036
92 573 236 637 [Decembre
253 571 323 632 loll]
412 566 538 624 RERUM
563 562 789 622 uussnnnubu
813 558 1076 618 COMMENTARH.
1360 559 1412 614 313

91 747 197 821 neque
223 721 466 819 manipulum,
501 741 617 815 neque
642 715 814 814 pallium,
851 737 1020 789 asserens
1052 717 1151 810 Papa
1175 711 1238 786 illa
1264 719 1410 810 portare

91 849 223 947 quaudo
234 847 488 936 celebrat,nou
501 841 798 918 advertenshanc
809 839 1085 938 processionem
1097 837 1410 934 essesingularem
1522 943 1523 946 Ἴ

91 997 164 1047 cum
180 972 249 1044 illis
263 969 488 1068 paramentis
500 968 707 1042 ordinatam
724 971 760 1041 et
776 965 881 1039 altari
896 964 933 1037 in
948 963 1165 1061 pluvialibus
1181 953 1410 1037 ceremonias

90 1097 276 1170 hodiernus
297 1119 367 1168 non
387 1095 606 1168 convenire:
632 1092 732 1166 nolui
752 1097 876 1164 tamen
894 1089 1081 1163 Sanctitati
1100 1113 1177 1177 sue,
1199 1111 1263 1186 pro
1287 1089 1409 1185 quiete

90 1245 156 1312 sua,
174 1221 368 1318 replicare.
397 1219 593 1292 Descendit
612 1218 647 1290 in
673 1216 759 1290 sede
778 1216 823 1288 ad
847 1214 1038 1288 basilicam
1057 1237 1085 1286 s.
1108 1213 1207 1286 Petri
1226 1213 1271 1286 ad
1290 1215 1411 1310 capel-

89 1348 152 1419 lam
169 1371 196 1418 s.
215 1344 361 1418 Andree
391 1367 462 1441 que
490 1343 557 1416 luit
585 1343 715 1440 pannis
741 1340 862 1414 aureis
891 1344 1023 1413 ornata
1049 1338 1187 1412 circum
1211 1339 1309 1412 circa
1332 1338 1409 1411 sine

90 1471 167 1544 solio
186 1475 221 1545 ct
246 1471 326 1543 sine
354 1469 440 1542 sede
465 1467 664 1566 pontificali
685 1467 749 1540 sed
768 1463 1012 1538 faldistorium
1031 1467 1128 1560 Papo
1147 1487 1229 1536 cum
1247 1487 1312 1536 suo
1331 1487 1411 1537 sca-

90 1595 173 1668 bello
197 1599 233 1668 et
258 1594 416 1666 cussinis
434 1617 542 1690 super
558 1597 694 1689 tapeto,
719 1613 828 1688 super
850 1589 981 1684 quibus
1004 1591 1103 1684 Papa
1121 1589 1332 1686 genullenus
1351 1612 1411 1662 au·

88 1719 163 1794 divit
179 1719 329 1793 missam
350 1719 496 1793 bassam
517 1739 627 1814 quam
653 1717 739 1814 legit
766 1719 808 1788 D.
830 1713 1057 1801 Dominicus‚
1080 1713 1289 1809 capellanus
1309 1737 1409 1802 surus,

88 1846 126 1918 de
141 1844 231 1918 festo
251 1868 281 1918 s.
307 1845 453 1917 Andree
471 1848 654 1932 currente,
681 1841 850 1914 omnibus
876 1837 1124 1912 cardinalibus
1147 1839 1184 1910 in
1203 1839 1297 1913 Urbe
1316 1839 1411 1911 exis—

88 1969 233 2041 tentibus
250 1969 499 2065 presentibus
520 1966 683 2064 exceptis
700 1970 956 2039 Benevenlano
981 1971 1018 2037 ot
1034 1967 1199 2053 Estense,
1229 1963 1408 2036 infirmis:

89 2092 319 2166 interfuerunt
337 2093 450 2190 igitur
465 2091 667 2166 cardinales
683 2091 835 2187 triginta
858 2091 1013 2186 septem.
1034 2087 1153 2161 Finita
1170 2089 1294 2192 missa,
1314 2091 1412 2186 Papa

90 2217 208 2291 creavit
226 2217 383 2290 militem
403 2241 432 2290 s.
454 2217 554 2291 Petri
573 2221 615 2290 l).
643 2217 919 2312 Hieronymum,
941 2217 977 2286 et
996 2213 1170 2286 olliciales
1190 2221 1412 2310 acceperuut

89 2344 295 2434 paramenta
323 2340 442 2431 solita,
467 2340 599 2436 quibus
627 2339 803 2437 receptis,
838 2339 1028 2412 descendit
1056 2341 1156 2436 Papa
1182 2338 1220 2409 iu
1248 2339 1334 2411 sede
1366 2339 1413 2412 ad

90 2462 234 2559 plateam
255 2488 285 2537 s.
308 2465 405 2537 Petri
424 2487 490 2560 per
509 2463 625 2538 scalas
640 2465 803 2562 ejusdem
823 2472 858 2538 et
875 2465 1038 2538 ascendit
1065 2489 1198 2561 equum
1220 2489 1324 2537 suum
1343 2465 1411 2537 sibi

90 2597 260 2683 paratum.
282 2591 360 2685 Ego
384 2611 468 2660 curn
488 2588 673 2663 cardinale
691 2589 878 2678 Columna,
901 2589 1024 2686 priore
1043 2589 1294 2680 diaconorum,
1314 2588 1413 2662 ordi-

92 2712 161 2785 navi
181 2713 459 2808 processionem
488 2717 596 2809 prout
622 2713 658 2784 in
685 2713 829 2786 rotulo:
859 2712 1064 2786 cardinales
1089 2713 1298 2787 habuerunt
1326 2736 1412 2786 coo-

91 2841 223 2932 pertam
241 2839 288 2910 de
310 2837 437 2910 tallolo
453 2837 550 2928 albe,
573 2837 734 2934 episcopi
753 2839 797 2910 de
811 2837 1023 2928 boccasino;
1046 2838 1243 2912 cardinalis
1261 2838 1413 2935 quilibet

89 2967 162 3034 octo
178 2963 376 3036 scutiferos
394 2962 467 3036 sive
489 2963 774 3059 paralreuarios,
793 2985 920 3036 omnes
940 2963 1066 3037 sericis
1084 2963 1230 3036 indutos
1247 2985 1331 3036 cum
1347 2964 1413 3036 ba-

90 3086 170 3158 culis
182 3110 327 3177 ornnes,
342 3087 482 3184 aliquos
494 3110 577 3160 cum
596 3091 808 3183 supraveste
820 3093 856 3160 et
872 3087 1038 3162 subveste
1060 3094 1096 3160 et
1116 3086 1275 3185 diploide
1286 3088 1331 3160 de
1342 3087 1415 3162 vel-

90 3209 155 3285 lulo
167 3211 221 3284 vel
237 3212 375 3301 serico,
397 3211 487 3284 alios
506 3235 588 3285 cum
602 3207 930 3302 vestibu'stautum3
946 3213 1078 3310 prelati
1091 3217 1249 3310 quatuor
1265 3213 1416 3287 servito-

90 3337 1416 3436 readiversomodovestitosetmajorparssinebaculiS,exceptosacrisla

90 3461 280 3554 quibabuit
292 3487 355 3534 sex
368 3463 561 3536 servitores
575 3465 679 3560 juxta
693 3487 731 3535 se
749 3464 785 3536 iu
798 3464 959 3536 vestibus
973 3463 1149 3552 rosaceis,
1168 3463 1323 3536 etambo
1341 3463 1416 3535 cle-

91 3583 147 3657 rici
164 3587 308 3684 capelle
323 3587 577 3682 equitaverunt
589 3587 625 3659 in
637 3591 736 3661 cotta
751 3593 833 3661 anto
847 3591 1133 3678 sacramentum,
1144 3585 1286 3660 Elsinus
1300 3589 1416 3661 adex-

92 3710 241 3784 lriscum
260 3713 435 3785 lanterna
447 3719 482 3786 et
496 3713 727 3788 Federicusa
747 3712 1160 3810 sinistrlsejusvicinus;
1180 3716 1262 3809 post
1277 3715 1415 3810 Papam

91 3835 250 3929 equitavit
269 3839 314 3909 D.
335 3837 588 3910 Ferdinandus
615 3837 650 3908 in
669 3837 930 3934 superpellicio
949 3861 1032 3910 cum
1046 3837 1159 3912 bursa
1176 3837 1416 3934 pecuniarum
1525 3871 1529 3877 ·

94 3960 394 4057 projiciendarum
413 3961 508 4035 inter
526 3985 616 4059 quas
636 3967 742 4035 erant
758 3963 896 4035 carleni
914 3963 1079 4060 argentei
1098 3968 1134 4036 et
1151 3963 1242 4053 auri,
1268 3969 1416 4037 centum

93 4084 203 4159 ducati
227 4109 387 4182 quorum
407 4089 517 4184 aliqui
537 4094 642 4162 crant
660 4089 864 4186 duplones:
885 4089 1043 4186 projecit
1058 4089 1095 4160 in
1113 4089 1237 4162 multis
1255 4089 1359 4179 locis,
1382 4096 1418 4164 ct

11 4247 13 4256 ν
94 4213 208 4302 preter
225 4210 376 4284 solitum
388 4213 492 4285 Judei
510 4212 674 4286 lecerunl
690 4213 839 4310 longum
856 4235 1065 4286 sermonem
1085 4213 1120 4286 in
1140 4213 1273 4310 angulo
1292 4213 1418 4286 Turris

94 4333 250 4406 Rotunda
267 4335 366 4407 arcis
384 4361 413 4409 s.
437 4337 566 4435 Angeli
581 4337 686 4434 juxta
710 4361 856 4410 murum
883 4337 1033 4435 longum
1054 4342 1199 4434 aporta
1214 4337 1414 4428 venientes,

94 4456 189 4530 rabbi
219 4460 403 4552 Samuele,
435 4462 597 4558 Hispano
627 4463 770 4537 medico
806 4465 903 4559 Papo
936 4485 1004 4560 pro
1034 4463 1203 4536 omnibus
1230 4463 1414 4558 loquente.

95 4580 185 4676 Papa
201 4585 393 4680 respondit
412 4591 521 4682 prout
536 4587 573 4659 in
592 4587 728 4661 libello.
749 4592 787 4660 ln
809 4587 880 4660 fine
897 4587 1018 4685 pontis
1038 4587 1103 4660 luit
1122 4587 1236 4660 lactus
1257 4610 1365 4659 arcus
1383 4593 1419 4658 cl

95 4702 171 4799 inde
198 4731 313 4806 usque
339 4709 385 4782 ad
406 4713 581 4808 Campum
607 4712 726 4802 Flore,
750 4713 840 4786 alius
867 4718 950 4786 ante
978 4712 1149 4786 Ginucios
1177 4709 1417 4788 baucherios:

97 4851 180 4902 unus
212 4837 297 4906 ante
331 4833 480 4908 domum
511 4837 704 4910 cardinalis
738 4862 766 4912 s
795 4837 959 4934 Georgii3
996 4837 1068 4910 duo
1094 4837 1130 4908 in
1149 4838 1283 4932 Campo
1312 4834 1419 4907 Floro

97 4949 237 5050 longum
268 4981 352 5030 cum
385 4983 446 5030 sex
473 4961 631 5034 arcubus
658 4967 694 5034 ct
724 4963 877 5035 totidem
904 4961 988 5033 inde
1027 4965 1063 5033 et
1085 4984 1150 5058 per
1179 4959 1274 5031 hanc
1309 4959 1416 5031 viam.

99 5077 270 5172 Equitavit
288 5085 386 5180 Papa
402 5107 476 5158 non
501 5110 567 5182 por
590 5085 759 5184 papalem
782 5087 855 5160 sivo
873 5088 1064 5185 parionem
1091 5085 1136 5157 de
1160 5089 1295 5180 Campo
1314 5083 1418 5156 Floro

100 5199 140 5278 nd
157 5202 303 5278 domurn
332 5207 377 5279 de
395 5209 576 5300 blavirniS,
601 5211 684 5283 inde
704 5211 809 5284 solita
832 5212 976 5306 viaque
999 5209 1063 5282 luit
1089 5209 1124 5280 in
1147 5207 1313 5304 pluribus
1329 5207 1419 5282 locis
