3590 6042
365 613 405 667 52
825 613 1000 672 Jounnnls
1028 609 1251 676 nuncunnot,
1553 611 1713 674 [661566]

370 763 488 854 nibus,
528 767 668 840 militiis
703 774 737 841 et
769 768 987 842 officialibus
1021 771 1058 840 et
1095 763 1262 862 personis
1302 765 1365 835 661
1401 762 1583 859 quibusvis
1623 763 1711 838 aliis

369 887 590 984 conjunctim
628 890 685 962 vel
722 889 863 964 divisim
895 891 940 964 ab
971 890 1099 963 eadem
1134 887 1180 959 sit
1213 887 1298 959 sede
1326 885 1505 958 indultum
1533 888 1632 982 quod
1661 887 1710 960 ad

368 1012 586 1085 solutionem
606 1012 759 1112 alicujus
776 1014 917 1088 decime
935 1018 1141 1100 teneantur,
1162 1011 1261 1085 etad
1279 1011 1315 1084 id
1332 1010 1517 1108 compelli,
1531 1012 1709 1108 autquod

368 1134 551 1227 interdici,
573 1138 746 1234 suspendi
765 1137 818 1211 vel
843 1136 1168 1222 excommunicari,
1188 1141 1250 1208 661
1267 1140 1461 1232 propterea
1476 1135 1607 1232 privari
1628 1159 1708 1208 non

366 1260 506 1356 possint
523 1263 589 1357 pe'r
608 1261 749 1336 litteras
772 1262 1005 1360 apostolicas,
1031 1285 1105 1337 non
1126 1260 1303 1334 iacientes
1319 1259 1466 1356 plenam
1488 1266 1524 1334 et
1547 1283 1707 1357 expres-

365 1407 457 1474 sam,
477 1409 520 1459 ae
537 1387 582 1460 de
598 1387 709 1460 verbo
728 1388 774 1461 ad
796 1387 946 1462 verbum
968 1389 1013 1460 de
1036 1387 1178 1460 indulto
1196 1385 1405 1484 hujusmodi
1420 1385 1647 1459 mentionem
1668 1389 1706 1458 et

364 1509 493 1605 quibus
524 1510 663 1584 scilicet
696 1511 776 1585 aliis
807 1512 1017 1610 privilegiis,
1056 1511 1204 1584 indultis
1242 1517 1278 1584 61
1308 1509 1440 1584 litteris
1472 1509 1700 1607 apostolicis

365 1633 594 1732 generalibus
606 1636 663 1710 vel
679 1636 909 1733 specialibus,
931 1659 1244 1733 quorumcumque
1261 1643 1428 1710 tenorum
1441 1635 1608 1722 existant,
1632 1659 1704 1732 per

364 1782 434 1854 que
461 1759 692 1856 presentibus
714 1783 788 1835 non
812 1785 984 1858 expressa
1011 1761 1067 1834 vel
1095 1761 1254 1834 totaliter
1280 1784 1354 1834 non
1379 1761 1519 1834 inserta
1544 1759 1703 1833 allectus

363 1907 492 1957 earum
508 1885 674 1983 impediri
688 1909 762 1960 non
779 1887 897 1962 voleat
915 1887 1189 1983 quomodolibet
1208 1887 1264 1960 vel
1279 1885 1428 1974 differri,
1445 1891 1482 1960 et
1500 1886 1545 1958 de
1566 1883 1702 1982 quibus

363 2032 675 2108 quorumcumque
690 2011 777 2090 totis
797 2012 984 2085 tenoribus
1006 2013 1051 2084 de
1072 2011 1184 2086 verbo
1209 2013 1256 2085 ed
1279 2011 1427 2085 verbum
1444 2011 1628 2100 habenda,
1651 2009 1701 2082 sit

361 2133 399 2206 in
417 2135 552 2208 nostris
576 2135 709 2210 litteris
737 2137 873 2210 mentio
902 2136 1081 2234 specialis,
1108 2161 1178 2233 que
1206 2137 1326 2234 quoad
1354 2135 1533 2233 premissa
1561 2135 1698 2230 cuique

361 2258 527 2332 volumus
560 2260 767 2334 nullatenus
803 2261 1009 2359 suffragari.
1048 2263 1149 2347 Quod
1184 2261 1212 2333 si
1244 2260 1450 2357 quisquam,
1485 2259 1583 2356 quod
1618 2283 1697 2332 non

361 2383 558 2474 credimus,
578 2383 771 2480 quominus
798 2385 941 2460 decima
965 2386 1174 2484 hujusmodi
1200 2387 1430 2484 persolvatur
1458 2390 1494 2457 et
1521 2384 1695 2482 exigatur

359 2508 582 2603 persuadere
601 2508 724 2582 lacere
742 2513 803 2583 aut
820 2511 965 2606 operari
985 2511 1234 2606 quovismodo,
1261 2511 1401 2584 directe
1419 2509 1475 2582 v'el
1493 2509 1689 2595 indirecte,

360 2632 592 2706 committere
616 2634 894 2732 presumpserit,
920 2634 1028 2707 etiam
1052 2635 1319 2732 cujuscumque
1333 2633 1534 2732 dignitatis,
1555 2637 1688 2718 status,

359 2757 509 2852 gradus,
534 2759 672 2831 ordinis
695 2759 751 2832 vel
770 2759 1036 2856 proeminentie
1059 2759 1300 2833 nobilitatisve
1323 2759 1445 2848 luerit,
1470 2758 1579 2833 etiam
1602 2757 1692 2830 siin

359 2879 661 2979 archiepiscopali
679 2883 734 2956 vel
751 2883 823 2956 6116
840 2883 962 2979 quavis
980 2884 1295 2958 ecclesiasticavel
1308 2885 1493 2957 mundana
1510 2881 1691 2980 dignitate

357 3002 576 3102 prefulgeat,
599 3007 986 3081 excommunicationis
1004 3009 1222 3082 sententiam
1232 3033 1276 3082 eo
1289 3011 1367 3106 ipso
1379 3009 1476 3082 lacto
1487 3005 1690 3080 incurrisse

357 3132 541 3220 noscatur,
560 3154 581 3204 6
598 3153 670 3226 qua
686 3155 759 3204 non
776 3132 805 3204 si
822 3156 843 3205 6
859 3132 963 3206 nobis
980 3133 1037 3206 vel
1056 3135 1329 3208 successoribus
1352 3133 1488 3208 nostris
1509 3131 1690 3206 Romanis

356 3251 586 3347 pontificibus
609 3256 781 3329 canonice
801 3255 1034 3349 intrantibus,
1059 3263 1295 3356 preterquam
1319 3259 1356 3332 in
1377 3259 1508 3332 mortis
1526 3255 1689 3330 articulo

356 3377 572 3453 constitutus
593 3387 628 3453 61
650 3381 772 3456 debita
797 3382 1043 3458 satisfactione
1071 3384 1247 3480 premissa
1269 3383 1404 3458 absolvi
1428 3382 1555 3480 possit.
1579 3385 1689 3456 Cete-

355 3525 435 3576 rum
452 3503 538 3600 quia
554 3505 702 3580 difficile
714 3506 810 3580 loret
827 3514 1014 3604 presentes
1041 3507 1184 3582 litteras
1207 3509 1253 3582 ad
1274 3507 1417 3607 singule
1440 3531 1582 3604 queque
1601 3506 1687 3580 1666

353 3625 538 3724 inquibus
556 3631 753 3729 expediens
770 3632 863 3706 soret
880 3632 1034 3724 deferre,
1055 3633 1219 3707 volumus
1230 3657 1273 3709 66
1284 3634 1501 3708 auctoritate
1519 3631 1687 3729 predicta

353 3752 584 3828 decernimus
611 3757 708 3852 quod
740 3759 951 3832 earumdem
982 3757 1186 3832 litterarum
1217 3760 1455 3858 transumptis
1489 3762 1525 3831 et
1563 3757 1686 3856 sigillo

354 3875 507 3975 alicujus
525 3903 569 3950 ex
586 3879 840 3954 collectoribus
854 3883 909 3956 vel
927 3881 1187 3957 substituendis
1206 3891 1242 3958 61
1260 3883 1440 3982 deputatis
1460 3882 1526 3956 sub
1547 3879 1686 3957 661166·

354 4001 492 4074 toribus
510 4002 555 4076 ab
573 4005 703 4079 eodem
720 4010 783 4079 aut
805 4006 957 4104 alicujus
973 4008 1085 4098 curie,
1107 4009 1262 4083 ecclesie
1281 4033 1343 4083 seu
1361 4007 1493 4106 prelati
1512 4007 1685 4081 6616116-

352 4124 429 4197 rius
446 4149 600 4223 persone
618 4128 654 4201 in
671 4128 829 4204 ecclesia
854 4131 1029 4230 dignitate
1055 4133 1250 4208 constitute
1278 4134 1439 4223 munitis,
1469 4156 1514 4208 66
1531 4155 1683 4228 prorsus

352 4247 444 4321 fides
460 4248 610 4326 indubia
623 4252 659 4325 in
672 4253 812 4350 judicio
828 4262 864 4328 et
881 4260 982 4329 extra
998 4281 1081 4330 eum
1099 4261 1161 4331 aut
1179 4257 1270 4331 alias
1282 4258 1437 4332 ubilibet
1455 4258 1491 4330 in
1509 4255 1681 4330 omnibus

352 4375 389 4446 et
405 4396 471 4469 per
496 4375 619 4450 omnia
647 4377 955 4477 adhibeaturque
982 4383 1216 4478 presentibus
1245 4382 1483 4456 adhiberetur
1504 4381 1535 4454 si
1557 4385 1682 4456 essent

351 4495 512 4572 exhibite
530 4501 586 4574 vel
600 4507 758 4576 ostense.

351 4697 355 4704 ,
400 4653 418 4690 n
439 4624 535 4697 Nulli
547 4649 636 4723 ergo
654 4627 802 4702 omnino
819 4629 1009 4705 hominum
1027 4631 1137 4706 liceat
1152 4633 1248 4708 banc
1269 4635 1441 4732 paginam
1463 4637 1591 4707 nostre
1610 4632 1680 4705 im-

349 4747 553 4844 positioniS,
579 4750 850 4844 declarationis
876 4757 1014 4846 statuti,
1040 4757 1301 4853 requisitionis,
1333 4757 1555 4846 monitioniS,
1579 4779 1681 4831 man·

348 4871 436 4963 dati,
458 4873 719 4972 derogationis
738 4878 935 4952 voluntatis
952 4883 988 4952 et
1005 4881 1145 4955 decreti
1164 4881 1379 4981 intringere,
1394 4882 1450 4956 vel
1461 4905 1553 4956 ausu
1567 4888 1680 4954 teme-

207 5073 224 5098 ..
346 4997 447 5070 rorio
470 4998 503 5071 ei
527 5000 725 5073 contraire.
752 5001 885 5098 Siquis
908 5007 1120 5080 autemhoc
1147 5012 1367 5105 attemptare
1391 5005 1674 5106 presumpserit,

238 5109 248 5124 ”
287 5223 291 5234 ἡ
346 5118 634 5218 indignationem
651 5125 917 5222 Omnipotentis
937 5129 1001 5201 1161
1021 5134 1056 5204 61
1074 5131 1269 5206 beatorum
1283 5133 1381 5207 Petri
1398 5137 1434 5206 et
1447 5133 1547 5206 Pauli
1567 5155 1677 5229 apos-

345 5243 506 5319 tolorum
518 5247 596 5346 ejus
612 5274 650 5322 se
663 5251 805 5325 noverit
817 5251 1064 5328 incursurum.
1080 5258 1213 5330 Datum
1225 5262 1338 5332 Rome
1354 5259 1452 5356 apud
1464 5283 1493 5330 s.
1509 5260 1673 5345 Petrum,
