3554 6042
357 612 410 666 428
800 603 976 664 JOHANNIS
1000 602 1222 674 subcutitur,
1543 605 1605 670 [aa
1623 607 1697 667 15⁰⁶]

357 761 660 848 Alamannorum3
680 763 762 858 post
774 759 856 833 illos
873 759 1001 834 fratres
1013 766 1189 834 venerunt
1202 758 1359 832 facchini
1374 761 1565 854 portantes
1583 757 1699 834 intor-

360 887 435 961 titia
453 911 524 983 que
543 887 691 960 fuerunt
707 908 861 960 numero
880 885 1120 982 quadraginta
1137 886 1223 959 duo.
1244 888 1329 959 Post
1345 883 1465 974 funus,
1487 888 1575 958 octo
1591 883 1698 958 fami-

357 1012 485 1101 liares;
502 1019 583 1110 post
604 1033 707 1108 quos,
731 1034 799 1110 ego
826 1033 909 1084 cum
932 1010 1012 1084 aliis
1027 1016 1109 1084 octo
1128 1010 1233 1084 bonis
1253 1009 1394 1100 amicis,
1420 1009 1480 1106 qui
1501 1009 1697 1106 pedestres

347 1135 496 1226 ivimus,
519 1136 629 1210 medii
645 1137 739 1210 inter
753 1134 845 1210 duos
860 1135 1021 1232 prelatos
1040 1135 1147 1210 mulis
1166 1135 1241 1208 suis
1258 1134 1474 1222 insidentes;
1494 1134 1532 1208 in
1551 1115 1698 1232 'Populo

358 1261 560 1335 orationem
583 1260 708 1336 habuit
734 1264 775 1332 o.
807 1259 968 1356 Raphael
990 1260 1124 1358 Lippus
1147 1259 1207 1359 (l).
1238 1259 1369 1333 Prelati
1399 1259 1629 1332 intraverunt
1653 1258 1699 1332 ad

358 1387 536 1482 capellam
552 1385 649 1484 apud
666 1385 778 1458 altare
800 1385 930 1481 majus,
953 1408 1079 1458 eorum
1100 1384 1275 1482 evangelii
1294 1383 1562 1482 respondentes
1587 1408 1595 1456 :
1618 1407 1700 1458 res-

358 1509 413 1582 titi
429 1534 495 1584 nos
513 1511 659 1600 fuimus,
678 1512 764 1584 hinc
780 1515 816 1583 et
834 1510 930 1600 inde,
949 1510 1045 1606 apud
1061 1510 1184 1599 funus,
1201 1509 1322 1606 itaque
1339 1533 1407 1607 ego
1423 1532 1546 1582 essem
1566 1532 1590 1582 a
1609 1509 1700 1582 dex-

359 1633 424 1705 tris
442 1635 618 1728 defuncti,
641 1634 701 1711 alii
724 1633 923 1710 familiares
946 1657 967 1712 a
988 1634 1157 1710 sinistris.
1188 1634 1306 1708 Finita
1329 1634 1511 1726 oratioue,
1536 1633 1701 1709 recessi·

257 2004 259 2010 r
359 1995 441 2053 quam
455 1975 533 2032 ficret
548 1973 697 2032 absolutio.
726 1974 821 2033 Clarus
838 1977 925 2034 oravit
945 1981 973 2033 et
990 1975 1099 2032 interim
1119 1975 1254 2032 siluerunt
1276 1973 1387 2044 fratrcs;
1412 1979 1510 2048 postea
1529 1974 1584 2048 ipsi
1600 1975 1702 2033 fratres

360 2065 536 2124 absolverunt
546 2069 574 2121 et
586 2064 638 2138 ipsi
653 2064 744 2122 restiti
759 2083 854 2122 omnes
872 2065 932 2136 soli,
953 2065 1012 2122 sine
1029 2064 1139 2139 prelatis
1159 2071 1187 2122 et
1199 2062 1307 2120 familiis
1322 2063 1470 2137 aliquibus,
1487 2063 1617 2122 videlicet
1633 2067 1702 2122 solis

360 2154 519 2214 cursoribus
534 2154 642 2210 duobus
656 2153 876 2228 precedentibus,
893 2155 1000 2211 iverunt
1018 2155 1053 2211 ad
1068 2155 1180 2212 domum
1197 2171 1274 2211 suam
1292 2170 1327 2209 ne
1341 2152 1439 2210 fratres
1454 2154 1488 2210 de
1503 2153 1614 2227 Populo
1629 2157 1700 2211 reei-

360 2250 467 2321 perent,
482 2251 512 2301 ut
523 2242 620 2312 solent,
636 2244 763 2300 cussinos
775 2263 782 2298 ε
793 2243 894 2300 fuimus
909 2243 1026 2318 prestiti,
1042 2244 1116 2317 quod
1127 2243 1202 2318 ipsos
1215 2243 1380 2300 dimitterent
1390 2249 1453 2317 post
1468 2242 1604 2312 officium,
1616 2253 1645 2302 et
1661 2247 1702 2302 sic

361 2336 483 2392 fecerunt
506 2331 637 2406 capellani
661 2332 798 2389 seculares
813 2351 820 2389 :
837 2351 899 2390 cum
922 2334 1005 2390 cottis
1029 2338 1172 2408 portarunt
1189 2333 1287 2402 funus;
1314 2330 1439 2406 sepultus
1464 2331 1517 2389 fuit
1540 2332 1567 2388 in
1593 2333 1702 2407 capella

360 2423 539 2482 Salernitani.
559 2445 574 2476 a
590 2423 623 2480 P.
639 2423 674 2479 de
693 2421 814 2486 Gressis,
831 2421 850 2478 f.
874 2423 928 2479 339
950 2441 979 2479 v.
1006 2429 1033 2479 et
1056 2423 1125 2480 suiv.
1150 2423 1204 2480 Les
1223 2422 1362 2496 obseques
1381 2421 1417 2478 ds
1436 2419 1580 2478 Burcbard
1601 2431 1702 2479 eurent

360 2512 414 2571 lieu
430 2513 453 2569 le
474 2513 569 2576 mardi,
589 2513 624 2568 26
647 2512 711 2579 mai,
733 2511 805 2569 ainsi
825 2530 878 2586 que
897 2511 922 2568 le
946 2511 1029 2570 relate
1048 2511 1169 2582 Gressis,
1189 2511 1209 2568 l:
1229 2513 1282 2568 339
1296 2529 1344 2568 r.:
1362 2534 1378 2566 a
1398 2511 1495 2580 Hodie,
1510 2529 1563 2584 que
1578 2519 1628 2569 est
1642 2512 1701 2568 dies

361 2602 456 2660 martis
470 2605 506 2660 26
525 2604 628 2659 mensis
649 2602 725 2671 Maii,
746 2619 808 2658 cum
827 2602 947 2675 alioquin
969 2602 1080 2660 deberet
1103 2620 1165 2660 esse
1187 2602 1332 2674 signatura
1353 2601 1470 2677 papalis,
1492 2600 1563 2657 facte
1586 2601 1702 2658 fuerunt

364 2692 480 2766 exequie
502 2691 564 2748 olim
586 2693 617 2750 lt.
638 2691 671 2748 P.
692 2693 726 2748 D.
750 2691 871 2766 episcopi
890 2691 985 2750 Ortani
1003 2691 1106 2748 dudum
1125 2691 1230 2766 college
1247 2690 1300 2748 mei
1316 2709 1323 2748 :
1340 2691 1380 2748 sic
1398 2689 1520 2748 cessarit
1538 2689 1701 2764 signatura,

363 2781 428 2855 quia
441 2781 549 2838 fuerant
563 2781 597 2838 ad
612 2798 659 2837 eas
675 2779 781 2839 inritati
796 2781 970 2837 referendarii
990 2789 1018 2838 et
1035 2782 1198 2838 assistentes
1217 2787 1245 2838 et
1267 2780 1333 2855 quia
1352 2779 1485 2853 magister
1502 2780 1606 2836 domus
1626 2781 1702 2854 Papa

361 2871 413 2928 fuit
431 2870 476 2928 ille
495 2871 543 2945 qui
559 2870 657 2928 habuit
680 2887 773 2926 curam
792 2870 993 2943 exequiarum:
1010 2870 1071 2927 ideo
1090 2870 1152 2927 dedi
1169 2872 1221 2928 hoc
1241 2869 1396 2928 memoriale
1415 2869 1491 2944 quod
1509 2868 1653 2940 sequitur,
1669 2889 1702 2926 ex

360 2979 414 3034 quo
428 2961 509 3018 otiam
522 2959 684 3032 intelligitur
698 2959 786 3016 omnis
797 2961 895 3017 modus
909 2977 1013 3030 aarum,
1028 2959 1175 3018 videlicet:

395 3050 503 3108 Sciatur
519 3049 623 3123 precise
635 3048 694 3106 dies
709 3049 899 3122 exequiarum

395 3139 539 3197 intimetur
552 3137 681 3196 fratribus
694 3139 728 3194 de
741 3138 847 3212 Populo
862 3145 892 3195 ut
906 3145 1052 3214 preparent
1065 3145 1258 3215 preparatura;

394 3229 534 3286 Habeatur
549 3246 621 3286 unus
636 3227 767 3302 prelatus,
784 3229 830 3302 qui
846 3227 897 3285 fuit
909 3228 1071 3303 Aquilanus,
1085 3229 1231 3304 episeopus
1244 3247 1306 3286 cum
1319 3228 1378 3288 suis
1393 3228 1543 3298 ministris;

392 3319 537 3377 Intimetur
551 3317 677 3375 omnibus
693 3322 727 3374 de
742 3317 855 3391 capella,
871 3317 997 3376 videlicet
1012 3337 1019 3377 :
1036 3320 1160 3388 sacriste,
1178 3319 1310 3394 magistro
1330 3319 1444 3394 capelle,
1465 3318 1603 3392 magistro
1625 3335 1703 3375 cere·

355 3409 519 3479 mariarum,
535 3407 662 3478 diacono,
679 3405 861 3476 subdiacono,
878 3406 1037 3464 cantonbus
1057 3414 1085 3465 ot
1103 3407 1209 3466 clericis
1229 3408 1275 3482 qui
1290 3408 1370 3465 etiam
1387 3408 1534 3484 suppleant
1548 3408 1583 3466 de
1598 3427 1698 3466 neees-

354 3499 435 3557 sariis
450 3516 500 3574 pro
515 3497 615 3564 missa;

391 3589 542 3646 invitentur
556 3586 591 3644 ad
608 3592 704 3644 nutum
722 3585 821 3643 familie
840 3591 957 3659 quatuor
975 3585 1162 3657 cardinalium,
1180 3587 1306 3646 videlicet
1323 3587 1502 3646 Alexandrini
1518 3595 1545 3646 et
1563 3589 1698 3646 meamn-

356 3677 457 3734 cellarii
473 3680 520 3752 qui
536 3676 707 3750 signaturam
722 3676 824 3734 babent
838 3683 866 3732 et
880 3675 932 3732 sub
947 3673 1050 3748 quibus
1068 3684 1127 3736 erat
1138 3676 1352 3750 referendarium

390 3769 458 3825 item
469 3786 493 3824 s.
511 3766 621 3838 Georgii
637 3765 683 3840 qui
698 3771 757 3823 erat
770 3765 830 3839 ejus
845 3765 999 3835 familiaris;

389 3857 456 3912 Item
472 3874 496 3912 s.
510 3854 617 3922 Crucis,
628 3854 675 3928 qui
687 3861 730 3910 cst
743 3854 824 3928 quasi
838 3855 908 3912 alter
921 3855 1054 3928 magister
1067 3857 1295 3927 ceremoniarum

387 3946 455 4001 ltem
472 3943 621 4001 invitentur
631 3961 725 4000 omnes
740 3943 924 4014 referendarii,
941 3943 1112 4017 assistentes,
1128 3963 1229 4020 regens
1244 3963 1333 4004 novus
1348 3945 1480 4018 Ortauus,
1496 3945 1601 4004 familie
1619 3946 1700 4022 Papa

353 4039 380 4090 et
395 4033 534 4090 auditores
548 4038 617 4100 rote,
629 4032 652 4088 si
665 4032 767 4106 placet;

393 4123 459 4179 Item
474 4121 558 4196 aliqui
573 4121 670 4194 prelati
685 4122 719 4178 de
743 4123 853 4180 natione
868 4124 1039 4182 Thcutonica
1053 4131 1081 4182 et
1094 4124 1176 4200 aliqui
1191 4125 1269 4200 digni
1288 4125 1404 4182 curiales
1418 4127 1453 4183 de
1470 4127 1567 4184 eadem
1583 4129 1701 4186 natione

353 4212 376 4270 ei
389 4212 437 4271 isti
456 4210 605 4270 invitentur
627 4228 677 4286 per
696 4211 845 4271 familiares
866 4213 988 4271 defuncti
1012 4213 1132 4290 episcopi
1152 4214 1199 4272 alii
1216 4221 1309 4274 autem
1328 4215 1477 4290 supradicti
1497 4233 1546 4290 per
1567 4235 1700 4274 cursores

356 4301 446 4376 Papo;

392 4393 461 4450 Item
476 4389 681 4450 abbreviatores
696 4392 730 4448 de
741 4392 828 4450 Pareo
839 4392 947 4457 minori,
962 4393 985 4450 si
997 4393 1120 4468 placet...

394 4481 495 4539 Prelati
510 4481 589 4554 quasi
604 4481 698 4538 decem
710 4487 738 4539 st
750 4481 830 4554 pauci
844 4481 1003 4540 cubicularii
1024 4501 1086 4540 eum
1099 4483 1214 4541 totidem
1235 4483 1373 4542 scutiferis
1387 4487 1478 4561 Paps;
1495 4485 1566 4542 nulli
1580 4489 1700 4544 releren-

353 4571 430 4641 darii,
451 4569 519 4628 nulli
540 4569 713 4639 assistentes,
736 4569 803 4628 nulli
831 4571 971 4629 auditores
993 4573 1142 4642 affuerunt,
1169 4573 1249 4648 pauci
1273 4574 1390 4632 curiales
1411 4575 1494 4633 etiarn
1518 4581 1548 4634 et
1572 4576 1643 4634 nulli
1665 4579 1699 4635 ds

349 4664 500 4722 natione...
518 4685 532 4716 a
547 4663 590 4734 (F.
605 4663 668 4732 ³51,
680 4665 725 4734 r.)

389 4760 414 4811 l.
432 4752 574 4810 L'oraison
588 4751 703 4808 funebre
717 4752 752 4809 de
768 4753 909 4810 burchard
929 4772 964 4812 ne
986 4772 1016 4812 se
1035 4761 1131 4812 trouve
1149 4755 1415 4814 mallieureusement
1432 4774 1484 4832 pas
1498 4758 1570 4814 dans
1588 4757 1613 4814 le
1628 4775 1698 4815 mss.

353 4843 471 4917 original
488 4843 537 4900 des
562 4859 670 4900 oeuvrea
688 4841 722 4898 de
742 4841 867 4916 Raphael
886 4843 964 4918 Lippi
985 4843 1155 4913 Brandolini,
1171 4846 1205 4901 de
1223 4844 1250 4902 la
1263 4845 1404 4916 Vaticano,
1424 4853 1456 4903 n⁰
1475 4848 1557 4905 3590.
1582 4847 1700 4922 Lepre-

358 4935 441 4990 miere
456 4933 543 5006 partie
558 4931 594 4989 du
611 4931 711 4989 recueil
726 4932 850 4991 contient
869 4940 966 5006 quatre
983 4933 1064 4992 lirres
1084 4935 1119 4992 de
1139 4934 1248 5004 lettres,
1265 4933 1291 4991 la
1309 4937 1428 4994 seconde
1442 4937 1533 5011 partie
1548 4939 1700 5010 compr-end

349 5019 389 5078 les
405 5023 529 5080 oraisons
544 5023 678 5079 funebres
700 5025 870 5095 pronouctes
892 5041 941 5097 par
965 5024 1093 5095 l'auteur,
1115 5043 1181 5082 sous
1206 5045 1237 5084 ce
1260 5027 1344 5087 titre:
1360 5051 1375 5080 a
1390 5029 1546 5084 illustrium
1568 5029 1699 5084 Viromrn

353 5115 413 5166 trito
429 5114 790 5181 functorumLuadctiones.
808 5133 822 5164 a
836 5114 888 5170 Ges
907 5113 1042 5183 discours,
1064 5132 1098 5172 ou
1119 5116 1231 5172 nombre
1253 5118 1287 5175 de
1308 5117 1441 5186 dix-huit,
1461 5125 1529 5174 vont
1546 5117 1581 5172 de
1602 5117 1675 5173 lter
1685 5121 1701 5172 a

357 5198 435 5269 1517,
455 5205 541 5257 annes
559 5207 594 5257 od
613 5208 721 5257 mourut
738 5201 861 5276 Raphael
887 5202 974 5276 Lippi.
996 5204 1109 5260 llucune
1129 5205 1177 5262 des
1203 5206 1407 5282 bibliotheques
1430 5208 1466 5264 da
1485 5207 1583 5276 Rome,
1600 5223 1657 5281 que
1671 5207 1700 5280 je

359 5289 451 5355 asche,
467 5307 501 5345 ne
513 5291 630 5362 posscde
642 5289 668 5347 la
680 5291 756 5363 copie
771 5292 805 5348 de
819 5291 946 5349 l'oraison
961 5293 1074 5350 funebre
1089 5294 1124 5351 de
1138 5293 1290 5354 Burcbard.
