3502 6036
81 576 133 641 [var
149 575 210 632 ruri
252 599 254 605 -
390 569 516 626 nanum
542 567 766 624 unennnnuu
787 567 1048 626 counruvvnen.
1338 563 1387 630 tir

81 724 310 804 Ceseuatensis
329 723 469 820 accepit
486 719 639 818 pluviale
661 723 812 795 rubeum
838 729 872 795 et
896 724 1044 796 mitram
1068 725 1271 822 simplicem
1293 729 1387 800 intra

83 849 259 927 cancellum
278 871 322 922 ac
340 847 436 920 illius
454 852 609 943 portam,
628 851 663 918 et
684 845 799 918 altare
819 847 983 919 ascendit
1003 849 1047 920 ad
1070 852 1204 946 Papam
1226 855 1262 923 et
1283 875 1390 925 oscu-

81 977 160 1050 latus
179 979 230 1046 est
253 996 375 1071 genua
399 971 507 1060 illius,
539 977 588 1060 et,
620 970 753 1042 omissa
777 971 953 1066 petitione
980 973 1256 1064 benedictionis
1286 977 1389 1072 petiit

83 1097 304 1194 indulgentias
319 1103 356 1170 et
373 1101 468 1193 Papa
482 1095 662 1169 concessit
678 1095 978 1168 interessentibus
994 1102 1029 1170 et
1044 1097 1240 1194 plenarias3
1259 1101 1390 1195 quibus

83 1223 206 1312 babilis,
229 1221 417 1296 descendit
440 1221 485 1294 ad
509 1219 687 1316 pulpitum
708 1219 909 1315 predictum
931 1225 967 1294 et
989 1221 1075 1294 lecit
1098 1224 1301 1297 orationem
1326 1227 1390 1298 de-

82 1345 325 1420 nunciatoriam
348 1345 482 1419 lederis
506 1345 600 1416 iuter
625 1346 771 1440 Papam,
799 1367 923 1440 regem
950 1347 1106 1442 Ungarie
1132 1354 1167 1418 et
1190 1347 1390 1421 dominium

83 1477 287 1560 Venetorum
313 1469 391 1543 initi
414 1475 537 1543 contra
559 1471 707 1556 TurcaS,
735 1473 770 1541 et
791 1491 864 1540 non
888 1469 983 1543 venit
1006 1471 1052 1542 ad
1081 1471 1391 1566 specificationem

85 1595 319 1692 capitulorum,
339 1617 405 1668 nec
420 1593 513 1665 lecta
528 1597 610 1665 sunt
626 1591 795 1688 capitula.
815 1591 932 1665 Finita
948 1594 1125 1690 oratioue,
1147 1598 1394 1693 pronunciavit

84 1721 256 1793 sinemore
272 1717 518 1815 indulgentias
535 1715 678 1789 habitas
694 1739 716 1789 a
733 1719 842 1812 Papa,
863 1717 923 1812 qui
941 1719 1112 1792 adstatim
1132 1727 1230 1793 stans
1247 1723 1282 1794 in
1302 1721 1393 1796 solio

85 1844 148 1917 siue
173 1841 277 1915 mitra
309 1841 446 1938 incepit
477 1839 691 1938 intelligibili
725 1863 812 1913 voce
849 1840 897 1913 Te
926 1841 1047 1914 Deum
1077 1843 1266 1918 laudamur
1299 1845 1397 1942 quod

85 1973 232 2041 cantores
252 1965 438 2064 prosecuti
457 1964 600 2038 suntad
617 1964 740 2036 finem.
763 1969 840 2049 Uuo
861 1965 975 2056 sinito,
999 1970 1096 2063 Papa
1114 1968 1232 2042 adbuc
1251 1969 1287 2042 in
1306 1969 1396 2044 solio

87 2098 169 2164 stans
186 2091 274 2164 dixit
295 2091 404 2164 Pater
418 2100 536 2162 noster
551 2095 585 2162 et
600 2088 798 2162 versiculos
817 2112 860 2162 ac
875 2089 964 2162 duas
980 2091 1247 2190 orationesque
1263 2087 1399 2168 baben-

87 2225 132 2288 tur
146 2217 177 2288 in
197 2215 433 2290 ceremoniali
451 2214 488 2286 in
506 2213 753 2310 publicatione
768 2214 901 2287 lederis
915 2213 993 2288 initi
1008 2223 1134 2289 contra
1151 2217 1315 2292 infideles
1326 2219 1373 2324 (l)
1388 2243 1396 2308 ;

88 2341 199 2435 quibus
217 2341 340 2430 dictis,
362 2339 463 2412 dedit
480 2337 770 2412 benedictionem
790 2338 924 2434 populo
941 2362 1043 2413 more
1059 2341 1176 2432 solito,
1198 2342 1398 2434 descendit,

89 2471 117 2536 et
134 2465 221 2539 tacta
241 2453 411 2539 oratione
436 2467 518 2536 ante
542 2463 667 2550 altare,
695 2462 836 2558 accepit
856 2461 1024 2552 thiaram,
1050 2464 1161 2538 exivit
1183 2467 1397 2558 cancellum,

90 2587 161 2662 vidit
173 2589 308 2664 ferrum
326 2587 452 2661 lancee
471 2585 616 2674 Christi,
638 2586 768 2658 deiude
787 2585 926 2659 vultum
947 2587 1058 2683 ipsius
1079 2589 1221 2662 Domini
1243 2597 1278 2664 et
1295 2591 1401 2664 rediit

91 2711 126 2783 ad
147 2712 315 2808 palatium
340 2735 442 2786 more
466 2716 654 2784 consueto.
684 2713 826 2784 lusere
849 2711 988 2807 pulsata
1011 2720 1066 2785 est
1085 2735 1260 2810 campana
1284 2716 1401 2812 mejor

93 2837 248 2933 Capitolii,
275 2844 313 2912 et
334 2837 417 2910 lacti
442 2858 509 2933 per
530 2835 664 2908 Urbem
688 2835 803 2932 ignes.
826 2835 1092 2910 Proclamatum
1115 2839 1189 2912 sive
1213 2833 1401 2913 bannitum

93 2959 143 3032 luit
157 2963 201 3037 de.
214 2963 388 3036 mandato
405 2964 467 3036 SS.
488 2963 529 3034 D.
547 2963 589 3032 N.
607 2962 703 3056 Pape
719 2959 861 3057 publice
875 2984 940 3057 per
956 2961 1103 3052 Urbem,
1122 2964 1182 3037 die
1193 2965 1322 3062 J'ovis3
1335 2961 1403 3039 'seu

94 3089 214 3160 veneris
241 3094 264 3160 4
288 3088 425 3160 mensis
446 3085 550 3184 junii,
581 3085 678 3180 quod
706 3107 833 3182 omnes
860 3085 1000 3158 banditi
1028 3111 1091 3160 seu
1120 3086 1313 3188 proscripti
1340 3115 1405 3187 per

94 3210 273 3286 homicidia
293 3212 351 3285 vel
375 3211 467 3284 turta
487 3217 547 3283 aut
568 3233 796 3306 quecumque
819 3210 890 3283 aliu
914 3211 1046 3286 delicta
1066 3224 1215 3310 possent
1231 3215 1345 3289 libero
1370 3223 1406 3290 et

95 3332 222 3432 impune
241 3336 288 3411 ad
313 3337 447 3410 Urbem
469 3335 605 3408 venire.

134 3463 295 3542 Sabbata.
319 3466 339 3536 5
361 3460 494 3534 mensis
510 3459 615 3556 junii,
641 3457 760 3555 vigilia
778 3459 976 3550 Trinitatis,
1005 3461 1150 3536 luerunt
1170 3487 1319 3560 vespere
1339 3489 1407 3562 pa·

96 3585 177 3680 pales
203 3587 239 3658 in
269 3585 411 3682 capella
437 3584 574 3681 majore
609 3583 750 3680 palatii,
787 3587 885 3680 Papa
916 3591 1098 3680 presente.
1139 3585 1243 3660 Circa
1277 3589 1405 3662 horam

95 3718 239 3804 quartam
254 3712 374 3786 noctis
390 3709 587 3805 sequentis,
607 3709 827 3804 gubernator
843 3709 946 3781 Urbis
963 3732 1044 3782 cum
1063 3715 1170 3806 gente
1184 3735 1250 3786 sua
1265 3711 1408 3787 intravit

97 3837 386 3909 monasterium...
413 3835 459 3935 (l)
482 3831 719 3908 demandato
742 3836 837 3928 Pape
856 3832 912 3906 cui
938 3833 1138 3930 aquodam
1163 3835 1407 3933 significatum

96 3957 196 4034 tuerat
213 3961 402 4035 duodecim
418 3957 602 4056 apostolos
619 3962 810 4054 argenteos
833 3941 1016 4032 inauratos
1037 3965 1073 4033 et.
1095 3960 1208 4033 multa
1225 3962 1295 4036 alia
1314 3964 1411 4038 bona

99 4083 175 4155 nni.
201 4089 242 4158 l).
274 4084 472 4162 Uardinalis
496 4081 639 4156 Ascanii
666 4083 875 4155 conservari
910 4083 945 4154 in
975 4085 1196 4160 monasterio
1229 4088 1407 4182 predicto,

99 4215 190 4301 prout
213 4214 306 4306 Pape
330 4211 448 4284 luerat
471 4208 693 4296 nunciatum,
721 4212 757 4280 et
779 4211 890 4295 tanta,
918 4207 1016 4304 quod
1039 4208 1083 4281 ab
1103 4209 1164 4282 illa
1186 4210 1409 4310 boreasque

100 4333 135 4402 ad
151 4342 304 4408 octavam
323 4335 450 4408 boram
468 4332 584 4407 noctis
603 4331 787 4405 ceretterii
811 4355 883 4404 non
906 4338 1095 4406 cessarunt
1119 4334 1215 4408 bona
1237 4336 1410 4436 hujusce-

101 4457 185 4529 modi
201 4457 244 4532 de
261 4458 483 4533 monasterio
504 4462 650 4554 portare
668 4455 713 4528 ad
731 4455 905 4552 palatium
926 4460 1034 4554 Papo.

142 4585 325 4660 [lominica
354 4583 536 4680 sequenti,
576 4582 668 4653 testo
694 4581 897 4673 Trinitatis,
931 4582 995 4655 luit
1026 4585 1137 4658 missa
1170 4587 1342 4660 solemnis
1377 4587 1413 4660 in

102 4709 225 4804 capeUa
241 4709 445 4808 supradicta
464 4731 572 4805 quam
593 4705 784 4779 celebravit
806 4709 929 4778 ltmus.
955 4711 997 4780 D.
1016 4709 1209 4784 cardinalis
1229 4713 1416 4788 Arboreu-

132 4965 157 5022 l.
180 4987 194 5016 v
206 4965 299 5024 Eodem
311 4967 452 5024 confirmat
463 4967 561 5023 Petrus
575 4963 725 5039 llelptvinus
739 4961 871 5022 inlitteris
879 4966 913 5022 ad
921 4965 1047 5024 abbatem
1059 4985 1083 5024 s.
1092 4967 1106 5025 J
1111 4969 1225 5024 ueundae
1236 4968 1339 5026 missis.
1353 4971 1413 5028 Pet.

105 5052 164 5122 Uet,
174 5053 191 5111 l.
203 5055 248 5124 vt,
258 5074 299 5130 ep.
313 5057 434 5113 LXXIX.
448 5077 462 5108 a
478 5054 625 5128 Rcyualdi,
639 5061 660 5110 t.
672 5055 760 5124 XXX,
772 5073 799 5128 p.
816 5056 877 5113 334.
890 5057 945 5112 Sur
958 5063 1029 5114 cette
1045 5055 1158 5113 alliance
1172 5064 1247 5115 entre
1258 5056 1283 5114 le
1293 5075 1373 5136 pape,
1389 5058 1413 5116 le

105 5142 136 5197 roi
146 5144 178 5200 de
192 5145 306 5220 llougrie
315 5153 342 5204 et
357 5145 384 5202 le
396 5143 559 5219 seigneurie
569 5143 604 5200 de
617 5142 717 5199 Venise
729 5150 823 5200 contre
834 5144 872 5200 les
888 5144 985 5214 Tunes,
996 5163 1058 5218 voy.
1074 5145 1188 5216 Sanuto,
1201 5153 1221 5202 t.
1235 5147 1281 5218 lV,
1296 5148 1349 5205 eol.
1365 5151 1410 5206 41.

133 5233 157 5286 2.
177 5233 212 5289 Le
227 5251 283 5290 norn
299 5236 335 5292 clu
351 5239 503 5292 monestere
513 5237 554 5290 est
568 5249 602 5289 eu
617 5231 698 5288 blano
712 5232 781 5288 dans
796 5239 856 5290 tous
872 5234 911 5290 les
921 5239 995 5292 mas.
1356 5221 1358 5228 ’
