3612 6064
382 561 416 615 16
838 554 1015 611 JOHANNlS
1040 552 1263 623 BURCHARut,
1509 555 1631 618 [reviret
1647 557 1723 616 imo]

383 711 442 784 ubi
461 711 704 808 pernoctavit:
723 709 880 782 habebat
895 731 1006 804 equos
1023 708 1312 804 quatuordeeim.
1329 706 1518 782 [lominica
1533 707 1720 802 sequenti,

383 837 533 910 venitin
551 837 701 908 domum
719 858 852 924 meam,
873 834 910 906 in
927 858 998 930 qua
1015 835 1217 930 hospitatus
1235 841 1304 906 est.

427 962 532 1034 Feria
554 961 692 1057 quinta,
713 965 758 1036 10
783 961 946 1058 ejusdem
971 961 1106 1032 mensis
1130 959 1314 1049 februarii,
1340 963 1381 1031 R.
1411 961 1448 1031 P.
1470 963 1513 1032 Ι).
1537 959 1721 1032 Antonius

384 1091 559 1178 BavanuS,
586 1086 778 1182 episeopus
797 1084 1024 1174 Parentinus,
1044 1086 1215 1180 magister
1238 1086 1368 1158 domus
1394 1084 1588 1157 cardinalis
1612 1087 1722 1156 Cesa-

381 1212 462 1301 rini,
488 1211 581 1300 heri,
608 1219 647 1284 ut
671 1211 872 1299 dicebatur,
899 1215 1000 1306 peste
1028 1211 1195 1300 inlectus,
1224 1209 1321 1282 diem
1345 1209 1474 1282 clausit
1491 1215 1717 1282 extremum:

381 1337 507 1411 nescio
534 1336 594 1409 uhi
625 1361 691 1408 nec
724 1358 797 1431 quo
828 1336 937 1408 modo
965 1336 1138 1432 sepultus,
1172 1357 1254 1407 cum
1282 1343 1454 1430 patronus
1481 1358 1568 1408 suus
1596 1343 1722 1406 careat

382 1463 482 1534 omni
500 1462 661 1535 bonitate
680 1469 715 1533 et
733 1460 967 1534 humanitate.
987 1462 1204 1555 ltequiescat
1220 1461 1257 1532 in
1276 1483 1377 1556 pace.

433 1587 631 1660 Dominicis
662 1591 703 1658 16
728 1593 764 1658 et
792 1591 835 1658 23
860 1585 967 1684 hujus
994 1587 1130 1659 mensis
1148 1585 1333 1676 februarii,
1354 1591 1497 1661 ostensa
1520 1586 1601 1676 luit,
1626 1587 1720 1658 hora

383 1711 492 1783 misse
512 1710 673 1808 majona,
694 1709 730 1782 in
760 1709 908 1783 basilica
927 1734 956 1781 s.
979 1711 1089 1801 Petri,
1113 1710 1295 1786 Veronica
1317 1710 1469 1807 populo;
1491 1715 1546 1782 est
1569 1710 1719 1782 ordina-

387 1843 462 1909 tum
483 1859 548 1932 pro
568 1835 718 1933 singulis
736 1835 864 1908 diebus
882 1835 1074 1909 dominicis
1096 1837 1305 1910 ostendatur
1323 1845 1470 1932 propter
1492 1859 1719 1909 concurren-

386 1961 470 2034 tiam
491 1959 614 2058 populi
632 1986 697 2058 per
715 1968 829 2034 totum
847 1961 944 2034 hunc
964 1985 1098 2034 atinum
1115 1961 1255 2058 jubilei.

434 2085 537 2159 Feria
558 2087 731 2175 secunda,
760 2086 806 2158 at
834 2086 921 2160 dicti
948 2087 1097 2174 mensis
1126 2094 1247 2159 orator
1273 2087 1393 2184 Magni
1416 2085 1522 2159 Turei
1545 2087 1719 2182 equitavit

387 2211 431 2284 ad
450 2209 622 2307 palatium
642 2211 880 2308 apostolicum
898 2217 937 2284 ut
955 2235 976 2283 a
994 2213 1056 2284 SS.
1086 2216 1128 2284 [t.
1150 2217 1274 2284 nostro
1293 2211 1491 2302 audiretur,
1513 2211 1717 2284 associatus

383 2335 428 2410 ab
447 2342 589 2408 oratore
615 2339 855 2424 Venetorum3
886 2336 1011 2410 nescio
1038 2337 1222 2432 quomodo
1240 2336 1294 2407 rel
1317 2336 1461 2430 quando
1484 2335 1629 2409 intravit
1652 2340 1718 2409 Ur-

276 2497 281 2506 ·
309 2481 313 2492 ·
381 2460 476 2550 bem,
499 2460 558 2557 qui
577 2459 647 2534 lroe
666 2462 822 2558 primum
841 2462 957 2534 audivi
976 2463 1020 2535 de
1040 2485 1083 2534 eo
1102 2461 1264 2534 verbum.

427 2585 491 2658 trie
511 2591 555 2658 15
575 2586 740 2681 ejusdem
759 2587 894 2662 mensis
911 2586 1079 2659 februarii
1099 2587 1206 2658 affixa
1223 2587 1368 2658 luerunt
1384 2585 1422 2657 in
1440 2585 1589 2659 basilica
1608 2609 1716 2682 apos·

382 2709 537 2782 telorum
567 2716 601 2782 et
629 2712 882 2783 lateranensis
915 2711 1021 2784 rolris
1056 2711 1175 2784 littere
1204 2710 1401 2806 apostolice
1440 2733 1510 2806 que
1546 2715 1567 2782 5
1605 2709 1716 2805 hujus

381 2833 540 2930 [mensis]
561 2833 597 2905 in
621 2835 804 2908 audientia
821 2837 1129 2910 contradictarum
1143 2835 1237 2908 lecte
1251 2835 1406 2924 inerant,
1426 2835 1538 2930 quod,
1559 2835 1713 2906 durante

380 2955 452 3030 hoc
478 2979 572 3029 anno
587 2957 730 3054 jubilei,
762 2959 814 3030 vie
842 2965 877 3030 et
902 2959 1060 3056 hospitia
1085 2961 1173 3033 fiant
1196 2983 1325 3034 secura
1348 2982 1413 3056 pro
1439 2957 1652 3055 Romipetis,
1681 2965 1716 3029 et

380 3081 587 3154 decernitur
605 3083 775 3155 vassallos
794 3084 907 3156 teneri
927 3085 972 3156 ad
997 3085 1131 3158 damna
1149 3092 1184 3157 et
1201 3085 1280 3156 fieri
1305 3091 1432 3157 contra
1458 3107 1521 3157 eos
1548 3106 1714 3178 represa-

379 3205 457 3280 lias.
480 3211 598 3280 Tenon
615 3207 745 3281 harum
764 3208 967 3282 litterarum
987 3209 1067 3282 talis
1086 3215 1140 3282 est
1159 3209 1205 3307 (1)
1228 3235 1235 3282 :

431 3332 532 3406 Bulla
550 3339 676 3406 contra
696 3335 934 3431 impedientes
954 3336 1162 3432 Romipetas
1180 3361 1275 3409 arrno
1290 3339 1429 3435 jubilei.

429 3457 632 3530 Alexander
654 3457 857 3556 opiscopus,
884 3483 1005 3532 servus
1026 3483 1209 3532 servorum
1228 3463 1305 3550 Dei,
1327 3465 1372 3536 ad
1392 3463 1548 3538 suturam
1568 3467 1623 3538 rei
1642 3490 1714 3538 me-

380 3583 546 3657 moriam.
568 3587 666 3656 lnter
681 3583 810 3658 'cetera
831 3609 900 3680 que
924 3585 1028 3658 nobis
1047 3611 1090 3656 ex
1109 3586 1332 3682 apostolatus
1356 3590 1477 3663 osticio
1499 3591 1713 3664 incumbere

380 3708 563 3781 cernimus
587 3715 622 3780 et
645 3732 796 3803 quorum
815 3733 881 3782 nos
900 3733 984 3782 cura
1010 3709 1191 3798 sollicitat,
1218 3711 1314 3785 eirca
1330 3713 1389 3786 illa
1411 3715 1600 3810 potissime
1629 3715 1714 3812 uigil
1801 3755 1802 3769 ,

382 3831 548 3926 dirigitur
579 3836 702 3904 nostre
731 3833 863 3905 mentis
891 3834 1069 3922 allectus,
1086 3859 1150 3931 per
1177 3860 1245 3930 quo
1275 3841 1314 3910 ut
1341 3838 1472 3911 Christi
1501 3838 1630 3912 fideles
1653 3840 1713 3934 qui

381 3955 565 4052 precipue,
588 3954 659 4028 lroe
679 3979 782 4029 sacro
797 3957 923 4054 jubilei
942 3981 1035 4031 anno
1059 3959 1229 4049 instante,
1253 3986 1296 4032 or
1315 3961 1467 4034 diversis
1485 3963 1612 4036 mundi
1635 3987 1715 4060 par·

382 4076 476 4150 tibus
504 4079 549 4150 ad
577 4078 708 4151 almam
738 4080 870 4154 Urbem
894 4106 1154 4178 romanamque
1184 4085 1320 4158 curiam
1349 4109 1415 4181 pro
1444 4087 1713 4182 conspiciendis

382 4199 613 4296 indulgentiis
641 4227 663 4275 a
693 4205 854 4277 romanis
888 4206 1119 4304 pontificibus
1153 4209 1471 4304 predecessoribus
1506 4209 1642 4282 nostris
1677 4216 1713 4282 et
1799 4261 1800 4275 ,

381 4325 484 4398 nobis
512 4350 577 4422 pro
605 4331 863 4426 expurgatione
895 4337 1129 4428 peccatorum
1161 4334 1344 4406 concessis
1371 4357 1443 4407 non
1476 4335 1553 4406 sine
1583 4359 1713 4432 parum

381 4447 586 4521 discrimine
611 4455 647 4524 et
670 4477 906 4548 personarum
934 4479 1080 4530 suarum
1108 4457 1276 4554 periculis
1294 4459 1330 4530 in
1349 4481 1503 4530 numero
1521 4457 1712 4530 contluunt

381 4571 541 4668 copioso,
568 4581 707 4648 secreto
732 4582 767 4649 et
792 4579 912 4673 quiete
931 4580 1065 4675 absque
1089 4583 1209 4678 eliqua
1229 4583 1444 4678 predonum,
1469 4582 1654 4656 latronum
1679 4587 1712 4654 et

381 4720 630 4792 perversorum
667 4723 709 4772 ae
749 4701 1025 4798 nephandorum
1062 4705 1252 4779 hominum
1295 4706 1355 4802 qui
1396 4706 1522 4780 hostes
1567 4707 1714 4804 generis

380 4817 528 4894 humani
559 4824 794 4919 suggestione
824 4828 976 4916 seducti,
1006 4831 1218 4926 peregrinos
1253 4835 1289 4902 et
1317 4832 1406 4905 alios
1439 4831 1652 4928 Romipetas
1678 4833 1714 4904 in

380 4944 443 5018 riis
470 4946 624 5043 publicis
648 4953 683 5020 et
714 4949 792 5022 aliis
818 4950 907 5024 locis
934 4953 1101 5048 spoliare,
1127 4954 1293 5028 invadere
1321 4961 1356 5028 et
1380 4957 1488 5029 etiam
1515 4957 1718 5030 crudeliter

416 5131 443 5184 1.
464 5131 542 5188 Certe
556 5131 629 5190 bulte
644 5133 717 5192 n’est
731 5135 836 5192 donnes
851 5154 904 5210 que
919 5155 968 5210 par
986 5139 1011 5195 le
1026 5157 1093 5196 mss.
1110 5141 1144 5196 de
1158 5141 1287 5200 Florenee
1303 5145 1364 5212 150,
1382 5145 1400 5201 t.
1419 5147 1479 5214 177,
1498 5151 1525 5202 et
1543 5145 1568 5201 le
1585 5148 1656 5203 t5t6
1669 5149 1713 5216 (n.
1795 5205 1796 5230 ,

380 5215 496 5290 ronan).
