<?xml version="1.0" encoding="UTF-8"?>
<!DOCTYPE html PUBLIC "-//W3C//DTD XHTML 1.0 Transitional//EN"
    "http://www.w3.org/TR/xhtml1/DTD/xhtml1-transitional.dtd">
<html xmlns="http://www.w3.org/1999/xhtml" xml:lang="en" lang="en">
 <head>
  <title>
</title>
<meta http-equiv="Content-Type" content="text/html;charset=utf-8" />
  <meta name='ocr-system' content='tesseract 3.04.00' />
  <meta name='ocr-capabilities' content='ocr_page ocr_carea ocr_par ocr_line ocrx_word'/>
</head>
<body>
  <div class='ocr_page' id='page_1' title='image "./johannisburchar03burcgoog/johannisburchar03burcgoog_0397.png"; bbox 0 0 3520 6036; ppageno 0'>
   <div class='ocr_carea' id='block_1_1' title="bbox 57 575 1368 646">
    <p class='ocr_par' dir='ltr' id='par_1_1' title="bbox 57 575 1368 646">
     <span class='ocr_line' id='line_1_1' title="bbox 57 575 1368 646; baseline -0.002 -14"><span class='ocrx_word' id='word_1_1' title='bbox 57 581 194 646; x_wconf 81' lang='lat' dir='ltr'>[Dtcambro</span> <span class='ocrx_word' id='word_1_2' title='bbox 210 579 280 639; x_wconf 75' lang='lat'><strong>150³]</strong></span> <span class='ocrx_word' id='word_1_3' title='bbox 378 575 503 633; x_wconf 80' lang='lat' dir='ltr'>RERUM</span> <span class='ocrx_word' id='word_1_4' title='bbox 530 575 754 631; x_wconf 78' lang='lat' dir='ltr'>URBANARUM</span> <span class='ocrx_word' id='word_1_5' title='bbox 779 575 1041 634; x_wconf 72' lang='lat' dir='ltr'>consimilatur.</span> <span class='ocrx_word' id='word_1_6' title='bbox 1314 575 1368 633; x_wconf 84' lang='lat'>319</span> 
     </span>
    </p>
   </div>
   <div class='ocr_carea' id='block_1_2' title="bbox 27 731 1423 5339">
    <p class='ocr_par' dir='ltr' id='par_1_2' title="bbox 57 731 1423 2076">
     <span class='ocr_line' id='line_1_2' title="bbox 57 731 1423 828; baseline -0.005 -17"><span class='ocrx_word' id='word_1_7' title='bbox 57 737 182 811; x_wconf 80' lang='lat' dir='ltr'>lesisse.</span> <span class='ocrx_word' id='word_1_8' title='bbox 208 736 435 806; x_wconf 88' lang='lat' dir='ltr'>lntrovorunt</span> <span class='ocrx_word' id='word_1_9' title='bbox 447 738 638 822; x_wconf 87' lang='lat' dir='ltr'>oratores,</span> <span class='ocrx_word' id='word_1_10' title='bbox 659 754 760 804; x_wconf 92' lang='lat' dir='ltr'>more</span> <span class='ocrx_word' id='word_1_11' title='bbox 779 732 908 804; x_wconf 92' lang='lat' dir='ltr'>solito:</span> <span class='ocrx_word' id='word_1_12' title='bbox 935 733 1076 828; x_wconf 90' lang='lat' dir='ltr'>primus</span> <span class='ocrx_word' id='word_1_13' title='bbox 1102 731 1364 821; x_wconf 88' lang='lat' dir='ltr'>Ferdinandus,</span> <span class='ocrx_word' id='word_1_14' title='bbox 1420 817 1423 824; x_wconf 11' lang='lat' dir='ltr'>A</span> 
     </span>
     <span class='ocr_line' id='line_1_3' title="bbox 57 856 1368 954; baseline -0.005 -20"><span class='ocrx_word' id='word_1_15' title='bbox 57 862 138 934; x_wconf 84' lang='lat' dir='ltr'>filius</span> <span class='ocrx_word' id='word_1_16' title='bbox 154 858 251 932; x_wconf 86' lang='lat' dir='ltr'>ducis</span> <span class='ocrx_word' id='word_1_17' title='bbox 269 856 472 954; x_wconf 80' lang='lat' dir='ltr'>[Ferrarie],</span> <span class='ocrx_word' id='word_1_18' title='bbox 487 857 808 954; x_wconf 88' lang='lat' dir='ltr'>prothonotarius;</span> <span class='ocrx_word' id='word_1_19' title='bbox 829 858 1010 930; x_wconf 86' lang='lat' dir='ltr'>secundus</span> <span class='ocrx_word' id='word_1_20' title='bbox 1026 861 1069 930; x_wconf 87' lang='lat' dir='ltr'>l).</span> <span class='ocrx_word' id='word_1_21' title='bbox 1090 860 1219 946; x_wconf 89' lang='lat' dir='ltr'>Lucas,</span> <span class='ocrx_word' id='word_1_22' title='bbox 1238 856 1368 930; x_wconf 85' lang='lat' dir='ltr'>tertius</span> 
     </span>
     <span class='ocr_line' id='line_1_4' title="bbox 57 981 1364 1079; baseline -0.005 -20"><span class='ocrx_word' id='word_1_23' title='bbox 57 987 158 1073; x_wconf 86' lang='lat' dir='ltr'>miles,</span> <span class='ocrx_word' id='word_1_24' title='bbox 191 988 225 1056; x_wconf 91' lang='lat' dir='ltr'>et</span> <span class='ocrx_word' id='word_1_25' title='bbox 251 987 526 1078; x_wconf 71' lang='lat' dir='ltr'>presentantes,</span> <span class='ocrx_word' id='word_1_26' title='bbox 556 987 638 1079; x_wconf 92' lang='lat' dir='ltr'>post</span> <span class='ocrx_word' id='word_1_27' title='bbox 663 982 825 1056; x_wconf 91' lang='lat' dir='ltr'>omnium</span> <span class='ocrx_word' id='word_1_28' title='bbox 857 981 1189 1070; x_wconf 76' lang='lat' dir='ltr'>deosculationem,</span> <span class='ocrx_word' id='word_1_29' title='bbox 1212 981 1364 1072; x_wconf 84' lang='lat' dir='ltr'>littores,</span> 
     </span>
     <span class='ocr_line' id='line_1_5' title="bbox 59 1105 1365 1196; baseline -0.008 -10"><span class='ocrx_word' id='word_1_30' title='bbox 59 1115 93 1186; x_wconf 84' lang='lat' dir='ltr'>ll.</span> <span class='ocrx_word' id='word_1_31' title='bbox 126 1107 372 1183; x_wconf 81' lang='lat' dir='ltr'>Fordinandus</span> <span class='ocrx_word' id='word_1_32' title='bbox 405 1106 505 1180; x_wconf 89' lang='lat' dir='ltr'>dedit</span> <span class='ocrx_word' id='word_1_33' title='bbox 543 1130 604 1180; x_wconf 89' lang='lat' dir='ltr'>eas</span> <span class='ocrx_word' id='word_1_34' title='bbox 641 1107 738 1180; x_wconf 90' lang='lat' dir='ltr'>dicto</span> <span class='ocrx_word' id='word_1_35' title='bbox 771 1107 887 1180; x_wconf 91' lang='lat' dir='ltr'>electo</span> <span class='ocrx_word' id='word_1_36' title='bbox 921 1107 1110 1196; x_wconf 89' lang='lat' dir='ltr'>Lodiensi,</span> <span class='ocrx_word' id='word_1_37' title='bbox 1151 1105 1365 1182; x_wconf 88' lang='lat' dir='ltr'>secretario.</span> 
     </span>
     <span class='ocr_line' id='line_1_6' title="bbox 57 1231 1369 1308; baseline -0.005 0"><span class='ocrx_word' id='word_1_38' title='bbox 57 1239 204 1308; x_wconf 80' lang='lat' dir='ltr'>Oratores</span> <span class='ocrx_word' id='word_1_39' title='bbox 244 1241 423 1307; x_wconf 90' lang='lat' dir='ltr'>venerunt</span> <span class='ocrx_word' id='word_1_40' title='bbox 461 1232 507 1306; x_wconf 92' lang='lat' dir='ltr'>ad</span> <span class='ocrx_word' id='word_1_41' title='bbox 537 1232 672 1306; x_wconf 91' lang='lat' dir='ltr'>locum</span> <span class='ocrx_word' id='word_1_42' title='bbox 695 1256 801 1306; x_wconf 89' lang='lat' dir='ltr'>suum</span> <span class='ocrx_word' id='word_1_43' title='bbox 838 1258 845 1306; x_wconf 94' lang='lat'><strong>:</strong></span> <span class='ocrx_word' id='word_1_44' title='bbox 896 1232 1044 1306; x_wconf 90' lang='lat' dir='ltr'>ultimus</span> <span class='ocrx_word' id='word_1_45' title='bbox 1079 1231 1146 1306; x_wconf 83' lang='lat' dir='ltr'>suit</span> <span class='ocrx_word' id='word_1_46' title='bbox 1184 1232 1369 1306; x_wconf 85' lang='lat' dir='ltr'>lohannes</span> 
     </span>
     <span class='ocr_line' id='line_1_7' title="bbox 58 1355 1370 1455; baseline -0.003 -24"><span class='ocrx_word' id='word_1_47' title='bbox 58 1363 154 1432; x_wconf 86' lang='lat' dir='ltr'>Lucas</span> <span class='ocrx_word' id='word_1_48' title='bbox 187 1363 372 1431; x_wconf 89' lang='lat' dir='ltr'>oraturus.</span> <span class='ocrx_word' id='word_1_49' title='bbox 403 1355 604 1432; x_wconf 77' lang='lat' dir='ltr'>Advocatus</span> <span class='ocrx_word' id='word_1_50' title='bbox 632 1357 784 1455; x_wconf 77' lang='lat' dir='ltr'>perfecit</span> <span class='ocrx_word' id='word_1_51' title='bbox 813 1357 1121 1446; x_wconf 81' lang='lat' dir='ltr'>commissionem,</span> <span class='ocrx_word' id='word_1_52' title='bbox 1155 1361 1192 1432; x_wconf 91' lang='lat' dir='ltr'>et</span> <span class='ocrx_word' id='word_1_53' title='bbox 1225 1357 1269 1430; x_wconf 88' lang='lat' dir='ltr'>ad</span> <span class='ocrx_word' id='word_1_54' title='bbox 1308 1380 1370 1429; x_wconf 87' lang='lat' dir='ltr'>eos</span> 
     </span>
     <span class='ocr_line' id='line_1_8' title="bbox 59 1480 1369 1578; baseline -0.003 -23"><span class='ocrx_word' id='word_1_55' title='bbox 59 1485 139 1578; x_wconf 87' lang='lat' dir='ltr'>Papa</span> <span class='ocrx_word' id='word_1_56' title='bbox 151 1481 342 1578; x_wconf 87' lang='lat' dir='ltr'>respondit</span> <span class='ocrx_word' id='word_1_57' title='bbox 357 1481 629 1556; x_wconf 90' lang='lat' dir='ltr'>convenienter.</span> <span class='ocrx_word' id='word_1_58' title='bbox 649 1480 765 1555; x_wconf 87' lang='lat' dir='ltr'>Finito</span> <span class='ocrx_word' id='word_1_59' title='bbox 776 1481 1005 1572; x_wconf 90' lang='lat' dir='ltr'>consistorio,</span> <span class='ocrx_word' id='word_1_60' title='bbox 1022 1481 1158 1555; x_wconf 77' lang='lat' dir='ltr'>familia</span> <span class='ocrx_word' id='word_1_61' title='bbox 1178 1485 1369 1555; x_wconf 88' lang='lat' dir='ltr'>oratorum</span> 
     </span>
     <span class='ocr_line' id='line_1_9' title="bbox 59 1605 1372 1704; baseline -0.001 -26"><span class='ocrx_word' id='word_1_62' title='bbox 59 1611 190 1702; x_wconf 87' lang='lat' dir='ltr'>sequuta</span> <span class='ocrx_word' id='word_1_63' title='bbox 221 1611 277 1680; x_wconf 90' lang='lat' dir='ltr'>est</span> <span class='ocrx_word' id='word_1_64' title='bbox 299 1630 363 1681; x_wconf 92' lang='lat' dir='ltr'>eos</span> <span class='ocrx_word' id='word_1_65' title='bbox 391 1607 436 1680; x_wconf 90' lang='lat' dir='ltr'>ad</span> <span class='ocrx_word' id='word_1_66' title='bbox 466 1606 630 1681; x_wconf 90' lang='lat' dir='ltr'>osculum</span> <span class='ocrx_word' id='word_1_67' title='bbox 660 1605 785 1702; x_wconf 77' lang='lat' dir='ltr'>pedis,</span> <span class='ocrx_word' id='word_1_68' title='bbox 823 1606 953 1680; x_wconf 86' lang='lat' dir='ltr'>deinde</span> <span class='ocrx_word' id='word_1_69' title='bbox 975 1611 1073 1704; x_wconf 85' lang='lat' dir='ltr'>Papa</span> <span class='ocrx_word' id='word_1_70' title='bbox 1100 1605 1211 1679; x_wconf 91' lang='lat' dir='ltr'>rediit</span> <span class='ocrx_word' id='word_1_71' title='bbox 1240 1605 1286 1678; x_wconf 91' lang='lat' dir='ltr'>ad</span> <span class='ocrx_word' id='word_1_72' title='bbox 1310 1628 1372 1677; x_wconf 88' lang='lat' dir='ltr'>ca-</span> 
     </span>
     <span class='ocr_line' id='line_1_10' title="bbox 60 1729 1370 1829; baseline -0.001 -27"><span class='ocrx_word' id='word_1_73' title='bbox 60 1755 189 1804; x_wconf 86' lang='lat' dir='ltr'>meram.</span> <span class='ocrx_word' id='word_1_74' title='bbox 206 1735 248 1805; x_wconf 87' lang='lat' dir='ltr'>D.</span> <span class='ocrx_word' id='word_1_75' title='bbox 264 1731 514 1806; x_wconf 86' lang='lat' dir='ltr'>Ferdinandus</span> <span class='ocrx_word' id='word_1_76' title='bbox 528 1729 685 1829; x_wconf 90' lang='lat' dir='ltr'>portavit</span> <span class='ocrx_word' id='word_1_77' title='bbox 700 1730 879 1804; x_wconf 87' lang='lat' dir='ltr'>fimbriam</span> <span class='ocrx_word' id='word_1_78' title='bbox 899 1735 996 1828; x_wconf 87' lang='lat' dir='ltr'>Pape</span> <span class='ocrx_word' id='word_1_79' title='bbox 1019 1737 1052 1804; x_wconf 91' lang='lat' dir='ltr'>et</span> <span class='ocrx_word' id='word_1_80' title='bbox 1077 1733 1172 1805; x_wconf 90' lang='lat' dir='ltr'>intra</span> <span class='ocrx_word' id='word_1_81' title='bbox 1187 1753 1370 1803; x_wconf 88' lang='lat' dir='ltr'>cameram</span> 
     </span>
     <span class='ocr_line' id='line_1_11' title="bbox 60 1855 1371 1954; baseline -0.002 -27"><span class='ocrx_word' id='word_1_82' title='bbox 60 1855 142 1950; x_wconf 90' lang='lat' dir='ltr'>petiit</span> <span class='ocrx_word' id='word_1_83' title='bbox 157 1856 380 1930; x_wconf 87' lang='lat' dir='ltr'>audientiam</span> <span class='ocrx_word' id='word_1_84' title='bbox 399 1881 463 1954; x_wconf 94' lang='lat' dir='ltr'>pro</span> <span class='ocrx_word' id='word_1_85' title='bbox 484 1855 652 1931; x_wconf 90' lang='lat' dir='ltr'>omnibus</span> <span class='ocrx_word' id='word_1_86' title='bbox 675 1860 710 1928; x_wconf 93' lang='lat' dir='ltr'>et</span> <span class='ocrx_word' id='word_1_87' title='bbox 732 1859 829 1953; x_wconf 87' lang='lat' dir='ltr'>Papa</span> <span class='ocrx_word' id='word_1_88' title='bbox 847 1857 1042 1953; x_wconf 84' lang='lat' dir='ltr'>assignavit</span> <span class='ocrx_word' id='word_1_89' title='bbox 1061 1857 1114 1929; x_wconf 92' lang='lat' dir='ltr'>eis</span> <span class='ocrx_word' id='word_1_90' title='bbox 1135 1855 1265 1930; x_wconf 89' lang='lat' dir='ltr'>horam</span> <span class='ocrx_word' id='word_1_91' title='bbox 1288 1879 1371 1928; x_wconf 89' lang='lat' dir='ltr'>cras</span> 
     </span>
     <span class='ocr_line' id='line_1_12' title="bbox 60 1981 347 2076; baseline 0.007 -24"><span class='ocrx_word' id='word_1_92' title='bbox 60 1985 125 2074; x_wconf 91' lang='lat' dir='ltr'>post</span> <span class='ocrx_word' id='word_1_93' title='bbox 142 1981 347 2076; x_wconf 90' lang='lat' dir='ltr'>prandium.</span> 
     </span>
    </p>

    <p class='ocr_par' dir='ltr' id='par_1_3' title="bbox 61 2105 1376 3558">
     <span class='ocr_line' id='line_1_13' title="bbox 98 2105 1371 2206; baseline 0.003 -30"><span class='ocrx_word' id='word_1_94' title='bbox 98 2105 168 2178; x_wconf 89' lang='lat' dir='ltr'>Fuit</span> <span class='ocrx_word' id='word_1_95' title='bbox 185 2105 278 2178; x_wconf 90' lang='lat' dir='ltr'>inter</span> <span class='ocrx_word' id='word_1_96' title='bbox 301 2110 465 2180; x_wconf 88' lang='lat' dir='ltr'>oratores</span> <span class='ocrx_word' id='word_1_97' title='bbox 488 2130 662 2206; x_wconf 91' lang='lat' dir='ltr'>magnum</span> <span class='ocrx_word' id='word_1_98' title='bbox 682 2107 833 2181; x_wconf 92' lang='lat' dir='ltr'>dubium</span> <span class='ocrx_word' id='word_1_99' title='bbox 857 2131 942 2180; x_wconf 87' lang='lat' dir='ltr'>cum</span> <span class='ocrx_word' id='word_1_100' title='bbox 963 2107 1263 2205; x_wconf 87' lang='lat' dir='ltr'>prothonotarius</span> <span class='ocrx_word' id='word_1_101' title='bbox 1284 2111 1371 2180; x_wconf 85' lang='lat' dir='ltr'>Cos-</span> 
     </span>
     <span class='ocr_line' id='line_1_14' title="bbox 61 2227 1372 2329; baseline 0.002 -29"><span class='ocrx_word' id='word_1_102' title='bbox 61 2227 171 2320; x_wconf 87' lang='lat' dir='ltr'>tabilis,</span> <span class='ocrx_word' id='word_1_103' title='bbox 186 2229 222 2302; x_wconf 95' lang='lat' dir='ltr'>in</span> <span class='ocrx_word' id='word_1_104' title='bbox 239 2231 339 2303; x_wconf 91' lang='lat' dir='ltr'>Urbe</span> <span class='ocrx_word' id='word_1_105' title='bbox 359 2239 444 2304; x_wconf 89' lang='lat' dir='ltr'>tunc</span> <span class='ocrx_word' id='word_1_106' title='bbox 462 2231 633 2324; x_wconf 77' lang='lat' dir='ltr'>existam,</span> <span class='ocrx_word' id='word_1_107' title='bbox 650 2232 854 2306; x_wconf 78' lang='lat' dir='ltr'>etiamnum</span> <span class='ocrx_word' id='word_1_108' title='bbox 871 2233 916 2304; x_wconf 86' lang='lat' dir='ltr'>sit</span> <span class='ocrx_word' id='word_1_109' title='bbox 934 2233 1126 2329; x_wconf 90' lang='lat' dir='ltr'>deputatus</span> <span class='ocrx_word' id='word_1_110' title='bbox 1140 2233 1185 2304; x_wconf 86' lang='lat' dir='ltr'>ad</span> <span class='ocrx_word' id='word_1_111' title='bbox 1201 2231 1372 2305; x_wconf 90' lang='lat' dir='ltr'>obedien-</span> 
     </span>
     <span class='ocr_line' id='line_1_15' title="bbox 63 2351 1371 2452; baseline 0.003 -30"><span class='ocrx_word' id='word_1_112' title='bbox 63 2351 132 2424; x_wconf 86' lang='lat' dir='ltr'>tiam</span> <span class='ocrx_word' id='word_1_113' title='bbox 149 2355 396 2449; x_wconf 80' lang='lat' dir='ltr'>prestandam,</span> <span class='ocrx_word' id='word_1_114' title='bbox 415 2355 444 2428; x_wconf 90' lang='lat' dir='ltr'>si</span> <span class='ocrx_word' id='word_1_115' title='bbox 457 2355 606 2430; x_wconf 90' lang='lat' dir='ltr'>deberet</span> <span class='ocrx_word' id='word_1_116' title='bbox 617 2381 697 2430; x_wconf 89' lang='lat' dir='ltr'>esse</span> <span class='ocrx_word' id='word_1_117' title='bbox 712 2358 872 2445; x_wconf 74' lang='lat' dir='ltr'>ultimuS,</span> <span class='ocrx_word' id='word_1_118' title='bbox 887 2360 1025 2430; x_wconf 89' lang='lat' dir='ltr'>attento</span> <span class='ocrx_word' id='word_1_119' title='bbox 1042 2354 1139 2452; x_wconf 93' lang='lat' dir='ltr'>quod</span> <span class='ocrx_word' id='word_1_120' title='bbox 1152 2356 1233 2428; x_wconf 93' lang='lat' dir='ltr'>novi</span> <span class='ocrx_word' id='word_1_121' title='bbox 1249 2359 1371 2428; x_wconf 84' lang='lat' dir='ltr'>essent</span> 
     </span>
     <span class='ocr_line' id='line_1_16' title="bbox 64 2479 1370 2579; baseline 0.002 -31"><span class='ocrx_word' id='word_1_122' title='bbox 64 2501 113 2572; x_wconf 87' lang='lat' dir='ltr'>per</span> <span class='ocrx_word' id='word_1_123' title='bbox 127 2501 202 2552; x_wconf 92' lang='lat' dir='ltr'>eum</span> <span class='ocrx_word' id='word_1_124' title='bbox 217 2479 424 2554; x_wconf 90' lang='lat' dir='ltr'>honorandi</span> <span class='ocrx_word' id='word_1_125' title='bbox 438 2505 446 2568; x_wconf 90' lang='lat'>;</span> <span class='ocrx_word' id='word_1_126' title='bbox 462 2486 499 2555; x_wconf 92' lang='lat' dir='ltr'>et</span> <span class='ocrx_word' id='word_1_127' title='bbox 512 2487 678 2556; x_wconf 86' lang='lat' dir='ltr'>oratores</span> <span class='ocrx_word' id='word_1_128' title='bbox 694 2482 867 2579; x_wconf 83' lang='lat' dir='ltr'>Hispania</span> <span class='ocrx_word' id='word_1_129' title='bbox 882 2487 917 2555; x_wconf 90' lang='lat' dir='ltr'>et</span> <span class='ocrx_word' id='word_1_130' title='bbox 931 2481 1154 2578; x_wconf 78' lang='lat' dir='ltr'>Portugallie</span> <span class='ocrx_word' id='word_1_131' title='bbox 1168 2487 1204 2555; x_wconf 85' lang='lat' dir='ltr'>et</span> <span class='ocrx_word' id='word_1_132' title='bbox 1217 2479 1370 2553; x_wconf 78' lang='lat' dir='ltr'>Francis</span> 
     </span>
     <span class='ocr_line' id='line_1_17' title="bbox 65 2603 1372 2705; baseline 0.004 -33"><span class='ocrx_word' id='word_1_133' title='bbox 65 2623 170 2698; x_wconf 89' lang='lat' dir='ltr'>regum</span> <span class='ocrx_word' id='word_1_134' title='bbox 192 2603 262 2677; x_wconf 88' lang='lat' dir='ltr'>boc</span> <span class='ocrx_word' id='word_1_135' title='bbox 286 2605 534 2680; x_wconf 86' lang='lat' dir='ltr'>asseruissent</span> <span class='ocrx_word' id='word_1_136' title='bbox 555 2609 652 2704; x_wconf 87' lang='lat' dir='ltr'>quod</span> <span class='ocrx_word' id='word_1_137' title='bbox 676 2607 760 2682; x_wconf 85' lang='lat' dir='ltr'>laici</span> <span class='ocrx_word' id='word_1_138' title='bbox 787 2607 1049 2705; x_wconf 84' lang='lat' dir='ltr'>precessissent</span> <span class='ocrx_word' id='word_1_139' title='bbox 1073 2629 1146 2680; x_wconf 93' lang='lat' dir='ltr'>non</span> <span class='ocrx_word' id='word_1_140' title='bbox 1169 2605 1372 2702; x_wconf 91' lang='lat' dir='ltr'>prothono-</span> 
     </span>
     <span class='ocr_line' id='line_1_18' title="bbox 66 2725 1372 2830; baseline 0.005 -35"><span class='ocrx_word' id='word_1_141' title='bbox 66 2725 154 2800; x_wconf 87' lang='lat' dir='ltr'>tarios</span> <span class='ocrx_word' id='word_1_142' title='bbox 170 2731 326 2820; x_wconf 87' lang='lat' dir='ltr'>tantum,</span> <span class='ocrx_word' id='word_1_143' title='bbox 347 2731 411 2805; x_wconf 89' lang='lat' dir='ltr'>sed</span> <span class='ocrx_word' id='word_1_144' title='bbox 430 2731 635 2829; x_wconf 83' lang='lat' dir='ltr'>episcopos.</span> <span class='ocrx_word' id='word_1_145' title='bbox 653 2733 835 2830; x_wconf 88' lang='lat' dir='ltr'>Respondi</span> <span class='ocrx_word' id='word_1_146' title='bbox 854 2732 933 2805; x_wconf 90' lang='lat' dir='ltr'>illos</span> <span class='ocrx_word' id='word_1_147' title='bbox 947 2731 1041 2804; x_wconf 86' lang='lat' dir='ltr'>male</span> <span class='ocrx_word' id='word_1_148' title='bbox 1059 2729 1209 2818; x_wconf 83' lang='lat' dir='ltr'>lecisse3</span> <span class='ocrx_word' id='word_1_149' title='bbox 1231 2729 1372 2803; x_wconf 91' lang='lat' dir='ltr'>sedhic</span> 
     </span>
     <span class='ocr_line' id='line_1_19' title="bbox 66 2852 1372 2952; baseline 0.005 -31"><span class='ocrx_word' id='word_1_150' title='bbox 66 2852 248 2927; x_wconf 83' lang='lat' dir='ltr'>essentium</span> <span class='ocrx_word' id='word_1_151' title='bbox 264 2879 374 2928; x_wconf 91' lang='lat' dir='ltr'>usum</span> <span class='ocrx_word' id='word_1_152' title='bbox 389 2857 474 2952; x_wconf 87' lang='lat' dir='ltr'>quia</span> <span class='ocrx_word' id='word_1_153' title='bbox 488 2861 532 2930; x_wconf 90' lang='lat' dir='ltr'>D.</span> <span class='ocrx_word' id='word_1_154' title='bbox 550 2861 567 2930; x_wconf 85' lang='lat' dir='ltr'>J</span> <span class='ocrx_word' id='word_1_155' title='bbox 572 2857 735 2931; x_wconf 88' lang='lat' dir='ltr'>ohannes</span> <span class='ocrx_word' id='word_1_156' title='bbox 751 2861 880 2947; x_wconf 90' lang='lat' dir='ltr'>Lucas,</span> <span class='ocrx_word' id='word_1_157' title='bbox 897 2856 1166 2930; x_wconf 84' lang='lat' dir='ltr'>ecclesiasticus</span> <span class='ocrx_word' id='word_1_158' title='bbox 1181 2856 1372 2952; x_wconf 87' lang='lat' dir='ltr'>coadjutor</span> 
     </span>
     <span class='ocr_line' id='line_1_20' title="bbox 67 2976 1373 3080; baseline 0.005 -35"><span class='ocrx_word' id='word_1_159' title='bbox 67 2976 239 3072; x_wconf 84' lang='lat' dir='ltr'>Regiensis,</span> <span class='ocrx_word' id='word_1_160' title='bbox 259 3003 337 3053; x_wconf 93' lang='lat' dir='ltr'>non</span> <span class='ocrx_word' id='word_1_161' title='bbox 351 2980 490 3055; x_wconf 87' lang='lat' dir='ltr'>habens</span> <span class='ocrx_word' id='word_1_162' title='bbox 507 2981 672 3057; x_wconf 88' lang='lat' dir='ltr'>habitum</span> <span class='ocrx_word' id='word_1_163' title='bbox 690 2982 830 3080; x_wconf 86' lang='lat' dir='ltr'>prelati,</span> <span class='ocrx_word' id='word_1_164' title='bbox 860 2982 1079 3078; x_wconf 85' lang='lat' dir='ltr'>precederet</span> <span class='ocrx_word' id='word_1_165' title='bbox 1098 2985 1171 3054; x_wconf 89' lang='lat' dir='ltr'>tres</span> <span class='ocrx_word' id='word_1_166' title='bbox 1190 2979 1373 3054; x_wconf 85' lang='lat' dir='ltr'>seculares</span> 
     </span>
     <span class='ocr_line' id='line_1_21' title="bbox 68 3104 1372 3206; baseline 0.005 -36"><span class='ocrx_word' id='word_1_167' title='bbox 68 3107 205 3178; x_wconf 87' lang='lat' dir='ltr'>oratores</span> <span class='ocrx_word' id='word_1_168' title='bbox 232 3105 431 3202; x_wconf 89' lang='lat' dir='ltr'>predictos,</span> <span class='ocrx_word' id='word_1_169' title='bbox 462 3111 498 3181; x_wconf 88' lang='lat' dir='ltr'>et</span> <span class='ocrx_word' id='word_1_170' title='bbox 525 3131 599 3182; x_wconf 91' lang='lat' dir='ltr'>non</span> <span class='ocrx_word' id='word_1_171' title='bbox 632 3111 757 3206; x_wconf 90' lang='lat' dir='ltr'>posset</span> <span class='ocrx_word' id='word_1_172' title='bbox 789 3107 917 3205; x_wconf 89' lang='lat' dir='ltr'>negari</span> <span class='ocrx_word' id='word_1_173' title='bbox 951 3107 1038 3204; x_wconf 90' lang='lat' dir='ltr'>quin</span> <span class='ocrx_word' id='word_1_174' title='bbox 1072 3104 1372 3204; x_wconf 90' lang='lat' dir='ltr'>prothonotarius</span> 
     </span>
     <span class='ocr_line' id='line_1_22' title="bbox 68 3222 1376 3330; baseline 0.006 -36"><span class='ocrx_word' id='word_1_175' title='bbox 68 3222 192 3302; x_wconf 86' lang='lat' dir='ltr'>deberat</span> <span class='ocrx_word' id='word_1_176' title='bbox 206 3253 269 3303; x_wconf 91' lang='lat' dir='ltr'>eos</span> <span class='ocrx_word' id='word_1_177' title='bbox 286 3231 505 3327; x_wconf 87' lang='lat' dir='ltr'>precedere;</span> <span class='ocrx_word' id='word_1_178' title='bbox 527 3237 563 3306; x_wconf 90' lang='lat' dir='ltr'>et</span> <span class='ocrx_word' id='word_1_179' title='bbox 576 3233 673 3329; x_wconf 89' lang='lat' dir='ltr'>quod</span> <span class='ocrx_word' id='word_1_180' title='bbox 691 3233 767 3330; x_wconf 90' lang='lat' dir='ltr'>ipse</span> <span class='ocrx_word' id='word_1_181' title='bbox 786 3231 1084 3330; x_wconf 88' lang='lat' dir='ltr'>prothonotarius</span> <span class='ocrx_word' id='word_1_182' title='bbox 1102 3233 1319 3328; x_wconf 90' lang='lat' dir='ltr'>sequeretur</span> <span class='ocrx_word' id='word_1_183' title='bbox 1339 3233 1376 3304; x_wconf 88' lang='lat' dir='ltr'>et</span> 
     </span>
     <span class='ocr_line' id='line_1_23' title="bbox 69 3345 1375 3455; baseline 0.008 -37"><span class='ocrx_word' id='word_1_184' title='bbox 69 3345 157 3423; x_wconf 90' lang='lat' dir='ltr'>laicos</span> <span class='ocrx_word' id='word_1_185' title='bbox 185 3377 311 3430; x_wconf 87' lang='lat' dir='ltr'>coram</span> <span class='ocrx_word' id='word_1_186' title='bbox 343 3357 546 3454; x_wconf 89' lang='lat' dir='ltr'>precedere</span> <span class='ocrx_word' id='word_1_187' title='bbox 573 3358 891 3455; x_wconf 85' lang='lat' dir='ltr'>prothonotarium</span> <span class='ocrx_word' id='word_1_188' title='bbox 916 3356 1006 3430; x_wconf 95' lang='lat' dir='ltr'>mihi</span> <span class='ocrx_word' id='word_1_189' title='bbox 1028 3357 1181 3430; x_wconf 93' lang='lat' dir='ltr'>multum</span> <span class='ocrx_word' id='word_1_190' title='bbox 1208 3359 1244 3429; x_wconf 91' lang='lat' dir='ltr'>et</span> <span class='ocrx_word' id='word_1_191' title='bbox 1271 3354 1375 3429; x_wconf 88' lang='lat' dir='ltr'>valdo</span> 
     </span>
     <span class='ocr_line' id='line_1_24' title="bbox 71 3471 819 3558; baseline 0.016 -16"><span class='ocrx_word' id='word_1_192' title='bbox 71 3471 299 3554; x_wconf 81' lang='lat' dir='ltr'>inconveniens</span> <span class='ocrx_word' id='word_1_193' title='bbox 320 3487 356 3554; x_wconf 87' lang='lat' dir='ltr'>et</span> <span class='ocrx_word' id='word_1_194' title='bbox 371 3480 604 3558; x_wconf 90' lang='lat' dir='ltr'>inhonestum</span> <span class='ocrx_word' id='word_1_195' title='bbox 621 3482 819 3558; x_wconf 89' lang='lat' dir='ltr'>videbatur.</span> 
     </span>
    </p>

    <p class='ocr_par' dir='ltr' id='par_1_4' title="bbox 73 3601 1382 4582">
     <span class='ocr_line' id='line_1_25' title="bbox 107 3601 1375 3705; baseline 0.004 -35"><span class='ocrx_word' id='word_1_196' title='bbox 107 3601 223 3678; x_wconf 77' lang='lat' dir='ltr'>,tudita</span> <span class='ocrx_word' id='word_1_197' title='bbox 237 3604 449 3703; x_wconf 88' lang='lat' dir='ltr'>hujusmodi</span> <span class='ocrx_word' id='word_1_198' title='bbox 467 3608 609 3682; x_wconf 91' lang='lat' dir='ltr'>ratione</span> <span class='ocrx_word' id='word_1_199' title='bbox 626 3632 710 3682; x_wconf 87' lang='lat' dir='ltr'>mea</span> <span class='ocrx_word' id='word_1_200' title='bbox 726 3631 837 3705; x_wconf 91' lang='lat' dir='ltr'>quam</span> <span class='ocrx_word' id='word_1_201' title='bbox 856 3607 928 3682; x_wconf 88' lang='lat' dir='ltr'>dixi</span> <span class='ocrx_word' id='word_1_202' title='bbox 946 3605 1125 3680; x_wconf 80' lang='lat' dir='ltr'>cardinali</span> <span class='ocrx_word' id='word_1_203' title='bbox 1146 3629 1176 3678; x_wconf 91' lang='lat' dir='ltr'>s.</span> <span class='ocrx_word' id='word_1_204' title='bbox 1200 3601 1375 3678; x_wconf 85' lang='lat' dir='ltr'>Praxedis</span> 
     </span>
     <span class='ocr_line' id='line_1_26' title="bbox 73 3723 1379 3832; baseline 0.007 -40"><span class='ocrx_word' id='word_1_205' title='bbox 73 3727 98 3794; x_wconf 86' lang='lat' dir='ltr'>ot</span> <span class='ocrx_word' id='word_1_206' title='bbox 112 3723 168 3821; x_wconf 90' lang='lat' dir='ltr'>ipsi</span> <span class='ocrx_word' id='word_1_207' title='bbox 186 3731 226 3802; x_wconf 87' lang='lat' dir='ltr'>n.</span> <span class='ocrx_word' id='word_1_208' title='bbox 247 3731 405 3806; x_wconf 76' lang='lat' dir='ltr'>iohanni</span> <span class='ocrx_word' id='word_1_209' title='bbox 424 3735 533 3823; x_wconf 89' lang='lat' dir='ltr'>Luce,</span> <span class='ocrx_word' id='word_1_210' title='bbox 554 3737 597 3808; x_wconf 89' lang='lat' dir='ltr'>N.</span> <span class='ocrx_word' id='word_1_211' title='bbox 618 3735 823 3832; x_wconf 80' lang='lat' dir='ltr'>Advogario</span> <span class='ocrx_word' id='word_1_212' title='bbox 844 3733 888 3807; x_wconf 93' lang='lat' dir='ltr'>de</span> <span class='ocrx_word' id='word_1_213' title='bbox 907 3731 1084 3823; x_wconf 79' lang='lat' dir='ltr'>Ferraria,</span> <span class='ocrx_word' id='word_1_214' title='bbox 1106 3735 1155 3804; x_wconf 88' lang='lat' dir='ltr'>D.</span> <span class='ocrx_word' id='word_1_215' title='bbox 1183 3729 1321 3804; x_wconf 84' lang='lat' dir='ltr'>Dionen</span> <span class='ocrx_word' id='word_1_216' title='bbox 1341 3732 1379 3803; x_wconf 88' lang='lat' dir='ltr'>et</span> 
     </span>
     <span class='ocr_line' id='line_1_27' title="bbox 74 3845 1378 3957; baseline 0.008 -41"><span class='ocrx_word' id='word_1_217' title='bbox 74 3845 144 3936; x_wconf 86' lang='lat' dir='ltr'>aliis,</span> <span class='ocrx_word' id='word_1_218' title='bbox 173 3852 268 3928; x_wconf 88' lang='lat' dir='ltr'>idem</span> <span class='ocrx_word' id='word_1_219' title='bbox 303 3859 348 3930; x_wconf 88' lang='lat' dir='ltr'>D.</span> <span class='ocrx_word' id='word_1_220' title='bbox 384 3857 570 3932; x_wconf 83' lang='lat' dir='ltr'>lohannes</span> <span class='ocrx_word' id='word_1_221' title='bbox 604 3857 783 3957; x_wconf 88' lang='lat' dir='ltr'>acquievit</span> <span class='ocrx_word' id='word_1_222' title='bbox 809 3859 906 3932; x_wconf 90' lang='lat' dir='ltr'>dicto</span> <span class='ocrx_word' id='word_1_223' title='bbox 940 3879 1037 3931; x_wconf 88' lang='lat' dir='ltr'>meo.</span> <span class='ocrx_word' id='word_1_224' title='bbox 1070 3855 1315 3930; x_wconf 81' lang='lat' dir='ltr'>interfuerunt</span> <span class='ocrx_word' id='word_1_225' title='bbox 1340 3853 1378 3926; x_wconf 90' lang='lat' dir='ltr'>in</span> 
     </span>
     <span class='ocr_line' id='line_1_28' title="bbox 74 3975 1377 4081; baseline 0.008 -38"><span class='ocrx_word' id='word_1_226' title='bbox 74 3975 260 4053; x_wconf 82' lang='lat' dir='ltr'>consistorio</span> <span class='ocrx_word' id='word_1_227' title='bbox 277 3982 447 4078; x_wconf 89' lang='lat' dir='ltr'>predicto</span> <span class='ocrx_word' id='word_1_228' title='bbox 465 3983 592 4081; x_wconf 90' lang='lat' dir='ltr'>viginti</span> <span class='ocrx_word' id='word_1_229' title='bbox 610 3984 769 4081; x_wconf 89' lang='lat' dir='ltr'>quinque</span> <span class='ocrx_word' id='word_1_230' title='bbox 788 3983 1006 4074; x_wconf 87' lang='lat' dir='ltr'>cardinales,</span> <span class='ocrx_word' id='word_1_231' title='bbox 1027 3979 1212 4055; x_wconf 88' lang='lat' dir='ltr'>videlicet:</span> <span class='ocrx_word' id='word_1_232' title='bbox 1235 3983 1377 4076; x_wconf 89' lang='lat' dir='ltr'>Neapo-</span> 
     </span>
     <span class='ocr_line' id='line_1_29' title="bbox 74 4091 1376 4208; baseline 0.013 -45"><span class='ocrx_word' id='word_1_233' title='bbox 74 4091 191 4190; x_wconf 88' lang='lat' dir='ltr'>litanus,</span> <span class='ocrx_word' id='word_1_234' title='bbox 211 4129 240 4179; x_wconf 90' lang='lat' dir='ltr'>s.</span> <span class='ocrx_word' id='word_1_235' title='bbox 261 4107 451 4198; x_wconf 85' lang='lat' dir='ltr'>Praxedis,</span> <span class='ocrx_word' id='word_1_236' title='bbox 477 4133 506 4180; x_wconf 91' lang='lat' dir='ltr'>s.</span> <span class='ocrx_word' id='word_1_237' title='bbox 533 4109 689 4208; x_wconf 84' lang='lat' dir='ltr'>Georgii,</span> <span class='ocrx_word' id='word_1_238' title='bbox 718 4107 999 4196; x_wconf 84' lang='lat' dir='ltr'>Alexandrinus,</span> <span class='ocrx_word' id='word_1_239' title='bbox 1022 4105 1228 4195; x_wconf 88' lang='lat' dir='ltr'>Grimanus,</span> <span class='ocrx_word' id='word_1_240' title='bbox 1256 4104 1376 4180; x_wconf 74' lang='lat' dir='ltr'>Arbo-</span> 
     </span>
     <span class='ocr_line' id='line_1_30' title="bbox 76 4223 1378 4330; baseline 0.008 -38"><span class='ocrx_word' id='word_1_241' title='bbox 76 4223 180 4316; x_wconf 85' lang='lat' dir='ltr'>rensis,</span> <span class='ocrx_word' id='word_1_242' title='bbox 207 4231 407 4329; x_wconf 88' lang='lat' dir='ltr'>Regiensis,</span> <span class='ocrx_word' id='word_1_243' title='bbox 435 4229 665 4325; x_wconf 88' lang='lat' dir='ltr'>Gusentinus,</span> <span class='ocrx_word' id='word_1_244' title='bbox 695 4235 955 4326; x_wconf 79' lang='lat' dir='ltr'>salernitanus,</span> <span class='ocrx_word' id='word_1_245' title='bbox 983 4231 1280 4330; x_wconf 72' lang='lat' dir='ltr'>caputaquensis,</span> <span class='ocrx_word' id='word_1_246' title='bbox 1311 4235 1378 4304; x_wconf 85' lang='lat' dir='ltr'>Cu·</span> 
     </span>
     <span class='ocr_line' id='line_1_31' title="bbox 76 4355 1377 4452; baseline 0.005 -30"><span class='ocrx_word' id='word_1_247' title='bbox 76 4365 191 4442; x_wconf 82' lang='lat' dir='ltr'>nanus,</span> <span class='ocrx_word' id='word_1_248' title='bbox 224 4358 476 4451; x_wconf 90' lang='lat' dir='ltr'>Bononiensis,</span> <span class='ocrx_word' id='word_1_249' title='bbox 506 4361 712 4452; x_wconf 86' lang='lat' dir='ltr'>Tranensis,</span> <span class='ocrx_word' id='word_1_250' title='bbox 747 4358 994 4450; x_wconf 85' lang='lat' dir='ltr'>Surrentinus,</span> <span class='ocrx_word' id='word_1_251' title='bbox 1028 4357 1304 4448; x_wconf 77' lang='lat' dir='ltr'>volaterranus,</span> <span class='ocrx_word' id='word_1_252' title='bbox 1333 4355 1377 4428; x_wconf 86' lang='lat' dir='ltr'>de</span> 
     </span>
     <span class='ocr_line' id='line_1_32' title="bbox 79 4467 1382 4582; baseline 0.012 -44"><span class='ocrx_word' id='word_1_253' title='bbox 79 4467 186 4566; x_wconf 89' lang='lat' dir='ltr'>llisco,</span> <span class='ocrx_word' id='word_1_254' title='bbox 202 4479 447 4577; x_wconf 86' lang='lat' dir='ltr'>Legionensis,</span> <span class='ocrx_word' id='word_1_255' title='bbox 465 4485 660 4577; x_wconf 84' lang='lat' dir='ltr'>Adrianus,</span> <span class='ocrx_word' id='word_1_256' title='bbox 680 4485 823 4582; x_wconf 88' lang='lat' dir='ltr'>Borgia,</span> <span class='ocrx_word' id='word_1_257' title='bbox 843 4483 1031 4574; x_wconf 86' lang='lat' dir='ltr'>Columna,</span> <span class='ocrx_word' id='word_1_258' title='bbox 1047 4481 1219 4574; x_wconf 84' lang='lat' dir='ltr'>Medicas,</span> <span class='ocrx_word' id='word_1_259' title='bbox 1231 4507 1260 4554; x_wconf 93' lang='lat' dir='ltr'>s.</span> <span class='ocrx_word' id='word_1_260' title='bbox 1275 4483 1382 4563; x_wconf 60' lang='lat' dir='ltr'>Sere&lt;</span> 
     </span>
    </p>

    <p class='ocr_par' dir='ltr' id='par_1_5' title="bbox 27 4590 1071 4706">
     <span class='ocr_line' id='line_1_33' title="bbox 27 4590 1071 4706; baseline 0.019 -45"><span class='ocrx_word' id='word_1_261' title='bbox 27 4611 29 4686; x_wconf 65' lang='lat'>³,</span> <span class='ocrx_word' id='word_1_262' title='bbox 80 4590 145 4686; x_wconf 87' lang='lat' dir='ltr'>rini,</span> <span class='ocrx_word' id='word_1_263' title='bbox 163 4603 362 4698; x_wconf 83' lang='lat' dir='ltr'>Cesarinus,</span> <span class='ocrx_word' id='word_1_264' title='bbox 383 4608 570 4684; x_wconf 83' lang='lat' dir='ltr'>Cornelius</span> <span class='ocrx_word' id='word_1_265' title='bbox 587 4618 622 4685; x_wconf 89' lang='lat' dir='ltr'>et</span> <span class='ocrx_word' id='word_1_266' title='bbox 638 4608 1071 4706; x_wconf 78' lang='lat' dir='ltr'>constantinopolitanus.</span> 
     </span>
    </p>

    <p class='ocr_par' dir='ltr' id='par_1_6' title="bbox 82 4721 1385 5339">
     <span class='ocr_line' id='line_1_34' title="bbox 118 4721 1381 4830; baseline 0.009 -37"><span class='ocrx_word' id='word_1_267' title='bbox 118 4721 173 4796; x_wconf 83' lang='lat' dir='ltr'>Die</span> <span class='ocrx_word' id='word_1_268' title='bbox 188 4725 369 4806; x_wconf 87' lang='lat' dir='ltr'>dominica</span> <span class='ocrx_word' id='word_1_269' title='bbox 384 4733 495 4809; x_wconf 89' lang='lat' dir='ltr'>tertia</span> <span class='ocrx_word' id='word_1_270' title='bbox 512 4736 701 4828; x_wconf 87' lang='lat' dir='ltr'>adventus,</span> <span class='ocrx_word' id='word_1_271' title='bbox 725 4741 766 4810; x_wconf 84' lang='grc'>17</span> <span class='ocrx_word' id='word_1_272' title='bbox 785 4733 1003 4826; x_wconf 90' lang='lat' dir='ltr'>decembris,</span> <span class='ocrx_word' id='word_1_273' title='bbox 1025 4731 1091 4807; x_wconf 85' lang='lat' dir='ltr'>luit</span> <span class='ocrx_word' id='word_1_274' title='bbox 1108 4731 1219 4808; x_wconf 88' lang='lat' dir='ltr'>missa</span> <span class='ocrx_word' id='word_1_275' title='bbox 1234 4729 1381 4830; x_wconf 86' lang='lat' dir='ltr'>publica</span> 
     </span>
     <span class='ocr_line' id='line_1_35' title="bbox 82 4837 1381 4959; baseline 0.002 -34"><span class='ocrx_word' id='word_1_276' title='bbox 82 4837 108 4912; x_wconf 76' lang='lat' dir='ltr'>ln</span> <span class='ocrx_word' id='word_1_277' title='bbox 124 4851 249 4945; x_wconf 77' lang='lat' dir='ltr'>capella</span> <span class='ocrx_word' id='word_1_278' title='bbox 265 4857 398 4954; x_wconf 90' lang='lat' dir='ltr'>majori</span> <span class='ocrx_word' id='word_1_279' title='bbox 413 4859 537 4956; x_wconf 90' lang='lat' dir='ltr'>palatii</span> <span class='ocrx_word' id='word_1_280' title='bbox 555 4885 664 4959; x_wconf 92' lang='lat' dir='ltr'>quam</span> <span class='ocrx_word' id='word_1_281' title='bbox 680 4860 877 4937; x_wconf 87' lang='lat' dir='ltr'>celebravit</span> <span class='ocrx_word' id='word_1_282' title='bbox 891 4865 1016 4933; x_wconf 90' lang='lat' dir='ltr'>Rmus.</span> <span class='ocrx_word' id='word_1_283' title='bbox 1035 4861 1078 4931; x_wconf 87' lang='lat' dir='ltr'>D.</span> <span class='ocrx_word' id='word_1_284' title='bbox 1100 4855 1291 4932; x_wconf 86' lang='lat' dir='ltr'>cardinalis</span> <span class='ocrx_word' id='word_1_285' title='bbox 1306 4859 1381 4932; x_wconf 90' lang='lat' dir='ltr'>Vo-</span> 
     </span>
     <span class='ocr_line' id='line_1_36' title="bbox 83 4959 1383 5081; baseline 0.013 -46"><span class='ocrx_word' id='word_1_286' title='bbox 83 4959 271 5069; x_wconf 88' lang='lat' dir='ltr'>laterranos,</span> <span class='ocrx_word' id='word_1_287' title='bbox 292 4983 389 5079; x_wconf 87' lang='lat' dir='ltr'>Papa</span> <span class='ocrx_word' id='word_1_288' title='bbox 401 4993 585 5081; x_wconf 90' lang='lat' dir='ltr'>presente,</span> <span class='ocrx_word' id='word_1_289' title='bbox 608 4986 790 5061; x_wconf 86' lang='lat' dir='ltr'>consuetis</span> <span class='ocrx_word' id='word_1_290' title='bbox 808 4983 1040 5061; x_wconf 91' lang='lat' dir='ltr'>ceremoniis.</span> <span class='ocrx_word' id='word_1_291' title='bbox 1059 4985 1276 5057; x_wconf 88' lang='lat' dir='ltr'>Sermonem</span> <span class='ocrx_word' id='word_1_292' title='bbox 1295 4979 1383 5055; x_wconf 89' lang='lat' dir='ltr'>lecit</span> 
     </span>
     <span class='ocr_line' id='line_1_37' title="bbox 83 5105 1379 5212; baseline 0.007 -44"><span class='ocrx_word' id='word_1_293' title='bbox 83 5107 275 5182; x_wconf 75' lang='lat' dir='ltr'>plasmator</span> <span class='ocrx_word' id='word_1_294' title='bbox 291 5105 427 5183; x_wconf 88' lang='lat' dir='ltr'>ordinis</span> <span class='ocrx_word' id='word_1_295' title='bbox 444 5111 710 5188; x_wconf 89' lang='lat' dir='ltr'>heremitarum</span> <span class='ocrx_word' id='word_1_296' title='bbox 731 5139 759 5187; x_wconf 92' lang='lat' dir='ltr'>s.</span> <span class='ocrx_word' id='word_1_297' title='bbox 776 5109 982 5212; x_wconf 83' lang='lat' dir='ltr'>Augustini,</span> <span class='ocrx_word' id='word_1_298' title='bbox 1004 5109 1150 5186; x_wconf 86' lang='lat' dir='ltr'>brevem</span> <span class='ocrx_word' id='word_1_299' title='bbox 1171 5117 1208 5184; x_wconf 91' lang='lat' dir='ltr'>et</span> <span class='ocrx_word' id='word_1_300' title='bbox 1229 5109 1379 5182; x_wconf 91' lang='lat' dir='ltr'>bonum.</span> 
     </span>
     <span class='ocr_line' id='line_1_38' title="bbox 84 5215 1385 5339; baseline 0.013 -51"><span class='ocrx_word' id='word_1_301' title='bbox 84 5215 261 5322; x_wconf 65' lang='lat' dir='ltr'>Antequam</span> <span class='ocrx_word' id='word_1_302' title='bbox 278 5232 374 5332; x_wconf 89' lang='lat' dir='ltr'>Papa</span> <span class='ocrx_word' id='word_1_303' title='bbox 387 5236 526 5314; x_wconf 87' lang='lat' dir='ltr'>veniret</span> <span class='ocrx_word' id='word_1_304' title='bbox 543 5237 578 5312; x_wconf 94' lang='lat' dir='ltr'>in</span> <span class='ocrx_word' id='word_1_305' title='bbox 597 5239 797 5339; x_wconf 91' lang='lat' dir='ltr'>publicum,</span> <span class='ocrx_word' id='word_1_306' title='bbox 815 5239 1060 5337; x_wconf 86' lang='lat' dir='ltr'>interrogatus</span> <span class='ocrx_word' id='word_1_307' title='bbox 1075 5259 1097 5310; x_wconf 90' lang='lat' dir='ltr'>o</span> <span class='ocrx_word' id='word_1_308' title='bbox 1112 5257 1170 5310; x_wconf 90' lang='lat' dir='ltr'>me</span> <span class='ocrx_word' id='word_1_309' title='bbox 1185 5234 1222 5310; x_wconf 94' lang='lat' dir='ltr'>in</span> <span class='ocrx_word' id='word_1_310' title='bbox 1235 5255 1385 5311; x_wconf 83' lang='lat' dir='ltr'>camera</span> 
     </span>
    </p>
   </div>
   <div class='ocr_carea' id='block_1_3' title="bbox 0 0 1792 6036">
    <p class='ocr_par' dir='ltr' id='par_1_7' title="bbox 0 0 1792 6036">
     <span class='ocr_line' id='line_1_39' title="bbox 0 0 1792 6036; baseline 0 0"><span class='ocrx_word' id='word_1_311' title='bbox 0 0 1792 6036; x_wconf 95' lang='lat' dir='ltr'> </span> 
     </span>
    </p>
   </div>
  </div>
 </body>
</html>
