3502 6036
324 600 376 656 raa
778 591 954 650 rouaums
979 591 1202 661 acuculam,
1451 593 1628 664 {leviatan

323 755 542 827 ducatorum
569 749 647 824 auri
675 749 712 822 in
733 773 824 822 auro
849 772 917 846 pro
939 751 1024 822 dote
1050 753 1087 822 et
1120 749 1269 822 nominc
1292 747 1387 821 dotis
1410 749 1552 822 domine
1573 756 1630 826 Lu·

324 878 453 968 cretie,
482 899 573 972 quos
597 874 733 947 eisdem
762 873 937 947 tratribus
963 874 1000 946 in
1026 873 1183 971 pecunia
1204 876 1399 945 numerata
1432 875 1575 949 tradidit
1602 885 1630 952 et

273 997 276 1000 ’
324 1001 530 1099 persolvit:
560 1023 603 1072 eo
629 999 666 1072 in
693 999 950 1073 numeratione
977 998 1187 1096 hujusmodi
1215 997 1407 1086 existente,
1445 998 1567 1072 habuit
1596 1025 1632 1074 ar

324 1125 479 1198 Francia
498 1125 653 1210 litteras,
674 1145 801 1220 regem
820 1125 1043 1197 Francorum
1063 1127 1207 1196 Rmum.
1229 1125 1272 1195 D.
1293 1121 1520 1196 Cardinalem
1536 1128 1631 1200 Asca·

322 1253 423 1324 nium
443 1249 652 1324 omnimode
669 1247 829 1322 libertati
847 1249 1065 1322 restituisse.

374 1376 501 1466 Hodie,
520 1374 615 1446 hora
638 1371 810 1473 vigesima
826 1374 879 1447 vel
899 1375 1012 1462 eirca,
1041 1373 1195 1447 recessit
1218 1395 1262 1445 ex
1287 1371 1423 1470 palatio
1451 1375 1632 1470 apostolico

323 1502 472 1576 domina
489 1505 671 1592 Lucretia,
693 1479 769 1575 filia
786 1503 897 1597 Papa,
918 1499 1016 1572 itura
1033 1499 1239 1572 Ferrariam
1259 1497 1305 1570 ad
1322 1499 1497 1572 maritum
1516 1523 1630 1572 suum:

325 1625 496 1721 equitavit
521 1629 578 1701 via
598 1633 702 1701 recta
724 1626 769 1700 ad
790 1629 939 1722 pontem
962 1647 991 1696 s.
1016 1622 1161 1721 Angeli3
1187 1623 1269 1695 inde
1293 1621 1338 1695 ad
1365 1621 1548 1696 sinistram
1564 1629 1632 1698 ante

324 1749 474 1822 domum
494 1749 579 1822 olim
598 1747 794 1823 cardinalis
812 1746 1020 1821 Parmensis
1034 1769 1099 1842 per
1117 1749 1263 1841 portam
1281 1744 1325 1816 de
1344 1743 1497 1840 Populo.
1519 1745 1632 1818 Habuit

324 1873 360 1945 in
379 1873 555 1948 societate
572 1898 638 1948 sua
655 1897 768 1971 equos
786 1895 850 1944 sex
872 1871 927 1942 vel
950 1871 1068 1958 circa;
1097 1892 1170 1943 non
1190 1873 1272 1943 erat
1293 1868 1472 1966 preciosis
1495 1871 1633 1944 restibus

321 1996 460 2086 induta,
491 1999 576 2095 quia
581 2054 648 2072 .....
674 1996 730 2096 (1).
755 1997 854 2070 Ordo
878 1995 1116 2092 equitantium
1140 1998 1223 2068 ante
1245 2017 1326 2067 eam
1355 1997 1438 2066 erat
1460 1999 1633 2067 consuetus

322 2144 436 2216 usque
471 2123 517 2196 ad
544 2124 742 2196 servientes
776 2143 975 2195 armorum.
1006 2123 1091 2194 Post
1116 2142 1178 2192 eos
1205 2117 1419 2214 equitabant
1447 2121 1566 2191 Rmus.
1597 2123 1630 2192 b.

324 2245 520 2320 cardinalis
537 2247 753 2320 Cusentinus
771 2269 880 2342 quem
898 2248 962 2340 SS.
984 2249 1027 2318 D.
1048 2247 1175 2317 noster
1193 2243 1330 2316 creavit
1352 2264 1473 2338 nuper
1491 2242 1632 2338 legatum

323 2370 502 2444 delatore
522 2373 566 2444 ad
586 2372 839 2446 associandam
857 2371 1045 2444 dominam
1069 2371 1276 2444 Lucretiam
1296 2395 1363 2470 per
1386 2377 1508 2447 terras
1526 2374 1633 2444 sancte

324 2518 479 2571 romane
500 2497 684 2586 Ecclesie;
707 2497 752 2570 ad
770 2497 958 2570 dexteram
977 2495 1162 2572 Cuscntini
1181 2497 1370 2592 equitabat
1389 2501 1431 2570 b.
1457 2495 1634 2570 Ferdinan-

324 2619 391 2692 dus
407 2625 444 2693 et
466 2622 511 2694 ad
536 2621 721 2694 sinistram
747 2621 878 2718 borgia
901 2625 944 2694 D.
979 2621 1242 2717 sigismundus,
1270 2621 1404 2695 tratres
1432 2619 1632 2719 supradicti;

325 2747 407 2841 post
424 2767 487 2820 eos
511 2744 660 2818 domina
680 2746 861 2831 Lucretia,
892 2745 1014 2818 media
1044 2745 1139 2816 inter
1167 2745 1393 2819 cardinalem
1419 2749 1636 2819 Estensema

326 2869 462 2943 dextris
493 2875 530 2942 et
560 2870 691 2944 ducem
721 2870 1018 2945 Valentinensem
1044 2867 1258 2958 asinistris,
1288 2893 1379 2966 quos
1407 2870 1635 2966 sequebantur
1733 2895 1734 2898 ¹

327 2999 453 3092 gentes
472 3017 600 3068 eorum
620 3017 685 3068 suo
708 2994 847 3068 ordine.
874 2995 997 3068 Nullus
1026 2996 1220 3091 episcopus
1247 2994 1423 3084 interfuit,
1454 2993 1636 3093 prothono-

326 3119 439 3191 tarius
459 3119 516 3193 vel
540 3119 663 3193 abbas.
691 3121 860 3216 Deputati
881 3112 1030 3192 luerunt
1055 3117 1218 3192 scutiferi
1242 3122 1338 3216 Pape
1360 3123 1396 3192 et
1419 3117 1558 3192 nobiles
1579 3119 1635 3186 Ro-

326 3244 425 3316 mani
443 3245 503 3339 qui
522 3243 656 3326 dictam
675 3245 884 3318 Lucretiam
903 3245 1129 3318 associarunt
1146 3245 1305 3341 propriis
1324 3267 1453 3318 eorum
1473 3241 1633 3340 expensis,
1732 3269 1733 3298 2

327 3375 363 3441 et
381 3368 545 3443 lecerunt
564 3369 694 3466 singuli
710 3371 777 3443 sibi
795 3375 912 3444 vastes
930 3392 1039 3444 novas
1058 3371 1103 3442 de
1122 3369 1323 3444 broccbato
1346 3370 1424 3442 auri
1447 3366 1636 3466 argentiol

327 3493 464 3566 sericas
482 3494 658 3568 diversas.
682 3494 879 3591 Requisivit
897 3495 1045 3591 insuper
1067 3493 1124 3566 his
1142 3494 1271 3567 diebus
1289 3496 1353 3566 SS.
1376 3497 1418 3567 D.
1441 3499 1561 3566 noster
1583 3511 1636 3586 per
1732 3465 1733 3498 ἓ

328 3619 466 3691 socium
484 3641 606 3692 meum
624 3619 841 3714 magistrum
859 3619 1154 3693 ceremoniarum
1172 3618 1333 3716 singulos
1353 3621 1428 3691 Db.
1450 3613 1637 3692 cardinales

328 3743 424 3836 quod
451 3743 604 3837 quilibet
629 3749 810 3840 prestaret
838 3745 930 3818 duos
957 3767 1070 3841 equos
1091 3744 1146 3817 rel
1172 3744 1261 3818 duas
1288 3743 1417 3834 mulsa,
1453 3748 1490 3816 et
1522 3738 1636 3813 multos

329 3865 517 3961 episcopos
541 3866 639 3940 ultra
661 3867 800 3964 viginti,
823 3869 918 3964 quod
940 3869 1091 3965 quilibet
1109 3875 1293 3965 prestaret
1311 3889 1424 3941 unum
1449 3887 1577 3963 equum
1591 3859 1635 3932 vel

329 4011 437 4060 unam
455 4011 586 4084 equam
603 4014 669 4088 pro
685 3985 948 4066 associantibus
967 3993 1155 4066 dominam
1166 3993 1375 4066 Lucretiam
1394 4015 1509 4089 usque
1527 3993 1636 4064 Ferra-

326 4112 434 4203 riam,
454 4115 549 4208 quod
576 4113 739 4190 lecerunt
756 4116 888 4214 singuli
907 4117 1086 4214 requisiti.
1109 4121 1249 4194 Verum
1268 4117 1379 4214 aliqui
1398 4141 1442 4190 ex
1460 4109 1636 4218 cardinali·
1731 4193 1732 4196 Ἴ

242 4287 244 4290 -
327 4235 491 4309 busnnn
515 4237 695 4312 dederunt
715 4239 783 4312 nisi
808 4263 921 4313 unum
944 4263 1078 4337 equum
1098 4240 1155 4316 val
1177 4263 1286 4314 unam
1316 4241 1452 4314 mulam
1471 4242 1534 4337 pro
1551 4256 1636 4310 asso-

327 4359 505 4433 ciantibus
529 4361 712 4436 dominam
734 4363 956 4452 Lucretiam,
985 4373 1021 4437 el
1044 4364 1184 4438 nullum
1208 4364 1420 4461 hujusmodi
1446 4359 1636 4437 animalium

328 4488 576 4558 mutuatorum
595 4485 660 4558 suit
676 4487 898 4562 restitutum.

363 4635 388 4690 l.
408 4633 447 4690 En
470 4633 549 4690 blanc
572 4635 641 4691 daus
666 4643 728 4693 tous
753 4635 792 4692 les
815 4655 883 4694 mse.
909 4638 994 4696 Cesar
1014 4639 1088 4696 avait
1110 4638 1209 4713 &quipe
1234 4655 1268 4694 en
1283 4655 1333 4694 son
1357 4655 1420 4695 nom
1437 4642 1589 4708 unetroupc
1611 4628 1638 4682 de

325 4721 397 4778 deux
417 4729 495 4780 cents
516 4723 645 4781 cavaliers
669 4743 738 4800 pour
756 4735 877 4784 escorter
897 4727 1015 4784 Lucrdce
1034 4734 1062 4786 et
1086 4745 1117 4785 sa
1145 4728 1227 4784 suite.
1244 4726 1281 4784 Ca
1303 4726 1486 4803 deptoiement
1508 4725 1541 4781 de
1565 4722 1638 4778 foues

325 4811 419 4868 n'ttait
436 4830 486 4887 pas
506 4831 571 4870 sans
594 4813 728 4888 inquietet·
747 4813 875 4872 l'orateur
897 4817 1023 4873 llorentin
1039 4817 1087 4891 qui
1112 4816 1203 4874 laisait
1221 4823 1293 4890 part,
1312 4834 1345 4872 en
1366 4833 1412 4872 ces
1436 4823 1543 4880 termes,
1557 4812 1586 4866 de
1600 4823 1637 4864 ses

327 4917 465 4975 soupqona
479 4905 496 4957 a
509 4901 536 4959 la
548 4902 722 4977 Seigneurie.
743 4927 791 4962 .....
803 4907 879 4961 nme
891 4905 951 4962 dice
967 4923 1003 4963 un
1023 4905 1092 4963 altro
1110 4907 1160 4962 ebe
1175 4905 1201 4961 vi
1220 4905 1374 4965 nominai...
1391 4905 1441 4962 ebe
1453 4906 1477 4961 in
1493 4907 1584 4978 questa
1595 4913 1636 4953 au·

325 4989 390 5046 data
402 4990 430 5046 di
444 4991 582 5049 Madouna
595 4991 721 5050 Lucretia
735 4993 769 5050 sd
785 4993 907 5064 Ferrara,
927 4994 1009 5052 subto
1023 4994 1111 5069 apetie
1126 4995 1153 5051 di
1167 4993 1329 5070 compagnias
1343 4995 1371 5052 di
1392 4993 1541 5060 bonorarla,
1556 4989 1576 5046 si
1590 4986 1638 5042 tari

294 5099 296 5105 ·
327 5079 414 5134 stoma
428 5079 455 5136 di
472 5087 565 5153 geute,
581 5088 609 5138 et
624 5085 671 5156 qut
683 5089 711 5140 et
730 5081 845 5152 altrone,
870 5090 897 5139 et
916 5084 1028 5157 quando
1048 5101 1167 5141 sarauno
1181 5083 1206 5140 al
1222 5097 1313 5158 tempo
1328 5089 1354 5140 et
1371 5083 1396 5140 al
1412 5083 1494 5157 luogo
1517 5078 1636 5139 ordinato,

324 5173 397 5222 tacte
412 5184 529 5225 sarsurio
543 5177 638 5228 contra
650 5172 684 5227 ad
699 5171 726 5228 la
740 5172 844 5230 eiua...
861 5195 876 5224 »
893 5195 907 5224 u
922 5173 1019 5242 Rome,
1036 5173 1073 5248 ιιι]
1089 5172 1241 5229 decembris
1255 5173 1335 5230 Mol.
1356 5173 1478 5230 Sarritor
1492 5165 1636 5225 Franciscus

325 5255 359 5310 de
376 5255 468 5328 Pepis,
480 5258 593 5315 -Docton
610 5283 624 5312 ι
641 5259 728 5330 (Clas.
747 5260 781 5330 X,
798 5261 866 5318 dist.
884 5263 911 5330 2,
928 5261 988 5318 tllra
1001 5265 1047 5333 5l,
1063 5279 1079 5318 a
1093 5279 1118 5318 c.
1133 5263 1209 5335 287.)
