3502 6036
38 421 40 480 l

36 569 39 610 l
116 565 260 634 [decembre
275 563 347 625 ¹5⁰2]
429 557 556 618 RERUM
580 557 809 617 URBANARUM
834 557 1095 618 commeantum
1379 565 1431 622 183

34 733 37 822 J
115 724 155 797 ab
174 721 238 794 bac
261 713 385 791 infami
407 714 529 790 bellua
550 715 586 788 in
614 711 817 811 perniciem
840 711 1037 788 christiane
1062 713 1261 811 reipublice
1285 737 1430 792 emana-

34 855 36 862 “
113 853 208 934 runt3
226 865 377 918 narrare
393 838 623 916 detestabilia
638 837 782 913 scelera
799 861 869 935 que
888 837 925 910 in
944 841 1194 936 contemptum
1212 840 1277 914 Dei
1294 847 1330 916 et
1349 841 1430 916 reli-

33 967 34 1014 ἲ
111 974 215 1075 gionis
229 971 378 1046 exitium
394 965 681 1056 committuntur,
700 987 770 1060 que
786 971 859 1038 tam
876 963 1029 1054 atrocia,
1046 968 1121 1038 tam
1138 965 1313 1042 immania
1328 972 1424 1057 sunt,

32 1069 34 1134 3³
112 1109 145 1175 ut
163 1097 315 1196 cujusvis
337 1093 449 1169 etiam
469 1089 698 1165 disertissimi
719 1088 907 1188 ingenium
924 1089 1189 1187 perstringant.
1211 1093 1286 1166 Hec
1307 1091 1371 1166 tibi
1391 1093 1427 1166 in

110 1223 249 1324 publicis
270 1217 477 1318 principum
499 1213 797 1292 convenientibus
820 1214 1039 1306 enarranda,
1067 1214 1137 1290 hec
1165 1216 1427 1292 committenda

108 1349 258 1449 pluribus
276 1343 454 1442 exemplis
472 1348 579 1439 atque
597 1364 664 1439 per
682 1339 847 1414 omnium
865 1363 996 1414 manus
1016 1341 1193 1416 tradenda
1210 1347 1246 1418 et
1263 1342 1426 1418 dissemi-

107 1474 225 1548 nanda.
258 1475 413 1545 Frustra
445 1467 550 1567 queri
581 1466 820 1542 christianam
851 1465 1070 1564 religionem
1102 1468 1147 1541 de
1177 1469 1423 1562 Machamete,
1538 1535 1541 1542 ,

107 1597 241 1696 antiquo
259 1597 341 1697 ejus
358 1595 475 1684 hoste,
501 1593 598 1690 quod
620 1592 667 1665 ab
688 1591 750 1664 illa
772 1591 1000 1665 innumeram
1027 1593 1246 1690 populorum
1266 1595 1428 1668 multitu-

106 1725 214 1798 dinem
241 1719 457 1811 abduxerit3
486 1741 570 1792 cum
593 1717 660 1791 iste
691 1739 804 1790 novus
831 1716 1084 1792 Machametus
1106 1719 1205 1792 omui
1230 1720 1424 1794 criminum

104 1849 237 1924 feditate
252 1847 358 1921 illum
372 1845 481 1944 longe
497 1841 738 1942 superaverit,
753 1845 791 1916 et
802 1842 872 1916 hoc
888 1841 973 1916 fidei
991 1847 1027 1918 et
1041 1843 1228 1942 religionis
1244 1845 1425 1944 reliquum

103 1973 319 2049 validissimis
334 1972 547 2046 morborum
563 1967 739 2042 incendiis
757 1967 959 2058 exarserit;
979 1968 1120 2044 venisse
1140 1975 1322 2068 tempora,
1348 1973 1426 2069 qui-

103 2103 159 2174 bus
172 2102 245 2198 Jam
261 2095 512 2188 antichristus,
531 2094 637 2169 toties
654 2117 676 2167 a
690 2093 877 2191 prophetis
893 2094 1082 2192 predictus
1097 2103 1287 2194 appareat,
1307 2121 1425 2195 neque

104 2227 189 2300 enim
209 2225 329 2299 ullum
352 2221 501 2296 omnino
526 2242 686 2317 unquam
713 2219 827 2312 nasci,
851 2224 915 2294 aut
941 2221 1137 2318 excogitari
1161 2224 1337 2320 potuisse,
1363 2225 1424 2322 qui

103 2351 249 2450 apertior
266 2349 335 2425 Dei
352 2347 481 2437 hostia,
502 2344 637 2420 Christi
655 2351 887 2444 oppugnator
902 2345 989 2422 fidei
1007 2353 1043 2421 et
1062 2347 1250 2445 religionis
1273 2349 1424 2424 subver-

102 2501 154 2551 sor
169 2476 401 2552 inveniretur.

145 2637 159 2671 «
176 2609 253 2678 tam
271 2600 455 2676 beneficia
472 2607 509 2675 et
526 2601 722 2699 dignitates
740 2599 1005 2674 ecclesiasticas
1023 2621 1093 2696 que
1110 2599 1258 2697 antiquo
1282 2605 1433 2676 saneto·'

102 2752 170 2801 rum
190 2731 339 2827 patrum
365 2727 515 2800 decreto
539 2727 585 2800 ad
607 2726 770 2802 remedia
797 2723 916 2798 anime
935 2724 1082 2822 justicia
1104 2724 1317 2798 clarissimis
1338 2726 1423 2800 viris

102 2854 181 2926 ultro
208 2851 428 2928 demandari
457 2851 635 2942 solebant,
667 2851 814 2949 publica
841 2850 1048 2922 venditione
1076 2848 1258 2947 dissipari,
1288 2855 1325 2925 et
1355 2851 1424 2924 illis

103 2977 322 3052 solummodo
343 2977 489 3066 cedere,
513 2976 574 3073 qui
594 2981 722 3074 aperta
743 2975 935 3072 emptione
948 2975 1028 3072 plus
1050 2975 1288 3072 pecuniarum
1313 2999 1423 3072 quam

103 3104 201 3178 ceteri
227 3103 444 3199 largiuntur.
473 3105 551 3176 Itur
577 3102 622 3174 ad
650 3099 826 3198 palatium
852 3123 935 3174 cum
962 3123 1053 3174 auro
1079 3099 1127 3173 ad
1153 3101 1311 3175 emenda
1339 3101 1423 3177 fidei

102 3229 285 3326 mysteria:
313 3227 539 3301 stat'ihidem
563 3225 729 3301 minister
751 3225 944 3314 scelerum,
969 3227 1136 3301 venditor
1162 3227 1423 3303 beneficiorum

101 3351 286 3428 cardinalis
304 3352 516 3426 Mutinensis
536 3352 581 3426 ad
599 3351 815 3449 explendam
834 3351 1017 3450 pontificis
1032 3351 1233 3427 avaritiam.
1255 3353 1425 3441 Quesitor

101 3477 288 3560 institutus,
311 3478 370 3574 qui
398 3484 570 3575 tanquam
595 3478 774 3552 Cerberus
801 3479 894 3551 ostio
919 3475 1133 3551 interiorum
1161 3479 1358 3575 appositus
1387 3486 1424 3556 et

101 3603 256 3678 omnibus
281 3603 478 3694 adlatrans,
504 3602 602 3677 nullo
626 3603 766 3699 pudore
792 3625 1087 3699 unumquemque
1110 3603 1291 3701 pensitat;
1316 3605 1376 3701 qui
1403 3629 1424 3680 a

100 3749 316 3826 quorumque
333 3727 471 3802 seratur
487 3727 677 3826 iutelligit:
704 3727 948 3802 admittuntur
973 3727 1039 3801 soli
1062 3727 1189 3803 divites
1207 3735 1243 3802 et
1260 3728 1423 3827 locuple-

101 3859 156 3942 tes,
175 3855 362 3928 tenuiores
388 3875 470 3928 vero
495 3853 658 3926 omnium
681 3855 877 3926 verborum
904 3854 1128 3929 contumelia
1153 3853 1418 3932 excluduntur:
1499 3895 1502 3900 ·

99 3979 208 4054 omnia
233 3982 314 4078 jam
343 3979 438 4078 apud
467 3979 680 4078 pontificem
711 4001 792 4052 esse
819 3979 974 4070 venalia,
1005 3979 1213 4079 dignitates,
1243 3981 1419 4073 honores,

99 4103 404 4180 matrimoniorum
425 4105 590 4203 copulas,
611 4104 826 4178 eorumdem
847 4103 1059 4194 solutiones,
1085 4104 1240 4181 divortia
1256 4113 1292 4183 et
1311 4132 1421 4214 repu-

98 4227 149 4301 dia
168 4253 323 4305 uxorum
346 4239 382 4306 et
405 4231 476 4306 alia
501 4231 628 4320 multa,
657 4253 867 4326 quareque
891 4237 968 4304 etas
994 4237 1185 4328 parentum
1207 4238 1421 4309 nostrorum

97 4353 171 4428 vidit
188 4379 306 4455 neque
324 4357 521 4430 christiana
543 4355 770 4431 consuetudo
789 4356 945 4431 admittit
967 4379 1048 4430 sese
1070 4357 1265 4454 publicitus
1288 4359 1419 4433 offerre

96 4484 126 4551 et
143 4503 269 4555 novam
287 4487 425 4556 sectam
444 4489 481 4556 et
498 4505 591 4556 nova
608 4481 781 4579 dogmata
796 4485 833 4555 et
848 4480 982 4555 Christi
1000 4482 1261 4556 contumeliam
1275 4485 1419 4581 populis

98 4601 257 4702 irrepere.
278 4607 376 4682 Nihil
397 4630 476 4682 esse
488 4608 566 4706 jam
586 4603 845 4682 scelerum'aut
858 4606 1081 4703 flagitiorum
1097 4607 1195 4704 quod
1214 4630 1287 4680 uon
1304 4611 1419 4682 Rome
1510 4605 1517 4634 ²

98 4729 231 4823 publice
242 4735 278 4805 et
294 4731 330 4804 iu
345 4731 528 4830 pontificis
540 4733 650 4807 domo
666 4733 935 4824 committatur,
949 4737 1143 4830 superatos
1156 4756 1236 4805 esse
1248 4733 1416 4830 Scythas,

99 4853 205 4926 Panos
231 4855 401 4952 pertidia,
433 4857 661 4931 immanitate
692 4861 728 4930 et
761 4858 886 4931 sevitia
915 4863 1079 4932 Nerones
1110 4864 1146 4931 et
1179 4859 1297 4934 Gaios.
1328 4861 1419 4933 Nam

97 4975 213 5068 cedes,
238 4979 404 5076 rapinaS,
431 4984 561 5077 stupra
582 4985 618 5053 et
641 4980 802 5056 incestus
824 4984 983 5075 reterre,
1009 4984 1191 5056 innumeri
1222 4990 1259 5057 et
1286 4983 1418 5058 infiniti

99 5122 204 5197 prope
235 5104 357 5201 operis
392 5103 500 5178 soret.
538 5105 732 5179 Confectus
760 5108 1023 5182 crudelissimis
1053 5109 1265 5181 vulneribus
1297 5115 1332 5181 et
1363 5109 1419 5182 bis

100 5227 355 5322 propemodum
368 5253 474 5301 cesus
485 5229 734 5304 nobilissimus
750 5231 964 5304 adolescens
975 5231 1184 5329 Alphonsus
1195 5234 1415 5337 aragonius,
