3502 6036
1736 427 1737 484 t

340 589 391 648 res
801 586 974 644 Jonnuurs
999 585 1222 660 aunonanm,
1425 591 1589 654 [measa
1603 595 1665 660 rea]

340 743 524 842 pontificis
547 767 682 842 gener3
708 742 800 816 alius
822 742 988 840 ejusdem
1016 742 1198 839 pontificis
1227 743 1479 818 cubicularius
1507 747 1664 820 Perottus

340 871 377 943 in
396 870 472 968 ejus
491 869 631 967 gremio
649 868 851 941 trucidatus
873 868 1051 941 verendos
1071 868 1158 942 olim
1175 868 1344 944 Vaticani
1366 873 1525 965 penates
1543 893 1663 945 cruore

339 993 485 1081 ledavit,
506 1001 542 1066 et
559 992 698 1066 aulicos
717 1015 844 1066 omnes
868 993 1165 1067 consternatione
1189 999 1226 1066 et
1247 993 1335 1091 fuga
1357 993 1562 1090 dissipavit.
1584 999 1665 1068 Lon·

339 1141 425 1215 gum
443 1123 499 1190 est
517 1117 691 1214 prosequi
714 1121 858 1192 ceteros
876 1116 938 1213 qui
958 1117 1012 1190 vel
1030 1117 1229 1208 interfecti,
1250 1118 1306 1190 vel
1328 1117 1514 1193 vulnerati
1538 1119 1593 1192 vel
1608 1121 1664 1192 viri

339 1242 376 1314 in
394 1242 564 1340 Tyberim
582 1243 715 1340 dejecti
734 1247 797 1316 aut
818 1267 957 1316 veneno
981 1243 1211 1340 consumpti;
1234 1266 1393 1340 quorum
1415 1267 1534 1341 quum
1556 1244 1664 1319 infini-

340 1370 398 1438 tus
420 1367 467 1440 sit
488 1389 665 1439 numerus
690 1371 726 1440 et
748 1367 785 1440 in
810 1367 888 1439 dies
911 1373 1055 1441 crescat
1076 1367 1272 1464 pernicies,
1299 1391 1416 1465 neque
1442 1368 1505 1442 his
1529 1369 1664 1442 demum

339 1497 516 1589 parcatur
531 1491 593 1588 qui
610 1490 831 1566 auctoritate
847 1496 884 1565 et
900 1492 1019 1589 gretia
1034 1491 1126 1565 alios
1142 1491 1357 1588 precellunt,
1376 1515 1488 1566 nemo
1510 1493 1548 1567 in
1564 1495 1660 1582 Urbe,

339 1621 395 1689 est
411 1616 522 1690 etiam
544 1615 685 1714 private
708 1617 869 1708 fortune,
889 1616 949 1714 qui
973 1616 1041 1690 sibi
1065 1622 1101 1690 et
1126 1617 1201 1690 suis
1219 1619 1297 1715 jam
1317 1641 1392 1692 non
1414 1617 1562 1692 timeat.
1588 1620 1662 1705 Quis

337 1742 527 1814 horrenda
543 1741 733 1814 libidinum
756 1747 922 1815 monstra
945 1765 1122 1816 enarrare
1144 1766 1219 1816 non
1241 1742 1429 1833 formidet,
1455 1767 1529 1840 que
1548 1750 1661 1841 aperte

334 1867 421 1963 jam·
438 1866 475 1939 in
503 1866 599 1939 illius
627 1868 749 1958 domo,
780 1871 816 1940 et
844 1872 968 1964 spreta
991 1867 1056 1941 uei
1089 1871 1198 1964 atque
1223 1867 1415 1941 hominum
1448 1870 1659 1956 reverentia,

339 1991 643 2066 committuntur?
661 1997 749 2088 quot
769 1995 910 2089 stupra,
929 1997 1019 2088 quot
1041 1992 1215 2082 incestuS,
1236 1997 1324 2089 quot
1346 1991 1514 2067 liliorum
1532 1999 1569 2066 et
1583 1992 1662 2065 filia-

338 2140 421 2190 rum
440 2117 581 2207 sordes,
602 2122 691 2213 quot
710 2141 776 2213 per
801 2116 899 2190 Petri
918 2117 1095 2213 palatium
1114 2117 1365 2207 meretricum,
1385 2123 1478 2215 quot
1501 2119 1660 2192 lenonum

339 2264 471 2340 greges
489 2246 597 2339 atque
620 2265 836 2332 concursus,
864 2242 1068 2340 prostibula
1089 2246 1126 2317 et
1148 2242 1355 2340 lupanaria,
1381 2245 1521 2342 majori
1543 2243 1660 2340 ubique

338 2367 557 2442 verecundia
572 2368 766 2442 contineri.
783 2367 865 2442 Kal.
884 2368 1092 2443 novembris
1106 2369 1331 2443 solemnibus
1346 2371 1516 2443 omnium
1531 2373 1661 2442 sancto-

337 2517 420 2565 rum
440 2493 658 2566 ceremoniis
673 2493 937 2591 quinquaginta
953 2493 1170 2566 meretrices
1189 2495 1329 2567 urbane
1347 2495 1394 2568 ad
1413 2493 1614 2568 convivium
1629 2494 1658 2564 in

338 2617 513 2714 palatium
540 2622 681 2709 vocate,
710 2617 937 2691 fedissimum
964 2623 1000 2690 et
1027 2618 1389 2692 detestabilissimum
1417 2617 1657 2716 spectaculum

338 2743 543 2838 prebuere;
570 2748 606 2815 et
628 2746 668 2815 ut
690 2743 735 2816 ad
758 2742 979 2815 irritandum
1004 2743 1173 2839 exempla
1196 2765 1270 2816 non
1293 2743 1479 2834 deessent,
1511 2747 1590 2816 acta
1612 2745 1658 2812 est

337 2866 575 2962 sequentibus
592 2865 718 2939 diebus
734 2865 771 2938 in
786 2865 975 2962 publicum
993 2866 1245 2962 spectaculum
1264 2890 1359 2964 equa
1376 2891 1463 2964 que,
1482 2869 1656 2964 spectante
1736 2929 1737 2978 p

336 3011 420 3062 cum
438 2987 521 3061 filiis
540 2988 726 3085 pontifice,
744 2988 977 3062 intromissos
993 2989 1229 3062 admissarios
1246 2991 1355 3063 nimis
1373 2991 1520 3065 veneris
1538 2989 1656 3062 ardore

337 3113 541 3188 concitatos
558 3113 595 3186 in
611 3113 776 3188 furorem
796 3119 832 3188 et
848 3113 991 3188 rabiem
1010 3119 1253 3190 converteret.
1273 3115 1368 3190 Nihil
1387 3139 1471 3191 esse
1488 3117 1559 3189 vim
1573 3111 1654 3198 auri,

336 3238 434 3333 quod
467 3258 540 3310 non
574 3260 617 3309 ex
653 3237 822 3311 omnibus
853 3237 999 3334 populis
1033 3237 1244 3311 christianis
1276 3239 1321 3311 ad
1349 3239 1515 3313 filiorum
1545 3237 1654 3309 luxum

336 3383 479 3434 summa
499 3360 670 3434 aviditate
694 3365 956 3458 conqueratur.
985 3361 1219 3467 Propositum
1243 3368 1299 3435 est
1320 3362 1357 3435 in
1375 3366 1517 3436 Turces
1535 3359 1654 3434 bellum

335 3484 546 3581 publicare;
570 3485 616 3558 ob
635 3507 716 3558 eam
736 3485 895 3580 speciem
913 3507 980 3581 per
1003 3507 1130 3557 omnes
1153 3485 1254 3558 orbis
1274 3485 1446 3559 basilicas
1468 3491 1505 3558 et
1526 3481 1653 3558 vendite

335 3609 470 3682 exteris
491 3608 695 3682 civitatibus
714 3613 926 3682 erratorum
943 3607 1183 3706 indulgentie,
1208 3613 1248 3682 ut
1267 3609 1411 3683 facilius
1431 3634 1477 3682 ex
1495 3610 1563 3682 hac
1579 3626 1653 3679 con·
1736 3599 1737 3678 i

334 3732 526 3827 quisitione
551 3732 675 3828 largos
701 3732 738 3805 in
769 3731 842 3804 vita
869 3737 1034 3828 sumptus
1061 3732 1332 3830 suppeditaret,
1361 3737 1402 3806 ut
1429 3738 1544 3822 esset,
1571 3727 1652 3802 unde

333 3856 515 3953 pontilicis
542 3855 618 3928 iilia
644 3855 797 3953 gemmis
819 3862 927 3952 atque
954 3879 1045 3930 auro
1069 3861 1223 3931 onerata
1245 3857 1407 3931 dotalem
1432 3877 1601 3956 pompam
1624 3857 1652 3922 et
1736 3911 1737 3948 ξ

334 4001 482 4053 romane
502 3979 661 4053 Ecclesia
674 3979 813 4053 tributa
829 4003 951 4053 secum
966 3979 1132 4072 trahens,
1150 3980 1237 4054 luxu
1253 3981 1417 4056 inaudito
1433 3982 1482 4054 ad
1495 3977 1650 4054 maritum
1736 3963 1737 4016 3

334 4103 542 4192 accederet,
568 4107 605 4178 et
630 4104 725 4178 unde
752 4104 889 4178 bellum
917 4103 1076 4201 antiquis
1101 4103 1305 4179 civitatibus
1332 4113 1369 4179 ct
1392 4105 1489 4179 veris
1512 4097 1650 4176 dominis
1736 4111 1737 4200 j

335 4227 550 4301 inferretur.
578 4227 706 4302 Pulses
734 4252 814 4302 esse
840 4229 914 4302 suis
939 4229 1087 4302 sedibus
1112 4233 1257 4303 veteres
1288 4229 1445 4321 incolas,
1472 4225 1648 4302 maximam
1736 4255 1737 4310 3

334 4351 437 4426 urbis
462 4356 577 4426 Rome
602 4353 833 4428 nobilitatem
864 4353 1134 4451 proscriptione
1161 4331 1270 4451 atque
1297 4355 1406 4429 exilio
1436 4355 1647 4450 ablegatam
1736 4411 1737 4414 ,

334 4476 504 4572 antiquos
528 4478 619 4550 Latii
643 4477 812 4552 dominos
837 4479 911 4550 suis
934 4477 1090 4551 fortunis
1115 4485 1151 4552 et
1176 4479 1471 4576 possessionibus
1489 4477 1646 4576 privatos,
1736 4559 1737 4562 Ἴ

333 4607 385 4690 ul,
407 4625 450 4674 ex
475 4625 604 4674 eorum
627 4601 805 4694 cladibus
827 4602 1012 4699 pontilicis
1036 4602 1147 4675 iidem
1165 4603 1230 4676 filii
1255 4609 1290 4678 et
1308 4608 1461 4700 nepotes
1486 4627 1528 4680 ex
1546 4598 1647 4670 inoes-

332 4731 439 4799 tuoso
458 4732 567 4823 partu
585 4727 705 4800 adhuc
724 4725 760 4800 in
780 4726 883 4800 cunis
904 4725 1092 4824 vegientes
1110 4728 1156 4800 ad
1174 4751 1290 4825 regna
1308 4733 1345 4802 et
1367 4751 1456 4825 opes
1474 4738 1647 4824 promove*

334 4856 479 4924 rentur.

384 5008 400 5042 α
419 4979 550 5050 Notam
570 4977 648 5075 jam
675 5000 753 5050 esse
782 4975 949 5050 omnibus
977 4977 1165 5074 provincie
1192 4977 1368 5051 Pleminie
1394 4977 1548 5061 ruinam,
1572 4959 1643 5039 Pori

333 5100 503 5190 Cornelii,
523 5107 560 5175 et
577 5101 735 5174 Forilivii
754 5101 985 5190 afflictiones,
1006 5108 1154 5198 captam
1171 5127 1238 5199 per
1257 5102 1326 5174 vim
1346 5107 1454 5198 atque
1478 5109 1644 5194 expugssfl·

279 5244 284 5258 ¹
333 5229 406 5296 tarn
431 5227 653 5318 Faventiam,
669 5226 872 5299 Ariminum
893 5231 929 5299 et
949 5227 1155 5319 Pisaurum,
1170 5227 1283 5324 pulsis
1299 5225 1521 5323 principibus
1533 5233 1642 5306 recep·
