3590 6042
109 599 197 664 riou
212 601 286 662 ¹⁵⁰⁰]
455 597 580 658 nsnun
605 577 830 658 unornanun
854 597 1119 656 conusvrlnn.
1420 607 1452 660 n

112 778 183 852 pus
207 755 428 852 Bogusinus,
459 755 658 830 celebravit
680 755 831 829 missam
859 753 1045 852 publicam
1068 753 1307 828 anniversarii
1333 756 1454 830 obitus

112 881 321 954 lnnocentii
347 905 440 978 pape
457 884 551 970 Vlll,
576 881 612 954 in
630 880 774 978 capella
792 881 938 978 majori,
966 882 1065 975 Papa
1082 879 1251 969 absente;
1273 883 1309 954 et
1328 881 1364 955 in
1383 881 1455 954 fine

112 1006 287 1094 absolvit,
315 1029 420 1079 more
448 1006 569 1080 solito.
591 1005 838 1080 interfuerunt
864 1005 1060 1078 duodecim
1082 1003 1302 1095 cardinales,
1331 1007 1455 1080 videli-

112 1137 174 1203 cet
192 1132 474 1221 Recanatensis,
495 1156 524 1206 s,
546 1132 757 1221 Clementis,
782 1135 1072 1218 Beneventanus
1095 1154 1125 1202 s.
1146 1130 1334 1221 PraxediS,
1356 1133 1455 1206 Ursi-

21 1287 25 1300 ·
111 1279 195 1344 nus,
217 1256 547 1346 Alexandrinum.
567 1257 707 1345 Crucis,
725 1257 935 1345 Guroensis,
957 1255 1230 1352 Agrigentinus,
1245 1261 1450 1354 capuanae,

113 1382 307 1470 Senensis,
328 1382 501 1472 Medicas,
522 1387 559 1456 et
578 1387 661 1456 octo
679 1383 735 1456 vel
753 1406 884 1456 novem
902 1381 1050 1479 prelati,
1072 1384 1114 1453 D.
1135 1381 1292 1456 Vasinus
1311 1383 1455 1456 subdia-

111 1530 247 1594 conus,
269 1510 312 1579 B.
334 1507 495 1580 Achilles
517 1508 561 1580 de
586 1508 743 1596 Grassis,
770 1507 929 1596 auditor,
958 1511 1000 1580 B.
1028 1506 1214 1580 lohannes
1238 1507 1402 1604 Baptista
1419 1513 1455 1580 ct

111 1631 317 1705 Marcellus
338 1633 494 1731 accolyti
518 1633 724 1729 apostolici,
749 1633 873 1706 nullus
892 1631 1049 1706 clericus
1071 1615 1218 1706 camere
1236 1655 1304 1706 nec
1323 1633 1456 1731 magis-

112 1761 171 1826 ter
192 1755 340 1853 palatii;
359 1757 482 1832 nullus
505 1757 754 1832 cubicularius
771 1780 890 1856 neque
908 1757 1039 1855 aliquis
1059 1756 1209 1832 scutifer
1227 1761 1324 1856 Pape
1344 1758 1456 1833 inter-

112 1881 193 1954 tuit.

160 2008 276 2080 Feria
294 2013 439 2104 quarta,
467 2013 512 2082 29
533 2010 698 2106 ejusdem
724 2011 872 2101 mensis,
899 2010 967 2084 suit
986 2009 1249 2084 consistorium
1269 2015 1454 2084 secretum

113 2133 245 2228 inquo
266 2135 309 2204 D.
336 2133 539 2207 Ludovicus
564 2137 711 2233 Borgia,
733 2137 839 2210 miles
862 2161 891 2210 a.
913 2136 1090 2210 iohannis
1114 2135 1451 2224 Hierosolomitani',

116 2257 232 2330 irater
261 2259 358 2331 bone
389 2259 567 2334 memorie
594 2261 792 2335 cardinalis
824 2263 958 2359 Borgie
986 2261 1051 2334 luit
1086 2260 1272 2358 prefectus
1299 2260 1454 2334 ecclesie

116 2383 331 2472 Valentino,
358 2389 394 2456 et
416 2383 536 2457 eidem
560 2387 713 2460 ecclesie
737 2389 781 2461 de
805 2392 1029 2486 personali.
1055 2385 1226 2459 Ludovioi
1251 2385 1450 2482 provisum,

118 2514 154 2580 et
169 2513 303 2582 Rmus
324 2511 367 2582 D.
394 2509 593 2584 cardinalis
617 2512 769 2586 Ursinus
791 2513 1019 2586 renunciavit
1039 2510 1213 2608 legationi
1236 2509 1400 2583 Marobie
1418 2517 1455 2584 et

118 2635 393 2732 pronunciatus
416 2633 559 2734 legatus
582 2627 820 2712 Bononiensis
832 2639 893 2737 (l),
914 2643 951 2712 et
969 2637 1072 2711 finito
1091 2634 1310 2710 consistorio
1328 2639 1454 2730 preter

118 2760 284 2848 solitum,
306 2762 352 2835 ab
370 2767 539 2839 omnibus
557 2765 806 2840 cardinalibus
822 2765 866 2838 de
886 2762 1106 2838 consistorio
1123 2763 1169 2836 ad
1183 2761 1335 2835 domum
1353 2759 1455 2833 babi-

120 2887 269 2960 tationis
289 2911 353 2960 sue
371 2892 588 2982 associatus,
614 2897 651 2964 et
669 2891 844 2986 equitavit
862 2890 959 2962 inter
977 2889 1068 2962 duos
1092 2887 1256 2960 seniores
1279 2886 1453 2960 diaconos

118 3012 329 3088 cardinales
348 3015 384 3088 in
403 3016 532 3090 ultimo
550 3017 644 3106 loco,
667 3039 771 3090 more
789 3016 910 3089 solito.

165 3140 343 3230 Sabbato,
368 3147 381 3214 l
403 3143 539 3215 mensis
554 3143 711 3239 augusti,
733 3143 770 3215 in
787 3145 967 3216 conventu
981 3141 1142 3213 lllinervo
1162 3140 1251 3214 obiit
1264 3139 1454 3212 venerabi·

121 3263 162 3334 lis
184 3267 297 3338 Pater
319 3265 434 3340 frater
462 3268 675 3342 Joachimus
700 3271 876 3356 Venetus,
903 3267 1081 3364 magister
1106 3259 1289 3364 generalis
1313 3264 1453 3338 ordinis

121 3389 411 3485 predicatorum,
433 3393 608 3482 Venetiis,
630 3394 735 3490 cujus
754 3393 877 3466 anima
893 3392 1100 3488 requiescat
1119 3391 1155 3463 in
1173 3413 1276 3487 pace.

170 3515 346 3605 Sabbato,
369 3521 390 3590 8
410 3517 497 3591 dicti
515 3518 651 3592 mensis
674 3519 831 3614 augusti,
852 3517 1060 3614 supervenit
1080 3517 1230 3612 quidam
1246 3537 1352 3588 casus
1371 3537 1453 3610 gra-

122 3639 173 3712 vis
190 3644 227 3713 et
248 3643 485 3738 repentinum
504 3644 674 3717 accidens
693 3648 799 3717 Rmo.
832 3648 874 3718 b.
906 3642 1085 3716 cardinali
1104 3646 1288 3740 Capuano,
1310 3665 1354 3714 ex
1380 3664 1452 3738 quo

122 3765 165 3836 de
183 3766 264 3862 ejus
282 3771 402 3840 morte
421 3767 488 3842 luit
505 3769 610 3842 valde
628 3769 848 3842 dubitatum.

170 3892 377 3983 Dominica,
399 3897 420 3966 9
438 3895 603 3991 ejusdem
632 3895 768 3969 mensis
792 3894 950 3992 augusti,
978 3893 1124 3992 incepta
1146 3897 1201 3967 est
1218 3915 1352 3990 magna
1369 3915 1454 3989 pro-

125 4017 238 4090 cessio
257 4039 342 4091 cum
359 4018 517 4115 imagine
536 4020 695 4117 gloriose
716 4021 868 4119 virginis
890 4021 1004 4093 ltlarie
1025 4043 1094 4116 que
1117 4023 1173 4092 est
1192 4019 1229 4092 in
1246 4018 1403 4092 ecclesia
1420 4043 1449 4092 s.

127 4139 310 4215 Laurentii
338 4143 375 4215 in
408 4146 568 4220 Damaso
602 4147 648 4219 ad
682 4153 840 4242 quatuor
867 4147 1041 4220 ccclesias
1071 4169 1140 4242 pro
1164 4143 1302 4240 jubileo
1328 4166 1454 4217 conse-

125 4267 265 4358 quendo
283 4267 484 4343 ordinatas
513 4271 550 4344 Si
577 4277 678 4345 recte
698 4273 861 4361 memini,
884 4271 1135 4368 procedebant
1160 4269 1281 4366 primo
1304 4267 1454 4364 quinde-

127 4389 191 4464 cim
215 4391 284 4465 viri
313 4393 370 4466 vel
397 4393 510 4486 circa,
540 4395 672 4494 singuli
705 4397 865 4494 singulas
891 4396 1029 4471 laculas
1054 4395 1111 4467 vel
1138 4394 1317 4468 intortitia
1343 4416 1452 4466 manu

158 4671 185 4726 l.
208 4690 223 4720 «
239 4668 424 4726 lliermattina
441 4669 468 4726 in
487 4669 649 4729 Consistoro
665 4673 683 4728 il
698 4673 792 4730 Rev¹¹²⁰
807 4673 951 4731 Cardinale
970 4671 1069 4729 Orsino
1083 4671 1111 4728 lu
1130 4671 1201 4730 lucto
1216 4673 1320 4744 Legata
1334 4669 1367 4725 di·
1378 4669 1455 4726 Bolo-

127 4774 193 4828 gna;
208 4765 237 4814 et
252 4757 278 4813 lu
290 4759 441 4832 Legatione
455 4759 527 4816 della
542 4761 655 4818 Marcba
669 4763 692 4818 si
706 4763 766 4818 dice
780 4762 798 4818 il
813 4763 889 4838 Papa
903 4763 929 4819 la
948 4763 1051 4819 riserva
1066 4768 1093 4818 et
1106 4761 1208 4818 voralla
1222 4761 1287 4816 dare
1302 4759 1337 4816 ad
1349 4759 1453 4832 Capua.

129 4845 163 4900 lu
175 4847 254 4904 etiam
273 4847 404 4904 contento
419 4847 445 4904 lo
465 4849 704 4926 Arcbiepiscopato
724 4851 881 4909 diValenza
899 4852 924 4906 in
942 4869 1058 4925 persona
1071 4849 1115 4906 del
1133 4851 1230 4924 Nipote
1244 4847 1286 4904 del
1302 4847 1412 4921 Papa‚l
1443 4879 1453 4888 -

128 4934 186 4991 tello
198 4936 226 4991 di
241 4937 357 5007 Bergae,
374 4938 424 4992 obe
438 4937 463 4993 al
478 4947 604 5012 presente
620 4939 642 4995 si
656 4946 753 4997 truova
767 4941 801 4996 ad
813 4939 939 5014 Spoletto
956 4959 963 4996 :
980 4947 1007 4996 et
1021 4940 1185 5012 comprendo
1198 4939 1248 4993 cha
1263 4935 1340 4993 finito
1355 4935 1374 4990 il
1386 4935 1455 4992 Cou-

127 5023 228 5095 sistoro‚
250 5026 268 5082 il
292 5027 369 5099 Papa
391 5026 462 5083 inter
485 5027 538 5084 alia
557 5027 631 5086 disse
650 5029 675 5085 a'
690 5029 826 5086 Cardinali
844 5031 894 5086 cbe
916 5031 1023 5086 buveva
1042 5028 1132 5085 inleso
1154 5027 1179 5084 lo
1200 5026 1316 5083 accordo
1339 5025 1410 5082 intra
1430 5021 1455 5079 el

127 5113 335 5172 Cristianissimo
350 5123 377 5173 et
393 5116 417 5174 lo
434 5118 605 5190 Imperudore
625 5137 717 5176 essere
732 5119 875 5188 concluso;
893 5137 935 5176 vua
950 5137 1003 5174 non
1025 5118 1094 5173 intro
1115 5116 1142 5172 in
1163 5115 1224 5174 altri
1240 5113 1395 5188 particulari
1400 5155 1453 5171 .....

129 5201 216 5270 Rome,
230 5204 324 5260 ultima
339 5205 404 5260 tulii
420 5207 664 5278 arcessebamus
679 5209 812 5278 Sarritor,
824 5207 987 5264 Franciscus
1002 5205 1131 5280 (lupellus
1148 5205 1281 5262 llundat..
1296 5225 1310 5258 n
1323 5205 1406 5278 (Clas.
1419 5205 1454 5276 X,

132 5289 190 5347 dist.
206 5295 232 5361 2,
254 5293 314 5350 lilza
328 5296 374 5360 45,
391 5311 442 5350 uc.
458 5297 532 5366 208).
