3612 6064
814 467 944 528 NOTICE
970 467 1254 540 Blounaruroua.

952 625 1060 728 copie
1079 627 1102 701 ia
1121 628 1240 702 Rome
1263 649 1334 727 par
1356 622 1556 718 Panvinio,
1578 647 1628 702 en
1653 622 1706 702 ll

950 759 1025 840 vor.
1046 758 1168 837 n-fn.
1192 755 1405 858 (rsa-lle),
1429 784 1522 836 avec
1545 784 1589 836 oe
1611 759 1707 836 atre

950 893 1189 997 generique:
1214 923 1232 964 «
1246 890 1358 970 Libri
1370 891 1707 972 caeremoniarum
1802 905 1803 908 ‘

956 1026 1096 1106 Curicc
1123 1025 1319 1106 Romanae
1346 1025 1583 1124 cetmtiorcs,
1606 1024 1706 1105 item

948 1157 1088 1240 Diurio
1126 1160 1401 1265 mapulrorum
1442 1159 1708 1241 cucrcrnonio-

950 1321 1054 1374 rum.
1079 1293 1241 1399 Collcpit
1263 1306 1301 1375 et
1317 1293 1427 1373 tomis
1445 1293 1525 1374 XII
1543 1293 1617 1399 (hic
1637 1322 1706 1374 uo-

952 1428 1162 1509 luminibus
1189 1427 1296 1531 XIV)
1326 1429 1367 1508 in
1395 1455 1509 1508 usum
1534 1429 1706 1510 loannis

948 1563 1125 1669 Fuppcri
1179 1563 1424 1668 transcripsit
1477 1563 1705 1669 onuphrius
1803 1633 1804 1680 ,

949 1697 1167 1778 Puncinius
1204 1697 1290 1776 ord.
1326 1723 1440 1777 ercrn.
1473 1697 1707 1802 Srhupus-
1803 1767 1804 1770 γ

946 1832 1021 1912 tini
1037 1834 1106 1935 (l).
1130 1865 1148 1905 r>

712 2133 727 2163 u
747 2105 914 2168 ILLVSTRI
934 2105 978 2163 ET
998 2104 1186 2164 GENEROSO
1207 2105 1347 2162 DOMINO
1473 2163 1479 2173 ,

690 2201 736 2257 10.
757 2199 890 2258 IACOBO
909 2197 1078 2255 rvuoaflo
1097 2194 1355 2254 Krncussanuha

734 2287 1012 2347 walssartfloffltr
1027 2287 1071 2343 ΕΤ
1084 2285 1160 2343 CET.
1181 2285 1321 2342 DOMINO
1360 2347 1362 2353 ,

528 2379 735 2440 ONVPHRIVS
753 2377 949 2438 PANVlNlVS
967 2375 1192 2434 VDRONENSIS
1212 2373 1534 2433 recreassemus

806 2465 1096 2526 AVGVSTlNthVS
1111 2465 1141 2522 S.
1162 2465 1194 2522 P.
1211 2463 1246 2522 D.

397 2649 412 2680 a
431 2627 475 2684 hd
490 2624 669 2691 orthodoxae,
687 2620 838 2680 catholicae
852 2625 880 2678 et
901 2617 1030 2678 salutaris
1045 2615 1194 2686 doetrinae,
1211 2635 1293 2692 quam
1308 2616 1433 2676 Christus
1448 2617 1582 2677 Dominus
1601 2628 1701 2680 noster
1804 2613 1805 2636 ³

361 2717 419 2774 vice
428 2717 490 2772 vira
504 2713 583 2772 nobis
598 2706 952 2771 tradiditconscrrationem
963 2712 991 2763 et
1004 2709 1203 2779 augumentum
1217 2702 1286 2760 nihil
1300 2701 1399 2760 iecisse
1412 2721 1495 2778 quam
1507 2705 1699 2779 apostolorum

361 2811 389 2860 et
403 2801 633 2876 evangelistarum
647 2797 843 2859 commentaris
853 2795 956 2870 scripto
970 2793 1063 2852 relicta
1072 2792 1316 2852 testamureximia
1328 2793 1394 2851 fidei
1408 2801 1519 2852 nostrae
1527 2794 1700 2854 incrementa

360 2907 477 2966 quornm
491 2889 569 2946 initia
581 2889 683 2948 Christi
698 2895 726 2946 et
739 2885 935 2960 discipdomm
948 2882 1128 2942 concionibus
1139 2884 1215 2959 jacta
1228 2883 1322 2942 tenuia
1339 2888 1368 2940 et
1380 2882 1461 2940 exilia
1474 2883 1592 2958 primum
1606 2887 1698 2954 lucre,

360 2978 461 3035 deinde
489 2978 686 3053 scriptionibus
710 2993 874 3050 comprensa
899 2981 987 3033 totum
1008 2981 1143 3032 terrarum
1169 2973 1263 3032 orbem
1288 2971 1500 3048 compleverunt.
1526 2973 1614 3044 Quam
1638 2993 1699 3032 rem

234 3135 237 3141 Ι
360 3065 445 3140 impii,
460 3073 489 3124 et
511 3065 607 3124 nelarii
626 3074 737 3125 nostrae
756 3063 898 3140 religionis
921 3065 1017 3121 hostes
1046 3063 1242 3134 Diocletianus,
1258 3069 1286 3120 et
1308 3061 1493 3126 Maximianus
1514 3063 1697 3138 Imperatores

360 3155 620 3226 animadvertentes,
633 3174 718 3232 quum
728 3155 912 3216 Christianam
922 3153 1055 3230 pietatem
1069 3153 1193 3212 funditus
1207 3153 1366 3212 exscindere
1375 3153 1592 3216 constituissent.
1606 3154 1698 3228 primo

361 3243 562 3320 persequtionis
578 3245 605 3304 in
621 3263 673 3303 noa
692 3245 835 3314 excitatae,
852 3243 942 3301 edicto
957 3243 1061 3318 scripta
1074 3249 1169 3301 nostm
1188 3243 1223 3300 ad
1241 3259 1350 3300 omnem
1366 3242 1506 3316 religionis
1520 3242 1698 3302 Christianae

360 3333 515 3392 memoriam
530 3335 679 3393 tollendam
693 3333 770 3392 exuri
782 3335 937 3409 jusserunt.
954 3333 1033 3403 Quod
1047 3333 1082 3390 ob
1101 3332 1217 3391 eandem
1231 3349 1359 3389 caussam
1372 3331 1436 3389 olim
1448 3332 1482 3388 de
1497 3329 1573 3388 libris
1589 3333 1695 3390 hlosai-

360 3424 400 3480 cis
420 3431 449 3482 et
462 3423 629 3500 propheticis
642 3424 809 3482 Antiochum
822 3423 1013 3499 Ephiphanem
1027 3421 1108 3480 simili
1121 3422 1213 3480 lurore
1235 3420 1347 3490 iecisse,
1362 3439 1448 3496 quum
1461 3420 1612 3478 iudeorum
1631 3421 1695 3497 pie·

361 3519 444 3571 tatem
459 3513 619 3590 extinguere
632 3514 782 3580 moliretur,
797 3520 935 3571 testantur
948 3511 1161 3570 blachabcorum
1180 3509 1241 3568 libri
1255 3516 1283 3568 et
1296 3509 1413 3568 Romani
1427 3509 1492 3586 ipsi,
1508 3529 1543 3568 ne
1562 3510 1618 3581 sui,
1632 3511 1696 3585 qui-

363 3603 425 3660 dem
446 3603 521 3678 regis
535 3603 639 3662 Numae
649 3603 775 3679 Pompilii
788 3601 990 3661 commentariis
1003 3601 1033 3658 in
1047 3618 1114 3676 agro
1128 3601 1247 3676 quodam
1265 3600 1294 3656 in
1307 3599 1433 3658 ianiculo
1451 3600 1578 3676 repertis,
1592 3600 1697 3674 quibus

356 3681 415 3756 jam
429 3700 538 3767 recepta
552 3711 630 3752 sacra
646 3692 803 3752 labefactari
828 3692 999 3762 ridebantur,
1015 3696 1205 3765 pepercerunt,
1219 3689 1268 3748 scd
1282 3689 1370 3748 medio
1391 3690 1420 3747 in
1437 3690 1496 3748 loro
1514 3705 1563 3747 eos
1577 3689 1695 3747 cremari

359 3779 479 3840 voluere.
496 3783 618 3840 Fuerunt
633 3781 715 3840 etiam
731 3782 844 3856 quidam
858 3781 906 3856 qui
920 3779 1006 3838 libros
1031 3777 1170 3838 Ciceronis
1185 3779 1219 3836 de
1239 3787 1337 3838 natura
1353 3782 1481 3851 Deorum,
1497 3781 1572 3857 quod
1585 3781 1693 3840 tabule·

360 3887 418 3927 sam
432 3871 551 3928 Deorum
570 3871 720 3929 vanitatem
736 3871 870 3929 refelleret
884 3872 1047 3928 damnantes
1062 3887 1110 3927 eos
1128 3867 1255 3927 incendio
1270 3871 1395 3928 consumi
1415 3871 1514 3929 debere
1536 3869 1696 3942 indicarint,

359 3965 468 4016 tantum
487 3959 639 4035 scriptaad
653 3959 813 4036 religionem
828 3959 977 4020 tollendam
993 3958 1037 4017 rel
1051 3960 1267 4018 conservandam
1287 3959 1374 4018 iacere
1395 3959 1600 4022 existimarunt.
1620 3961 1694 4030 Qum

359 4056 483 4107 econtra
497 4047 561 4124 pius
577 4051 726 4124 Imperator
741 4048 953 4120 Constantinus,
963 4067 1048 4124 quum
1062 4067 1117 4122 quo
1131 4047 1222 4108 animo
1236 4055 1263 4106 et
1276 4049 1389 4107 consilio
1404 4049 1560 4125 superiores
1571 4049 1695 4125 Tyranni

361 4155 456 4196 sacros
476 4139 562 4197 libros
576 4139 654 4197 exuri
673 4139 825 4216 jussissent
840 4139 958 4212 (seilicet
980 4145 1011 4196 ut
1029 4137 1145 4196 sublatis
1165 4139 1306 4197 codicibus
1329 4139 1435 4198 taedius
1458 4139 1587 4198 universa
1599 4139 1696 4214 religio

361 4226 521 4286 Christiana
534 4229 702 4302 concideret)
719 4229 924 4288 considerasset
936 4228 1082 4304 praecipuo
1098 4228 1190 4287 studio
1205 4247 1288 4303 quam
1301 4229 1507 4288 accuratissime
1521 4229 1694 4289 Christiano·

361 4333 422 4374 rum
436 4319 630 4378 commentaria
641 4319 776 4378 conscribi
782 4319 868 4395 jussit
881 4319 967 4376 multe
976 4315 1142 4393 exemplaria
1153 4317 1224 4388 iecit,
1240 4337 1327 4394 eaque
1345 4319 1380 4376 ad
1398 4326 1559 4395 perpetuam
1575 4315 1695 4394 posteri·

360 4405 428 4464 tatis
442 4409 600 4467 memoriam
615 4408 694 4482 (nihil
714 4408 803 4482 magis
816 4406 1005 4466 necessarium
1016 4423 1078 4466 esse
1093 4408 1126 4464 ad
1145 4405 1257 4482 pietatis
1279 4408 1512 4467 conservationem
1531 4405 1694 4485 prudentis-

362 4495 430 4554 sime
444 4497 618 4571 existimans)
630 4498 725 4574 reponi
735 4497 829 4574 jussit.
840 4497 993 4556 Hicmosin
1003 4495 1158 4572 praecipuis
1170 4503 1198 4554 et
1207 4495 1370 4556 necessariis
1379 4495 1696 4574 religionistristianae

360 4586 499 4661 mysteriis
511 4587 629 4664 primum
638 4587 782 4662 diligenter
792 4592 1035 4662 serratus,postea
1044 4586 1095 4644 Dei
1108 4586 1183 4644 cultu
1198 4593 1279 4645 aucto
1292 4588 1328 4644 ad
1344 4587 1513 4647 ceremonias
1528 4594 1557 4646 et
1565 4586 1695 4645 solennes

360 4675 439 4748 ritus,
455 4675 556 4752 quibus
571 4677 734 4754 populorum
749 4677 839 4752 pietas
859 4683 887 4736 et
903 4675 999 4752 religio
1022 4676 1141 4735 maxime
1160 4676 1316 4735 custoditur
1336 4678 1489 4737 translatus
1512 4683 1562 4747 est,
1579 4675 1697 4751 librique

360 4765 448 4838 multi,
465 4785 535 4842 quos
550 4766 663 4826 rituales
676 4775 783 4826 veteres
803 4767 981 4842 appellabant
993 4767 1029 4824 ab
1044 4765 1186 4842 Episcopis
1199 4765 1418 4826 Christianorum
1436 4767 1583 4844 gentilium
1602 4783 1696 4824 exem·

359 4855 404 4930 plo
424 4855 489 4915 editi
510 4863 575 4916 sunt
595 4855 696 4932 quibus
719 4857 948 4916 caeremoniarum
973 4875 1113 4916 sacrarum
1135 4857 1164 4913 in
1181 4864 1415 4916 sacramentorum
1440 4855 1697 4916 Ecclesiasticorum

359 4943 506 5005 exibitione
516 4953 677 5023 perpetuus,
689 4952 831 5014 constans,
843 4952 871 5004 et
888 4945 1028 5004 unilormis
1038 4946 1105 5003 ordo
1116 4945 1151 5003 ad
1160 4945 1298 5003 Ecclesiae
1308 4947 1481 5021 majestatem
1490 4954 1518 5006 et
1532 4945 1697 5022 populorum

361 5031 532 5094 devotionem
553 5035 725 5095 retinendam
749 5034 997 5110 comprenderetur.
1018 5033 1070 5092 llic
1087 5033 1234 5092 missarum
1253 5034 1289 5094 S.
1308 5035 1404 5094 iacobi
1427 5035 1562 5112 Apostoli,
1582 5032 1696 5101 Justim',

363 5120 523 5192 Clementis,
546 5125 714 5197 Tertulliani,
739 5123 878 5199 Dionysii,
902 5124 1102 5200 Chrysostomi,
1120 5122 1216 5182 Basilii
1236 5124 1339 5198 magni,
1363 5125 1527 5199 Innocentii,
1546 5121 1649 5183 Gelasii
1672 5123 1699 5180 et

362 5211 489 5286 Gregorii
507 5215 579 5288 libri,
591 5236 661 5292 quos
671 5214 776 5291 antiqui
786 5214 907 5286 rituales,
918 5214 1065 5274 Christiani
1075 5231 1139 5274 vero
1153 5211 1263 5272 ordines
1276 5213 1334 5273 sive
1343 5215 1556 5277 caeremoniales
1567 5229 1698 5274 sumsere
