3502 6036
108 611 301 674 [taudertbttt]
433 609 558 668 RERUM
583 609 809 668 URBANARUM
833 610 1093 669 COMMENTAHII.
1377 617 1426 674 tot

107 765 250 838 limitare
269 788 315 838 ac
333 771 472 854 taxare,
493 772 529 838 et
547 766 703 861 desuper
721 789 803 838 cum
824 764 923 861 ipsis,
946 765 1038 837 sicut
1056 765 1185 838 nuntio
1205 770 1241 838 et
1259 769 1428 840 commis-

107 891 194 964 sario
211 913 254 962 ae
281 890 500 986 deputandis
523 895 559 964 et
586 891 869 987 subdelegandis
895 891 1070 986 predictis
1098 890 1221 963 utilius
1249 892 1426 966 videbitur

107 1037 295 1111 exponere,
327 1039 467 1088 necnon
493 1015 616 1089 omnia
637 1015 736 1088 circa
762 1015 833 1087 hoc
856 1015 898 1086 ad
929 1014 1127 1086 salutarem
1153 1020 1188 1086 et
1211 1015 1426 1090 celeriorem

105 1139 363 1235 expeditionem
386 1139 590 1214 faciendam
615 1163 814 1236 procurare
844 1144 880 1211 et
899 1139 1086 1228 ordinare,
1108 1145 1143 1212 et
1169 1143 1205 1212 ut
1222 1141 1426 1215 oblationes

104 1264 303 1360 hujusmodi
320 1264 476 1338 fideliter
493 1265 679 1362 colligant,
702 1269 739 1338 et
755 1264 907 1338 collecte
926 1270 1199 1356 conserventur,
1216 1287 1258 1339 ac
1277 1265 1424 1340 illarum

104 1393 291 1486 proventus
310 1388 347 1461 in
365 1389 436 1463 hoc
454 1389 722 1462 sanctissimum
742 1395 777 1463 et
795 1388 1042 1462 necessarium
1055 1412 1146 1485 opus
1165 1397 1291 1463 contra
1308 1392 1425 1464 crucis

103 1512 224 1586 Christi
251 1512 423 1588 inimicos
447 1521 483 1588 et
510 1515 641 1587 nonin
669 1514 779 1587 aliam
800 1537 948 1588 causam
976 1514 1124 1586 omnino
1148 1521 1421 1604 convertantur,

101 1637 255 1711 volumus
274 1639 375 1734 quod
392 1638 541 1713 nuntius
562 1645 596 1710 et
620 1639 908 1728 commissarius
935 1663 999 1711 scu
1018 1639 1217 1735 deputandi
1238 1643 1272 1711 et
1295 1640 1425 1714 subde-

100 1761 231 1858 legandi
250 1763 408 1860 predicti
434 1765 468 1836 in
497 1762 646 1860 singulis
670 1763 834 1837 ecclesiis
858 1763 958 1837 adid
981 1787 1047 1860 per
1065 1763 1162 1860 ipsos
1181 1763 1419 1854 ordinandos,

101 1909 198 1959 tinam
217 1887 272 1960 vel
291 1887 417 1982 plures
434 1911 565 1984 capsas
584 1887 763 1962 clausuris
783 1895 818 1960 et
841 1887 1003 1960 clavibus
1027 1888 1119 1960 bene
1138 1889 1297 1961 munitas
1315 1895 1424 1984 prout

99 2011 157 2084 sibi
175 2018 210 2086 et
222 2012 445 2108 deputandis
459 2019 496 2088 et
514 2011 795 2109 subdelegaudis
815 2013 987 2108 predictis
1006 2011 1195 2096 videbitur,
1215 2012 1419 2101 ordinetur,

99 2143 130 2207 et
144 2135 317 2232 quidquid
328 2160 372 2210 ex
386 2159 458 2210 una
472 2160 614 2233 quaque
627 2160 737 2233 capsa
753 2137 894 2210 extrahi
907 2137 1095 2232 continget
1109 2160 1175 2232 per
1192 2136 1421 2212 authenticas

102 2283 265 2356 personas
279 2263 464 2350 annotari,
479 2266 516 2336 et
527 2262 616 2334 illud
636 2266 765 2352 totum,
786 2262 822 2334 in
842 2262 1057 2359 premissam
1076 2285 1224 2334 causam
1245 2267 1278 2334 et
1294 2285 1367 2335 non
1385 2263 1421 2334 in

101 2385 179 2459 alios
196 2409 286 2459 usus
306 2386 456 2459 omnino
483 2387 782 2478 convertendum,
808 2387 853 2461 ad
877 2410 1061 2460 cameram
1083 2386 1318 2482 apostolicam
1334 2385 1421 2462 tide-

99 2510 170 2582 liter
186 2510 384 2584 transferri
403 2493 464 2584 seu
487 2513 733 2586 transmittere
753 2517 945 2609 procurata
970 2511 1050 2584 etsi
1073 2511 1196 2585 forsan
1213 2535 1322 2608 super
1340 2535 1421 2608 pre-

100 2636 281 2708 missorum
318 2635 530 2710 executione
559 2641 596 2710 et
623 2637 847 2733 presentium
871 2637 1072 2711 litterarum
1098 2635 1346 2724 concessione,
1377 2660 1419 2710 ac

100 2757 230 2832 illerum
245 2759 420 2833 clausulis
438 2767 473 2834 et
485 2761 602 2833 verbis
621 2761 742 2857 aliqua
756 2761 866 2836 dubia
883 2759 1155 2856 quomodolibet
1174 2758 1416 2848 exorirentur,

101 2883 252 2978 ejusdem
270 2884 388 2956 nuntii
407 2892 442 2958 et
459 2885 699 2958 commissarii
717 2887 778 2982 qui
797 2887 842 2960 de
869 2885 1058 2983 premissis
1075 2883 1181 2976 plene
1202 2883 1419 2957 informatus

100 3007 219 3096 existit,
243 3031 288 3082 ae
312 3009 422 3082 etiam
446 3011 737 3106 deputandorum
757 3019 792 3083 et
809 3010 1165 3107 subdelegandorum
1183 3009 1275 3082 adeo
1294 3009 1417 3082 decla-

99 3132 215 3204 rationi
232 3143 270 3206 et
291 3133 594 3230 interpretationi,
619 3137 726 3209 toties
749 3137 891 3231 quoties
917 3159 1008 3232 opus
1025 3134 1146 3224 fuerit,
1173 3133 1260 3206 stari
1281 3133 1417 3208 debere

99 3257 332 3346 deterrimae,
352 3266 386 3330 et
399 3265 437 3332 ut
456 3259 658 3349 animarum
670 3261 766 3334 salus
778 3285 821 3334 eo
834 3260 1192 3357 potiusproeuretur,
1211 3281 1283 3354 quo
1303 3259 1418 3356 magis

100 3380 239 3456 aliorum
267 3391 378 3480 egent
406 3383 600 3480 suffragiis,
634 3393 670 3458 et
701 3385 918 3481 quominus
949 3385 1018 3458 sibi
1049 3383 1228 3480 proficere
1259 3383 1414 3474 valeant,

98 3505 302 3582 auctoritate
329 3507 494 3602 predicta
518 3509 562 3582 de
588 3510 757 3584 thesauro
782 3515 905 3584 sancte
928 3507 1055 3582 matris
1078 3507 1246 3596 ecclesie,
1275 3508 1416 3580 auima-

99 3626 154 3700 bus
182 3631 216 3702 in
242 3633 459 3728 purgatorio
495 3633 732 3708 existentibus
760 3658 830 3730 que
852 3655 919 3730 per
951 3633 1142 3706 caritatem
1169 3632 1215 3704 ab
1241 3631 1311 3704 hac
1334 3631 1415 3706 luce

98 3751 211 3828 Christi
229 3754 481 3846 decesserunt,
504 3763 541 3831 et
564 3781 647 3854 que,
669 3759 756 3832 dum
782 3759 952 3846 viverent,
983 3763 1134 3854 paterno
1151 3755 1415 3852 compatientes

97 3876 224 3970 affeetu,
250 3887 428 3976 quantum
459 3905 542 3956 cum
573 3887 649 3957 [teo
671 3907 877 3980 possumus
902 3903 1114 3956 succererre
1139 3881 1340 3978 cupientes,
1370 3880 1414 3954 de

96 4001 199 4078 divina
219 4004 474 4081 misericordia
502 4014 538 4082 et
558 4007 756 4104 apostolice
779 4007 968 4106 potestatis
992 4004 1231 4104 plenitudine,
1249 4005 1414 4078 volumus

99 4132 127 4200 et
143 4130 393 4205 concordimus
413 4140 452 4206 ut
472 4133 502 4206 si
522 4133 583 4230 qui
603 4139 786 4232 parentes
804 4133 910 4208 amici
927 4139 989 4206 aut
1004 4131 1115 4206 ceteri
1138 4130 1271 4205 Christi
1287 4129 1413 4204 fideles

98 4251 215 4346 pietate
239 4257 414 4332 commoti
442 4281 508 4354 pro
532 4258 620 4355 ipsis
647 4257 1075 4354 animabuspurgutorio
1100 4257 1175 4353 igni
1198 4280 1264 4354 pro
1292 4256 1414 4352 expia-

98 4375 182 4451 tione
212 4403 392 4478 penerum
416 4382 555 4457 eisdem
585 4382 784 4458 secundum
818 4382 973 4456 divinam
999 4381 1179 4479 justitium
1208 4380 1413 4455 debitarum

98 4505 266 4598 expositis,
293 4505 448 4582 durante
470 4507 566 4582 dicto
586 4516 750 4606 tempore
782 4507 992 4604 indagentie
1020 4506 1066 4580 ad
1095 4531 1185 4604 opus
1204 4505 1412 4602 hujusmodi

99 4625 240 4722 aliquam
269 4631 541 4732 eleemosynam
570 4635 675 4732 juxta
698 4633 814 4706 nuntii
840 4638 876 4706 et
900 4631 1142 4706 commissarii
1167 4655 1210 4706 ac
1233 4629 1413 4727 deputan-

99 4747 211 4828 dorum
229 4765 264 4832 et
285 4756 641 4856 subdelegandorum
658 4758 901 4857 predictorum
918 4757 975 4832 vel
992 4757 1144 4854 alicujus
1170 4777 1296 4830 eorum
1315 4753 1412 4827 ordi-

99 4877 229 4952 natione
250 4880 366 4956 dictas
394 4884 568 4958 eeclesias
595 4884 790 4958 visitandas
814 4883 873 4982 pie
898 4882 1140 4980 erogaverint,
1156 4889 1194 4955 ut
1217 4879 1409 4978 prefertur,

101 5020 155 5091 pro
168 5003 326 5098 plenaria
341 5030 517 5103 penarum
534 5009 755 5084 relaxatione
775 5008 1004 5104 suffragetur,
1022 5030 1063 5080 ue
1081 5027 1207 5078 omnes
1224 5005 1412 5100 utriusque

101 5145 191 5199 sexus
208 5129 336 5205 Christi
359 5132 486 5208 tideles
502 5134 546 5208 de
567 5134 743 5208 similibus
759 5133 1013 5232 potestatibus,
1031 5129 1253 5228 plenitudine
1270 5135 1306 5204 et
1318 5130 1410 5204 libe-

101 5248 225 5326 ralitate
252 5257 313 5352 qui
343 5281 472 5332 manus
494 5259 697 5359 adjutrices
720 5259 767 5332 ad
785 5257 993 5356 hujusmodi
1022 5281 1126 5354 opus,
1150 5254 1328 5329 visitando
1356 5255 1412 5330 vel
