3506 6034
77 533 135 599 [uu
149 531 217 598 tcta]
399 529 526 588 RERUM
550 528 778 590 URBANARUM
802 531 1066 592 comentariu.
1348 537 1402 594 207

75 689 117 765 orl
136 685 417 786 processionem,
444 707 515 782 que
541 683 638 760 lacta
663 691 720 761 est
744 691 853 784 prout
876 688 996 762 lueret
1018 687 1197 763 intimate.
1226 691 1399 765 cursores

76 813 245 890 dederunt
263 810 539 887 relationemde
561 810 727 886 examine
749 813 861 890 trium
881 813 1133 888 mandatorum
1155 837 1223 911 per
1245 838 1308 888 eos
1331 839 1398 913 pro

74 937 271 1038 hujusmodi
300 935 532 1035 processione
556 942 792 1012 executurum
822 939 903 1014 heri
928 943 973 1015 D.
1002 939 1236 1038 gubernatori
1266 939 1394 1015 Urbis:

73 1063 332 1140 abbreviaturas
349 1063 394 1138 de
412 1062 677 1160 primavisione
696 1069 734 1140 et
748 1088 858 1163 parco
878 1065 1011 1142 minori
1031 1071 1068 1142 et
1087 1066 1263 1164 magister
1283 1065 1398 1164 regis-

74 1196 203 1264 trorum
222 1189 404 1263 bullarum
428 1192 465 1263 et
487 1187 788 1286 supplicationum
809 1215 883 1266 non
906 1191 1148 1266 interfuerunt
1166 1213 1234 1266 nec
1254 1191 1400 1266 luerunt

72 1315 192 1404 vocati,
208 1318 362 1412 propter
376 1313 653 1388 contentionem
662 1337 843 1390 annorum
859 1317 1101 1415 superiorum.
1112 1316 1184 1390 Via
1195 1316 1262 1389 luit
1273 1321 1401 1390 ornata

73 1464 130 1539 per
152 1439 357 1516 cardinales
381 1443 489 1537 prout
511 1440 613 1514 annis
639 1441 897 1538 superioribus.
923 1445 1009 1517 Posi
1031 1465 1158 1517 omnes
1177 1441 1396 1534 cardinales,

73 1566 292 1640 incesserunt
314 1564 417 1638 mimi
441 1569 613 1664 tympana
637 1571 808 1641 sonantes
833 1590 988 1666 quorum
1014 1591 1108 1642 unus
1132 1566 1200 1640 luit
1222 1565 1268 1666 (l)
1289 1591 1399 1665 super

73 1689 227 1788 planellis
238 1689 316 1764 suis
329 1689 478 1766 circiter
492 1690 620 1766 decem
634 1691 864 1782 ducatorum,
880 1696 917 1768 et
929 1696 1012 1790 post
1024 1715 1087 1766 eos
1100 1691 1172 1766 dux
1183 1691 1398 1768 Valentinus

73 1838 147 1890 cum
161 1815 347 1889 nobilibus
362 1817 449 1906 suis,
468 1815 600 1891 deinde
616 1821 726 1914 Papa,
747 1823 831 1915 post
852 1841 961 1914 quem
982 1823 1110 1916 gentes
1128 1839 1398 1914 armorumque

74 1940 172 2014 etiam
187 1940 336 2015 iverunt
347 1941 453 2039 juxta
467 1941 740 2038 processionem
752 1942 839 2016 hine
855 1947 892 2017 et
909 1941 1007 2036 inde,
1025 1943 1070 2018 ab
1087 1941 1182 2017 illius
1197 1941 1397 2040 principio:

74 2065 254 2139 cardinalis
280 2064 567 2162 caputaquensis
592 2065 841 2142 celebraturus
866 2067 1016 2142 missam
1037 2089 1112 2142 non
1128 2067 1229 2142 venit
1252 2066 1299 2141 ad
1315 2089 1400 2165 pro·

75 2190 269 2265 cessionem
296 2190 364 2266 sed
386 2190 578 2265 associavit
595 2191 714 2266 solum
736 2193 774 2266 in
796 2192 1019 2291 paramentis
1041 2195 1177 2290 Papam
1192 2191 1237 2266 de
1257 2213 1403 2267 camera

76 2315 246 2414 Papagalli
261 2339 377 2413 usque
390 2314 437 2390 ad
449 2339 596 2414 parvam
610 2317 788 2415 capellam
802 2317 861 2393 ubi
874 2321 958 2416 post
969 2339 1154 2392 recessum
1167 2320 1277 2414 Papo,
1291 2315 1403 2415 depo·

77 2439 144 2514 sitis
160 2441 399 2539 paramentis,
419 2442 562 2540 accepit
581 2465 733 2540 cappam
751 2445 789 2516 et
806 2443 903 2517 venit
921 2443 968 2518 ad
984 2443 1097 2517 altare
1119 2441 1240 2540 majus
1254 2440 1401 2516 basilice

78 2589 102 2638 s.
118 2567 209 2641 Petri
228 2567 292 2642 ubi
313 2567 461 2642 indutus
479 2574 534 2642 est
550 2569 772 2666 paramentis
792 2567 998 2643 missalibus
1018 2566 1213 2644 consuetis.
1233 2571 1319 2642 Post
1337 2567 1403 2642 ad·

77 2697 210 2766 rentum
226 2697 341 2790 Papa,
357 2692 502 2791 incepta
513 2700 567 2768 est
581 2694 693 2768 missa
705 2701 742 2770 et
754 2693 824 2768 alia
836 2693 960 2768 omnia
972 2697 1055 2768 acta
1065 2697 1150 2766 sunt
1162 2716 1264 2766 more
1279 2693 1400 2768 solito.

78 2819 144 2889 Non
158 2817 256 2892 dicta
272 2823 331 2894 est
342 2841 463 2916 prose,
479 2817 563 2916 quia
577 2822 675 2918 Papa
689 2819 872 2894 mandarit
886 2819 1096 2895 cantoribus
1111 2817 1209 2916 quod
1221 2817 1404 2894 abbrevia-

79 2949 149 3015 rent
161 2951 314 3018 cantum
330 2967 450 3034 suum,
470 2945 566 3042 quod
581 2945 760 3020 lecerunt.

119 3069 289 3160 Sabbnto,
317 3069 464 3143 aedisti
488 3070 624 3146 mensis
648 3071 747 3162 maii,
775 3079 857 3170 post
880 3072 1008 3148 boram
1029 3094 1274 3171 vesperarum,
1297 3069 1405 3147 ducta

79 3191 209 3270 luerunt
224 3194 275 3270 de
290 3193 369 3293 ripa
384 3218 452 3292 ρετ
466 3199 643 3293 Campum
660 3197 765 3272 Flore
781 3198 827 3272 ad
846 3205 1003 3272 castrum
1023 3223 1052 3271 s.
1070 3199 1199 3296 Angeli
1222 3197 1405 3274 artelleria

80 3317 152 3392 olim
164 3319 346 3412 Foderici,
363 3320 459 3418 regis
475 3321 717 3419 Neapolitani,
729 3345 800 3419 que
814 3323 941 3398 habuit
956 3324 993 3398 in
1008 3325 1125 3399 lschia
1140 3331 1176 3399 et
1198 3328 1295 3422 Papa
1315 3323 1405 3398 emit

80 3467 184 3544 araga
195 3446 377 3522 tredecim
391 3447 506 3522 millia
517 3446 752 3522 ducatorum:
766 3449 1119 3526 estimabanturesse
1131 3450 1263 3525 valoris
1275 3449 1403 3524 decem

80 3569 189 3647 millia.
219 3576 384 3648 Fuerunt
409 3597 558 3648 carruca
586 3574 784 3671 octoginta,
808 3598 961 3672 quarum
990 3575 1130 3674 singule
1159 3574 1398 3650 trahebantur

81 3698 220 3791 quedam
235 3723 308 3798 per
321 3723 432 3774 unum
445 3705 591 3798 equ'um,
609 3699 765 3798 quedem
780 3723 847 3798 per
858 3701 950 3776 duos
964 3700 1129 3793 bubaloS,
1144 3701 1214 3778 alie
1228 3725 1295 3800 per
1308 3707 1396 3793 tres,

80 3819 138 3895 alie
157 3847 223 3922 ρετ
244 3847 313 3899 sex
336 3825 454 3899 mulos
476 3848 485 3898 ι
508 3824 681 3922 inprime
703 3831 739 3900 et
758 3826 919 3900 secunda
939 3849 1091 3902 carruca
1110 3833 1212 3902 erant
1231 3825 1399 3925 sclopetti

79 3966 138 4040 pro
153 3948 282 4025 baucis
303 3957 341 4025 et
365 3950 475 4026 etiam
497 3950 707 4041 manuales,
729 3950 966 4050 insequenti,
995 3952 1031 4026 in
1053 3952 1225 4050 qualibet,
1247 3958 1320 4026 tres
1345 3951 1399 4025 vel

81 4077 220 4164 quatuor
239 4082 305 4151 aut
327 4100 391 4152 sex
408 4076 668 4170 bombardelle,
687 4077 891 4152 successive
910 4077 947 4151 in
968 4077 1048 4152 aliis
1069 4077 1220 4177 singulis
1240 4077 1398 4152 carrucis
1541 4067 1543 4074 ’

81 4200 243 4294 usquead
263 4199 388 4298 uiginti
411 4201 500 4277 duas
521 4227 707 4296 uerrucas;
725 4203 875 4279 luerunt
893 4227 967 4278 una
984 4203 1040 4278 rel
1062 4204 1131 4278 due
1149 4202 1347 4278 bombarde
1362 4201 1396 4275 in

80 4319 242 4417 vigesima
256 4327 418 4403 secunda
432 4333 601 4422 carretta,
620 4335 657 4404 et
673 4330 875 4404 successive
890 4329 927 4402 in
942 4328 1094 4427 singulis
1109 4351 1223 4428 usquo
1238 4327 1285 4403 ad
1301 4327 1399 4425 vige·

82 4440 198 4521 simam
213 4449 379 4552 quintam
396 4459 573 4528 carratam
589 4453 737 4530 luerunt
754 4479 826 4530 una
844 4455 1044 4531 bombarde
1061 4479 1207 4554 magna,
1225 4461 1260 4529 et
1278 4453 1400 4552 plures

82 4589 118 4640 er
140 4571 188 4646 eis
210 4575 456 4673 pulcherrime
473 4587 516 4654 vet
539 4579 642 4654 lortis
667 4581 941 4679 compositionis
964 4605 972 4656 :
996 4579 1243 4678 sequebantur
1260 4576 1400 4674 pedites

82 4715 223 4774 numero
238 4699 311 4790 duo
326 4703 439 4778 millia
452 4704 508 4780 vel
530 4705 629 4780 circa
648 4705 815 4780 ordinate
837 4712 872 4780 et
890 4710 1030 4804 septem
1050 4705 1087 4778 in
1108 4703 1268 4801 quolibet
1285 4721 1401 4773 mem*

83 4816 141 4894 bro
154 4820 361 4904 incedentes
377 4853 460 4906 cum
480 4831 631 4924 lanceis,
647 4831 853 4924 ellabardis,
872 4831 1069 4930 sclopettis‚
1083 4837 1166 4928 post
1179 4825 1262 4902 illos
1275 4823 1400 4923 viginti

85 4952 212 5042 reptem
236 4973 387 5028 carruca
406 4955 550 5054 pallotis
575 4955 704 5030 terreis
728 4963 879 5030 onerate
906 4955 1037 5030 deinde
1063 4977 1146 5028 cum
1169 4950 1283 5026 tribus
1304 4947 1402 5021 bari

115 5129 137 5188 l.
154 5131 243 5208 Lepon
261 5138 406 5216 deChigi,
422 5140 441 5198 l.
456 5141 519 5213 397,
540 5149 568 5198 r⁰
590 5149 618 5200 et
636 5143 674 5200 du
695 5143 811 5201 5522-4.
833 5141 871 5198 be
889 5157 958 5199 mss.
980 5139 1189 5198 151ἀοτιτιει.
1195 5135 1407 5198 ..incesserunt

85 5210 199 5282 bullenus
210 5229 377 5290 temburrino
393 5238 536 5304 meantes,
552 5249 666 5308 quorum
687 5250 759 5292 unus
773 5233 880 5292 ivit...
1310 5271 1313 5278 »
