3612 6064
568 474 704 536 ,nortem
732 473 1015 542 BIOGRAPHIQUE.
1408 497 1459 536 cxv

126 633 257 705 Rome.
283 631 406 706 Traite'
432 635 537 706 entre
566 655 609 705 ce
630 622 702 730 roy
730 634 767 704 et
790 627 825 703 le
848 653 946 730 pape
969 627 1186 706 Alexandra
1206 631 1255 704 Vl
1275 632 1457 707 touchant

125 766 215 840 Gem
247 761 408 855 Sultam,
439 762 539 838 frere
568 761 620 836 du
648 759 1004 858 Grand-Seigneur.·
1017 762 1206 837 Eutrevue
1231 760 1283 838 du
1313 765 1395 864 Roy
1418 771 1457 839 et

123 899 171 975 du
190 901 296 1001 Pape
325 905 362 976 et
390 896 446 973 les
475 895 708 973 cdre'monies
736 897 939 972 observees
967 921 1038 998 par
1061 897 1096 972 lc
1120 900 1223 999 Pape
1242 923 1341 999 pour
1359 897 1455 973 faire

122 1106 282 1179 antiquitate
296 1111 367 1180 pene
381 1107 501 1180 corrupti
515 1105 578 1163 libri
593 1103 717 1162 missales
732 1104 852 1161 ordinem
865 1103 966 1162 missae
980 1122 1053 1162 more
1065 1105 1177 1178 Gallico,
1194 1105 1276 1181 louge
1288 1107 1454 1164 aRomanae

123 1196 254 1255 Ecclesiae
279 1196 480 1254 consuetudine
505 1196 660 1264 diversum,
682 1193 871 1264 continentes,
894 1195 940 1267 qui
961 1195 997 1251 ab
1020 1194 1098 1252 initio
1118 1201 1243 1270 receptae
1262 1197 1328 1254 ‘fidei
1342 1211 1411 1254 usus
1425 1197 1453 1252 iu

122 1286 203 1342 Gallia
225 1285 340 1343 babitus
363 1292 423 1353 est,
439 1302 526 1358 usque
549 1286 584 1344 ad
605 1283 693 1341 Caroli
714 1282 810 1357 Magni
833 1290 974 1358 tempora,
998 1285 1099 1358 quibus
1118 1285 1243 1342 sacrificii
1257 1285 1379 1352 formam,
1396 1304 1451 1359 qua

122 1375 197 1432 bodie
220 1381 338 1432 utuntur
347 1375 375 1431 in
401 1374 489 1432 Gallia
508 1379 536 1432 et
558 1373 712 1440 Germania,
729 1371 859 1447 suscepit.
877 1366 973 1429 Omnis
989 1373 1073 1447 igitur
1087 1373 1186 1442 Gallia,
1203 1375 1357 1444 Germania,
1374 1375 1451 1432 ltalia

121 1470 222 1536 praeter
232 1462 424 1521 Mediolanum
439 1463 494 1536 (cui
509 1461 647 1520 Ecclesiae
661 1461 697 1519 ad
710 1461 831 1520 auctoris
845 1461 1025 1519 reverentiam
1040 1463 1074 1519 D.
1089 1463 1227 1521 Ambrosii
1247 1464 1315 1521 ritus
1335 1463 1449 1537 permis·

121 1571 165 1609 sus
179 1555 229 1624 est)
250 1551 332 1609 facile
352 1552 491 1610 Romanas
510 1551 695 1608 caeremonias
714 1550 875 1608 auctoritate
895 1551 1033 1608 Romanae
1054 1551 1129 1608 sedis
1150 1558 1177 1608 et
1200 1552 1320 1626 episcopi
1339 1551 1382 1610 sui
1401 1552 1449 1608 ad-

120 1642 221 1711 ductae,
236 1647 436 1716 suscepemut.
455 1643 625 1716 Quamquam
640 1647 670 1698 ut
684 1641 858 1715 supradictus
872 1639 1020 1698 Hilduinus
1031 1640 1158 1711 affirmat,
1169 1659 1253 1716 quum
1264 1642 1449 1711 Innocentius,

120 1729 235 1787 Gelasius
249 1736 277 1788 et
292 1730 448 1805 Gregorius
463 1730 581 1788 Romani
596 1729 743 1787 Pontifices
758 1729 908 1804 Episcopus
924 1728 1072 1787 Galliarum
1091 1732 1127 1788 ad
1148 1732 1288 1790 Romanas
1307 1737 1451 1790 consuetu-

119 1819 188 1875 dines
200 1819 400 1894 suscipiendas
416 1819 463 1876 diu
478 1819 671 1892 solicitassent)
684 1820 742 1893 jam
751 1823 809 1874 tum
817 1817 941 1892 pluribus
950 1817 1030 1876 anuis
1040 1826 1123 1877 antea
1131 1821 1240 1894 priscus
1251 1821 1295 1878 illo
1305 1821 1450 1877 missarum

119 1925 171 1964 mos
184 1926 201 1965 a
213 1907 322 1966 Gallica
336 1907 536 1966 consuetudine
551 1925 607 1965 uon
622 1907 689 1963 nihil
704 1906 875 1964 recessisset.
892 1906 1006 1982 llispani
1021 1925 1111 1982 porro,
1124 1907 1211 1982 quiin
1226 1910 1310 1968 semel
1321 1916 1449 1983 suscepto

117 1995 232 2056 instituto
253 1999 363 2056 tuendo
377 1997 591 2072 pertinacissimi
606 2005 681 2068 suut,
698 1995 790 2054 multis
805 1996 886 2054 anuis
898 1997 986 2054 avitas
1001 1999 1215 2058 consuetudines
1227 1999 1449 2058 constantissime

118 2085 296 2145 retinuerunt·
320 2089 414 2144 Donec
436 2095 575 2161 postremo
598 2087 740 2162 Alphouso
764 2085 808 2142 Vl.
834 2086 882 2160 qui
903 2085 1028 2144 Toletum
1044 2087 1078 2143 de
1093 2087 1250 2144 Sarracenis
1266 2086 1447 2162 recuperavit,

118 2181 248 2248 regnante,
266 2175 398 2251 Gregorii
412 2175 472 2235 Vll.
486 2177 578 2251 Papae
593 2192 688 2243 suasu,
704 2173 825 2249 impulsu
838 2189 900 2231 vero
916 2174 1092 2233 Constantine
1112 2175 1307 2251 Hispaniamm
1326 2177 1449 2252 Reginae

116 2263 243 2322 Gallorum
257 2263 352 2340 Regis
367 2264 438 2322 tiliae
454 2270 518 2340 post
530 2264 664 2322 maximas
679 2263 867 2322 contentiones
878 2270 906 2321 ct
920 2264 1052 2322 clamores
1066 2265 1093 2322 vi
1105 2267 1201 2336 coacti,
1219 2283 1273 2324 uon
1288 2266 1348 2324 sine
1357 2267 1448 2342 lacry-

119 2351 164 2408 mis
180 2353 274 2427 patriis
300 2353 402 2412 ritibus
425 2354 545 2420 relictis,
561 2352 679 2412 Gallicas
699 2352 757 2409 sive
771 2353 912 2410 Romanas
927 2354 1112 2411 caeremonias
1126 2373 1282 2430 suscepere,
1294 2355 1342 2430 qni
1358 2362 1448 2413 tamen

116 2441 211 2514 priscus
223 2460 283 2500 mos
300 2461 359 2500 non
370 2443 409 2500 ita
426 2443 549 2500 funditus
565 2439 621 2499 tolli
636 2440 735 2516 potuit,
751 2441 819 2515 quin
832 2441 914 2498 hodie
929 2442 1015 2499 Toleti
1035 2443 1062 2497 in
1083 2443 1248 2518 quibusdam
1267 2444 1405 2514 Ecclesiis,
1421 2451 1448 2502 et

117 2530 233 2588 sediculis
257 2532 344 2589 certis
365 2532 464 2590 diebus
484 2549 538 2592 nou
559 2531 736 2600 observetur,
756 2537 787 2588 ut
806 2530 887 2588 latius
907 2531 936 2586 iu
955 2531 1083 2588 Roderici
1098 2531 1220 2590 Toletani
1234 2532 1349 2590 historia
1362 2533 1447 2608 expli·

116 2627 192 2676 catur.
217 2622 313 2692 Quum
338 2621 423 2694 igitur
447 2623 602 2678 Romanum
625 2621 700 2677 bunc
721 2620 843 2676 ordinem
867 2619 955 2690 ltalia,
982 2619 1257 2692 Gallia,.Germania,
1272 2628 1300 2678 et
1315 2621 1448 2696 Hispania

118 2709 309 2784 suscepissent,
324 2710 403 2767 facile
415 2728 525 2786 quoque
536 2709 632 2767 cetaria
646 2708 796 2766 occidentis
809 2708 957 2782 provinciis
969 2715 1000 2766 ut
1009 2709 1134 2782 Angliae,
1147 2709 1294 2767 Saxoniae.
1306 2709 1444 2780 Poloniae,

119 2797 260 2866 Bobeniae,
274 2806 308 2857 et
319 2800 433 2874 reliquis
448 2799 726 2875 praeclarissimorum
741 2815 888 2872 regnorum
904 2816 1005 2855 morem
1019 2799 1143 2873 aequatis
1163 2800 1380 2858 communicatus
1392 2807 1445 2857 est.

118 2885 192 2960 Cujus
213 2906 323 2964 magna
343 2890 435 2946 adbuc
456 2907 491 2947 ex
514 2897 591 2964 parte
617 2888 733 2962 vestigia
755 2894 917 2964 supersunt.
936 2885 1036 2944 Tribus
1061 2895 1152 2945 autem
1166 2889 1210 2945 bis
1225 2888 1323 2946 libellis
1338 2890 1448 2964 publica

119 2976 209 3034 tantum
225 2978 284 3036 sive
306 2978 429 3038 solennis
443 2980 590 3036 missarum
606 2977 777 3036 caeremonia
791 2977 956 3048 continetur,
973 2995 1054 3050 quam
1069 2977 1212 3035 Romanus
1227 2979 1353 3036 Pontifex
1367 2999 1445 3054 prae·

118 3064 194 3138 cipuis
204 3067 282 3126 festis
304 3067 403 3126 diebus
418 3069 565 3126 stationem
581 3067 680 3126 celebri
696 3075 723 3125 et
737 3067 872 3140 frequenti
888 3065 967 3136 cleri,
986 3067 1135 3141 populique
1157 3067 1331 3126 multitudine
1350 3085 1446 3125 couve-

117 3152 196 3212 niente
209 3155 282 3214 obire
302 3175 352 3232 per
367 3156 492 3231 singulas
507 3156 643 3214 Ecclesiae
658 3155 704 3212 ubi
720 3155 804 3213 statio
819 3162 878 3212 erat
900 3154 1016 3226 solebat,
1029 3174 1046 3212 a
1066 3175 1120 3231 quo
1139 3155 1230 3214 officia
1250 3157 1444 3232 Episcoporum

117 3259 212 3318 quoquc
229 3263 277 3320 per
297 3245 457 3321 provincias
478 3247 506 3303 iu
525 3246 641 3303 diversis
657 3244 796 3320 mysteriis
810 3244 975 3318 peragendis
990 3245 1114 3320 ritusque
1127 3251 1154 3303 et
1168 3246 1356 3304 observantiae
1372 3245 1444 3303 haud

117 3331 218 3390 nultum
240 3335 411 3410 discrepant.
436 3335 511 3405 Quae
532 3355 593 3392 cum
617 3333 734 3392 Romani
756 3333 862 3391 ordinis
885 3333 975 3392 libello
1002 3334 1103 3409 ubique
1123 3335 1253 3409 adjuncta
1271 3343 1345 3392 suut.
1366 3335 1444 3404 Quod

117 3420 215 3479 solenne
237 3423 342 3482 missae
365 3424 529 3482 sacrificium
546 3423 622 3482 initio
642 3441 696 3480 non
716 3423 769 3480 nisi
785 3437 838 3498 ‘per
857 3423 1007 3497 Episcopos
1028 3423 1056 3479 in
1077 3423 1234 3480 civitatibus
1248 3421 1444 3499 apresbpteris

117 3527 181 3581 vero,
196 3529 248 3570 non
269 3514 326 3570 nisi
349 3531 384 3570 ex
403 3514 593 3590 episcoporum
615 3513 694 3570 venia
718 3511 866 3585 agebatur.
887 3512 1015 3570 Ceterum
1030 3531 1115 3588 quum
1130 3514 1189 3596 duo·
1200 3514 1367 3588 posteriores
1382 3513 1443 3570 libri

117 3598 225 3671 ejmdcm
242 3603 329 3661 ferme
349 3605 478 3676 temporis
498 3605 567 3675 siut,
588 3610 616 3660 et
632 3601 756 3659 nonni-hil
775 3601 845 3658 inter
865 3619 894 3658 se
910 3601 1024 3671 varient,
1037 3619 1092 3676 quo
1108 3601 1135 3656 in
1148 3602 1276 3659 omnibus
1289 3602 1335 3676 pio
1348 3601 1442 3659 lectori
1507 3599 1508 3602 ’

111 3688 297 3761 satisfacerem,
315 3698 447 3766 utrosque
461 3692 490 3748 in
507 3710 590 3750 unum
605 3690 744 3765 conjunxi.
765 3689 825 3760 Qua
839 3689 868 3745 in
891 3707 920 3746 re
938 3689 1003 3746 illud
1010 3690 1247 3748 animadversione
1265 3691 1380 3765 dignum
1400 3699 1444 3749 est

116 3776 217 3848 primum
230 3798 264 3838 ex
278 3781 382 3854 tribus,
398 3799 429 3838 eo
445 3782 527 3838 etiam
542 3787 705 3854 argumento
720 3779 941 3853 antiquissimum
956 3779 1065 3852 probari
1080 3798 1173 3855 posse,
1189 3780 1263 3854 quod
1275 3780 1351 3840 nulla
1365 3779 1442 3837 ineo

116 3866 145 3921 de
156 3865 288 3944 Episcopis
301 3869 365 3928 Vll.
391 3869 608 3928 hebdomadariis
624 3866 817 3926 Lateranensis
833 3866 967 3924 Basilicas
984 3857 1085 3927 mentio
1101 3877 1144 3928 est
1165 3875 1227 3926 ante
1246 3871 1437 3945 septingentos

117 3971 192 4011 anuos
207 3955 353 4029 institutis,
369 3961 418 4017 sed
432 3960 491 4018 loco
510 3975 603 4018 eorum
622 3956 775 4033 presbyteri
795 3963 985 4014 recensentur.
1010 3959 1070 4015 Duo
1085 3976 1148 4015 vero
1166 3965 1316 4033 sequentes
1336 3959 1440 4016 ordinis

110 4041 219 4102 -ttomni
232 4045 316 4105 libelli
328 4049 404 4124 ipsos
412 4050 470 4124 jam
482 4049 655 4124 profitentur,
669 4063 740 4120 quos
755 4062 840 4119 quum
860 4053 924 4102 ante
944 4046 1022 4104 DCC.
1044 4065 1131 4106 annos
1151 4047 1237 4105 lectos
1256 4047 1343 4105 fuisse
1358 4047 1442 4104 dixe·

116 4131 166 4202 rim,
180 4134 287 4194 dubium
302 4155 362 4196 non
377 4145 420 4196 est
433 4145 498 4196 ante
508 4145 549 4196 tot
563 4145 672 4212 tempus
686 4151 733 4192 eos
744 4133 852 4192 libellos
867 4136 946 4191 etiam
959 4137 1084 4194 conditos
1098 4154 1170 4194 esse.
1181 4139 1314 4196 Meumex
1325 4137 1436 4194 duobus

117 4216 201 4280 libellis
220 4228 412 4284 condonatum
427 4228 581 4285 Romanum
596 4225 718 4283 ordinem
734 4223 885 4296 sequitur*
900 4225 966 4281 ordo
989 4225 1059 4284 alius
1084 4227 1140 4283 sive
1154 4226 1222 4283 liber
1239 4226 1344 4283 ritualia
1359 4245 1394 4284 au
1401 4227 1437 4284 ti·
1494 4236 1503 4258 ⁸
1526 4235 1587 4310 fluns
1612 4237 1691 4282 turum

117 4327 191 4381 quus,
208 4321 234 4372 et
250 4315 334 4390 paulo
354 4317 433 4391 plura
450 4334 532 4391 quam
547 4315 724 4390 precedentes
744 4312 928 4387 complectens
942 4331 991 4388 per
1009 4315 1104 4376 cadam
1120 4323 1243 4391 tempora
1260 4316 1366 4388 editus,
1382 4335 1437 4391 quo
1465 4309 1691 4392 prniaiquodinteges

118 4406 209 4469 pretim
229 4404 331 4464 ldissae
353 4407 555 4476 caeremonias,
580 4405 664 4462 totius
689 4421 798 4479 quoque
822 4403 886 4460 anni
906 4401 1084 4462 festivitatum
1107 4411 1135 4462 et
1154 4404 1350 4462 solennitatum
1364 4405 1435 4463 ritus
1465 4384 1690 4494 ¹⁰¹⁰⁰iff¹¹⁰⁰⁰⁰⁸i

120 4499 282 4565 exponuntur,
298 4500 331 4551 nt
345 4495 588 4570 Quadragesimae,
603 4493 761 4559 Pambotis,
777 4493 967 4565 Pentecostes,
982 4493 1158 4551 Letauiarum
1173 4501 1200 4550 et
1219 4493 1360 4552 similium.
1464 4463 1548 4569 iiiiim
1558 4451 1690 4580 (inscendi

150 4579 218 4638 allis
231 4582 307 4642 libris
323 4590 436 4660 propter
450 4584 604 4660 argumenti
619 4582 825 4640 similitudinem
839 4581 952 4655 adjunxi
965 4583 1039 4640 aliud
1053 4583 1135 4641 breve
1149 4583 1276 4641 volumen
1292 4585 1326 4640 do
1341 4585 1435 4641 o'rdine
1465 4593 1593 4652 ruvinia.)

119 4670 283 4737 processionis
296 4672 427 4749 Episcopi
441 4673 539 4731 diebus
554 4673 630 4732 festis
644 4673 679 4730 ad
697 4671 845 4728 Ecclesiam
859 4672 969 4744 quando
988 4673 1135 4731 missarum
1156 4673 1281 4730 solennia
1297 4672 1434 4730 celebrare

120 4753 236 4832 solebant,
251 4761 289 4820 ita
303 4769 334 4820 ut
348 4762 384 4819 ab
395 4763 515 4838 antiquis
533 4761 657 4838 patribus
673 4758 883 4817 occidentalium
902 4759 1082 4820 Ecclesiarum
1102 4761 1256 4819 institutum
1277 4760 1336 4817 fuit.
1358 4760 1436 4828 Quod

120 4845 192 4904 simile
205 4851 348 4911 admodum
362 4859 406 4910 est
420 4853 549 4913 Romano·
559 4850 656 4910 ordini.
672 4851 743 4908 Post
756 4849 784 4906 id
798 4848 896 4924 scripsi
914 4850 998 4908 alium
1017 4851 1111 4908 incerti
1127 4851 1246 4908 auctoris
1266 4848 1387 4905 codicem
1401 4850 1436 4906 da

118 4933 194 4992 officio
209 4940 308 5001 missae
322 4942 392 5000 alias
406 4941 647 5018 Micrologussive
662 4946 729 5002 ordo
746 4943 846 5002 missae
864 4941 1016 5000 secundum
1037 4940 1177 4997 Romanos
1196 4937 1366 5012 inscriptum.
1383 4937 1435 5006 Qui

119 5041 266 5100 quamquam
279 5031 305 5088 in
319 5031 459 5106 plerisque
472 5033 675 5108 exemplaribus
690 5034 793 5092 ordinis
806 5033 886 5091 etiam
895 5031 1014 5088 Romani
1029 5047 1126 5086 nomen
1142 5028 1257 5098 habeat,
1273 5044 1327 5084 non
1342 5031 1434 5085 tamen

120 5112 226 5183 ejusdcm
246 5121 353 5194 generis
377 5129 420 5180 est
443 5141 504 5179 cum
524 5123 721 5198 superioribus.
743 5123 783 5180 llli
800 5120 993 5197 enimpublica
1008 5115 1260 5191 sedisapostolicae
1275 5117 1435 5175 auctoritate

121 5205 207 5261 exarati
221 5207 343 5268 videntur
359 5229 413 5268 nec
425 5212 497 5269 aliud
517 5231 598 5286 quam
617 5213 768 5288 simplicem
785 5213 897 5280 rituum,
914 5218 940 5268 et
955 5207 1184 5266 caeremoniarum
1200 5207 1393 5276 narrationem,
1408 5205 1434 5262 in

243 5351 267 5391 Τ.
289 5353 326 5391 111.
