3520 6036
313 459 368 512 322
765 458 940 516 JOHANNIS
965 457 1188 527 conculam,
1403 456 1558 518 [Decembre
1574 459 1628 506 1503

310 611 424 685 menli
441 611 535 686 bone
554 613 729 686 memorie
747 613 943 688 cardinalis
962 610 1205 686 Beneventani
1223 611 1285 708 qui
1308 610 1403 684 inler
1421 611 1584 708 quintam
1606 619 1639 684 el

311 739 451 808 sextam
481 736 610 810 horam
640 737 757 811 noclis
787 737 962 833 proterite
998 737 1095 810 diem
1129 735 1256 809 clausit
1289 740 1513 825 extremum,
1548 735 1637 830 quod

310 859 438 932 eadem
471 861 528 934 die
560 861 720 952 veneris,
752 862 846 935 hora
882 860 1054 958 vigesima
1085 860 1220 958 prima,
1261 863 1358 932 essel
1396 857 1636 964 incipiendum

309 983 470 1056 officium
495 990 728 1058 morinorum
761 987 798 1058 in
826 986 935 1059 domo
963 1007 1040 1073 sua,
1072 987 1108 1057 el
1134 985 1233 1056 circa
1258 981 1471 1078 vigesimam
1497 981 1634 1056 lerliam

307 1107 414 1181 funus
431 1110 653 1205 portandum
670 1111 715 1183 ἃᾶ
735 1109 913 1206 Populum
928 1108 1191 1205 sepeliendum.
1208 1106 1289 1180 Fuit
1304 1107 1415 1179 eliam
1430 1106 1633 1204 intimatum

307 1235 543 1307 convenlibus
561 1236 605 1308 de
625 1235 774 1331 Populo,
796 1233 952 1324 Araceli,
976 1258 1006 1306 s.
1031 1233 1142 1306 llario
1161 1231 1443 1328 Transponiine,
1466 1255 1496 1303 s.
1520 1233 1636 1304 llonu-

306 1356 377 1448 lrii,
398 1383 426 1430 e.
448 1358 640 1457 Grisogoni
658 1365 693 1433 el
711 1359 865 1456 collegio
889 1383 918 1431 s.
945 1358 1054 1430 llarci
1081 1381 1164 1431 cum
1186 1357 1300 1430 allero
1328 1380 1393 1428 suo
1424 1357 1522 1450 quod
1544 1355 1634 1429 hora

303 1481 488 1578 vigesima,
509 1484 673 1557 venirent
687 1485 731 1558 ἃᾶ
750 1483 995 1580 incipiendum
1014 1483 1176 1557 olsrcium
1196 1481 1398 1556 cardinales
1417 1505 1445 1552 s.
1463 1481 1634 1553 Praxedis

304 1612 340 1681 el
368 1608 412 1680 dc
438 1609 566 1683 misce.
596 1610 712 1684 Finilo
737 1609 969 1696 consistorio,
1001 1608 1131 1704 inquo
1157 1607 1352 1682 cardinalis
1381 1606 1635 1680 Recanalensis

302 1730 368 1803 suit
386 1732 581 1806 ·iransla[us
601 1734 646 1806 ad
666 1733 860 1807 ecclesium
881 1731 1133 1817 Sabinensem‚
1160 1757 1189 1804 s.
1216 1732 1390 1805 Praxedis
1412 1731 1456 1804 ad
1482 1734 1636 1804 Prenes-

303 1854 415 1928 linam
439 1879 482 1930 ac
502 1856 767 1930 Alexandrinus
788 1857 905 1931 seclus
931 1855 998 1929 suit
1016 1857 1207 1953 episcopus
1226 1855 1463 1945 Tusculanus,
1488 1855 1578 1927 licet*
1599 1854 1632 1926 in

302 2001 451 2054 camera
468 1985 583 2053 suaet
602 1981 639 2053 in
657 1981 766 2071 leclo,
789 2005 911 2078 quem,
932 1979 1035 2053 finilo
1053 1979 1284 2070 consistorio,
1306 1978 1536 2052 visitaverunt
1552 2001 1632 2052 ear-

185 2189 188 2196 ,
300 2103 440 2177 dinales
455 2129 484 2177 s.
504 2106 678 2180 Praxedis
695 2112 731 2180 el
749 2107 794 2179 de
814 2105 944 2194 Fliseo,
961 2105 1059 2202 quod
1073 2105 1139 2179 luit
1153 2109 1237 2178 anie
1252 2103 1465 2200 vigesimam
1480 2103 1628 2191 horam;

298 2233 474 2302 venerunt
489 2229 535 2302 ad
548 2230 697 2302 domum
710 2255 739 2302 s.
757 2230 891 2320 Maroi;
908 2234 944 2303 el
956 2253 1084 2326 parum
1097 2235 1178 2326 post
1190 2230 1377 2326 inceplum
1391 2227 1457 2300 suit
1468 2227 1629 2301 officium

297 2359 540 2428 morinorum.
572 2359 735 2440 Quatnor
760 2356 886 2428 iratres
914 2353 958 2426 de
989 2354 1127 2451 Populo
1153 2353 1372 2452 inceperunt
1403 2357 1439 2426 el
1465 2352 1632 2426 dixerunt

296 2501 465 2574 vesperas
501 2485 537 2552 el
570 2480 728 2577 primum
761 2485 1006 2568 nocturnum3
1044 2479 1245 2553 secundum
1284 2479 1455 2552 dixerunt
1492 2476 1627 2550 iratres

296 2626 325 2675 s.
349 2604 512 2678 Marcelli
535 2609 572 2678 ei
590 2607 877 2702 Transponline;
907 2605 1058 2679 lentium
1080 2604 1213 2679 lralres
1237 2605 1398 2678 Minerva
1417 2606 1454 2676 el
1469 2601 1622 2689 Araceli,

295 2724 391 2799 idem
424 2732 461 2802 el
487 2728 624 2804 laudes.
660 2731 909 2804 Inlerluerunl
941 2721 1151 2825 quindecim
1183 2729 1401 2816 cardinales,
1431 2726 1623 2800 videlicet:

294 2873 322 2921 s.
341 2853 527 2944 Praxedis,
549 2877 579 2926 s.
604 2855 763 2951 Georgii,
780 2854 940 2951 episcopi
956 2880 963 2940 ;
982 2853 1191 2943 Grimanus,
1212 2851 1446 2940 Arborensis,
1468 2851 1623 2947 Regien-

293 2973 356 3062 sm,
372 2975 600 3068 Cusenlinus,
620 2977 883 3066 salernitanus,
904 2977 1202 3073 Capulaquensis,
1223 2975 1479 3062 Bononiensis,
1492 2976 1625 3048 lllonlis

293 3099 458 3195 Regalis,
491 3103 766 3200 Neapolitanus,
802 3103 1079 3194 volaterranus,
1118 3103 1162 3176 de
1197 3102 1332 3192 Fliseo,
1368 3099 1623 3198 Legionensis,

292 3223 485 3318 Adrianus,
512 3229 729 3328 presbyteri,
764 3229 825 3326 qui
854 3251 980 3302 omnes
1001 3228 1176 3302 sederunt
1194 3251 1216 3302 a
1235 3227 1355 3324 capilo
1377 3226 1471 3314 aule,
1501 3229 1539 3298 el
1562 3227 1626 3298 Co-

292 3346 428 3438 lumna,
456 3351 629 3443 Medices,
657 3379 686 3425 s.
709 3352 883 3442 Severini,
907 3352 1097 3426 Cesarinus
1118 3357 1153 3424 et
1175 3350 1340 3425 Elnensis
1361 3350 1421 3446 qui
1446 3349 1624 3422 sederunl

290 3471 326 3544 in
345 3474 464 3570 capite
484 3475 617 3551 banchi
640 3480 686 3551 ad
710 3479 875 3553 dextram
892 3477 1062 3551 intrantis
1080 3476 1204 3550 aulam
1231 3475 1385 3565 funeris,
1410 3475 1510 3571 quod
1530 3473 1625 3571 posi-

288 3599 366 3670 ium
383 3599 450 3673 lull
475 3601 511 3674 in
534 3603 638 3676 lertio
662 3603 746 3677 aula
772 3603 809 3676 in
835 3627 907 3698 qua
933 3607 1017 3675 sunl
1038 3600 1311 3699 mappemundi.
1338 3599 1471 3673 Prelali
1497 3597 1623 3696 palatii

290 3722 462 3796 sederunl
487 3725 524 3798 in
543 3732 717 3824 sequenle
737 3729 853 3801 banco
872 3734 954 3824 post
970 3727 1146 3800 diaconos
1162 3725 1381 3815 cardinales,
1403 3727 1439 3797 el
1461 3722 1523 3796 alii
1541 3745 1623 3820 pre-

289 3845 351 3918 lali
370 3849 414 3920 ad
438 3849 620 3926 sinisiram
645 3853 810 3927 inlrantis
829 3853 865 3926 in
883 3854 1000 3926 banco
1026 3851 1124 3926 circa
1149 3851 1271 3924 sunus.
1303 3854 1342 3923 ln
1368 3849 1452 3923 aula
1475 3847 1623 3921 luerunt

288 3967 412 4066 viginli
430 3973 503 4047 duo
523 3975 706 4051 inlorlieia
722 3979 807 4051 hinc
824 3983 861 4051 ei
880 3977 978 4066 inde,
1000 3981 1036 4050 el
1053 3976 1125 4049 duo
1143 3975 1181 4048 in
1198 3972 1428 4050 candelabris
1449 3973 1494 4046 ad
1515 3975 1622 4068 capul

289 4097 326 4165 ei
347 4095 393 4167 ad
416 4097 540 4194 pedes.
566 4105 638 4176 Nos
660 4103 852 4176 habuimus
873 4103 943 4176 duo
969 4125 1077 4199 parra
1100 4101 1228 4192 banca,
1260 4098 1478 4187 massaritia,
1508 4118 1621 4170 unum

288 4241 463 4315 magnum
483 4226 624 4302 modice
644 4229 789 4318 valoris,
811 4227 989 4326 pulvinar,
1007 4227 1099 4299 duos
1117 4226 1280 4300 cussinos
1296 4225 1341 4298 de
1359 4222 1568 4298 cremesino
1584 4225 1620 4295 el

287 4367 401 4417 unum
429 4371 602 4446 magnum
630 4375 772 4426 raseum
800 4360 836 4428 et
861 4373 974 4426 unum
998 4374 1148 4448 parrum
1175 4358 1212 4426 et
1243 4373 1355 4425 unum
1387 4350 1548 4446 lapelem
1576 4346 1619 4420 de

290 4465 406 4540 lribus
422 4471 536 4561 rosis;
557 4473 642 4565 alia,
665 4501 766 4550 more
785 4477 906 4552 solilo.

337 4593 403 4666 Die
423 4596 575 4691 sabbati,
604 4605 648 4674 23
675 4603 893 4693 decembris,
918 4601 1174 4695 Michaelellus
1198 4597 1338 4696 posilus
1361 4601 1418 4672 est
1442 4597 1480 4671 in
1498 4604 1618 4672 oaslro

287 4740 316 4787 S.
336 4721 477 4817 Angeli.

333 4841 396 4915 Die
414 4846 608 4941 dominica,
634 4857 694 4944 Μ,
715 4877 789 4927 non
811 4854 878 4929 luil
897 4855 1009 4930 misso
1031 4851 1186 4951 papalis,
1212 4851 1330 4924 sedin
1349 4874 1460 4949 parra
1477 4848 1618 4947 capella

283 4963 381 5037 dicta
402 4971 526 5065 missa,
551 4999 655 5052 more
678 4977 796 5053 solilo.
828 4981 927 5052 Hora
952 4979 1128 5076 vigesima
1151 4976 1270 5072 prima
1292 4977 1348 5052 vel
1373 4977 1488 5068 circa,
1518 4979 1617 5072 Papa

282 5087 471 5168 deseendit
498 5099 544 5172 ad
568 5103 754 5178 basilicam
779 5128 809 5178 s.
846 5105 943 5178 Petri
979 5104 1038 5178 ubi
1072 5101 1220 5175 luerunt
1248 5101 1343 5177 dicte
1369 5124 1523 5201 vespere
1553 5121 1615 5174 so-
