3520 6036
355 603 409 659 398
593 649 595 654 .
660 651 663 664 ,
806 593 982 652 JOHANNIS
1007 593 1231 666 BURCHARDI,
1527 597 1606 658 [daut
1619 599 1680 663 tlte]

403 751 588 840 Mercurii,
606 753 649 824 13
668 748 829 847 augusti,
842 748 945 822 circa
963 748 1094 822 horam
1111 748 1323 846 vigesimam
1342 747 1512 846 primam,
1527 760 1680 848 portatus

352 881 421 963 tuit
437 880 482 954 ad
501 875 743 976 sepulturam,
764 874 811 948 ad
826 873 1021 948 ecclesiam
1040 898 1069 948 s.
1089 874 1297 972 Augustini,
1315 874 1482 950 dedomo
1494 876 1581 950 olim
1597 880 1680 976 epis·

353 1005 436 1105 copi
455 1001 628 1079 Nucerini
647 1000 741 1074 ads.
760 1000 918 1090 Celsum,
939 999 1023 1074 inde
1039 998 1094 1072 via
1110 1005 1224 1092 recta,
1242 1001 1344 1099 virgo
1362 1002 1408 1076 de
1421 1003 1600 1092 Feneriis,
1612 1005 1680 1077 des-

351 1134 506 1231 ponsata
524 1132 567 1203 D.
592 1125 756 1200 Alidosio
774 1125 880 1198 fratri
899 1123 1061 1222 episcopi
1077 1125 1279 1222 Papiensis,
1302 1125 1524 1200 thesaurarii
1544 1150 1679 1224 genera·

348 1257 394 1332 lis
418 1259 530 1350 Papa,
546 1249 826 1349 quatuordecim
843 1271 1038 1339 annorum,
1076 1272 1146 1346 que
1162 1250 1253 1324 duos
1274 1273 1420 1325 menses
1441 1256 1526 1326 ante
1544 1259 1678 1326 venerat

351 1381 397 1455 ad
413 1379 563 1466 Urbem,
582 1375 732 1465 etheri,
752 1375 809 1448 vel
824 1382 932 1449 nocte
948 1375 1127 1472 preterita
1143 1382 1198 1448 est
1220 1375 1292 1449 vita
1317 1376 1454 1451 functa.
1486 1377 1569 1450 Fuit
1593 1401 1679 1451 asso

351 1505 448 1580 ciata
462 1527 483 1578 a
497 1503 614 1577 tribus
631 1499 1006 1588 confraternitatibus,
1036 1498 1205 1574 videlicet
1231 1500 1444 1592 Salvatoris,
1467 1503 1675 1577 Annuntiatc

352 1635 389 1704 et
404 1627 559 1718 Araceli,
578 1624 834 1699 confaloneriis
851 1629 888 1697 et
903 1629 1081 1698 conventu
1099 1647 1130 1696 s.
1159 1624 1339 1698 Dominici
1366 1630 1404 1699 et
1428 1650 1457 1699 s.
1483 1627 1674 1723 Augustini·

353 1757 618 1830 Processerunt
639 1748 883 1847 quadraginta
910 1747 1115 1840 intorticia3
1143 1749 1291 1823 luerunt
1317 1749 1514 1824 duodecim
1538 1751 1674 1838 funesti,

354 1877 470 1953 secuti
488 1881 571 1950 sunt
589 1874 720 1948 deinde
743 1895 873 1947 nouem
897 1872 957 1946 alii
980 1871 1109 1946 affines
1130 1873 1187 1947 vel
1212 1873 1477 1972 consanguinei
1506 1875 1673 1958 defuncte,
1750 1889 1751 1892 ’

354 2004 415 2103 qui
434 2001 566 2102 singuli
585 2001 733 2075 luerunt
750 1997 920 2072 associati
938 1998 984 2071 ab
999 2020 1071 2072 uno
1089 1997 1283 2094 prelato,a
1302 1999 1458 2074 sinistris
1484 1999 1673 2075 incedente.

354 2128 504 2226 Sequuti
521 2130 605 2200 sunt
616 2125 697 2200 illos
708 2124 768 2198 alii
783 2131 940 2220 quatuor
951 2122 1094 2219 prelati,
1111 2122 1185 2196 bini
1198 2122 1335 2214 etbini,
1348 2147 1477 2199 omnes
1489 2125 1673 2223 pedestres,

354 2254 440 2352 quia
465 2252 658 2350 episcopus
690 2249 803 2324 trater
829 2247 880 2322 ita
910 2246 1051 2344 rogavit
1077 2247 1115 2320 in
1139 2247 1308 2322 ecclesia.
1345 2252 1469 2338 Retro,
1498 2249 1545 2323 ad
1572 2250 1674 2323 altare
1750 2289 1751 2330 ἶ

355 2377 487 2477 majus,
505 2375 654 2473 quidam
670 2372 847 2446 scholaris
866 2376 1051 2445 Romanus
1072 2371 1159 2445 lecit
1187 2373 1392 2446 orationem
1416 2375 1562 2448 brevem
1587 2373 1676 2447 lunc·
1750 2369 1751 2400 l

354 2503 481 2592 brem;
504 2505 541 2574 et
574 2499 633 2572 alii
663 2520 794 2572 novem
819 2495 971 2594 predicti
1004 2519 1078 2570 non
1111 2495 1259 2570 luerunt
1288 2497 1499 2571 associatia
1521 2497 1675 2594 predictis

356 2627 505 2728 prelatis
530 2625 595 2699 sed
620 2649 643 2698 a
665 2621 927 2697 fraternatibus
959 2621 1156 2696 Salvatoris
1185 2627 1221 2696 et
1246 2622 1338 2714 aliis,
1374 2645 1477 2698 more
1510 2627 1672 2696 Romano.

356 2753 566 2851 Eugubinus
584 2751 790 2847 episcopua,
810 2748 927 2822 frater
944 2747 1117 2840 defuncti,
1142 2747 1255 2821 voluit
1278 2748 1389 2822 etiam
1411 2748 1624 2822 interuenire
1642 2750 1674 2818 at
1750 2751 1751 2760 ’

355 2876 537 2954 associare
555 2875 672 2964 tunna,
694 2874 837 2972 sedego
858 2872 933 2945 dixi
956 2871 1123 2968 dignitati
1151 2895 1217 2947 sue
1238 2872 1447 2946 nullatenus
1476 2873 1668 2959 convenire,

354 3001 520 3080 etmulti
546 3023 591 3074 ex
616 2998 768 3096 prelatis
797 2997 1034 3071 laudaverunt
1057 2997 1277 3072 sententiam
1312 3021 1446 3089 meam,
1474 3002 1512 3072 et
1540 2998 1590 3071 sic
1611 3019 1674 3070 non

352 3128 465 3203 venit.
491 3125 571 3200 Fuit
595 3129 719 3198 tamen
748 3123 786 3197 in
820 3123 929 3197 domo
954 3124 1059 3220 juxta
1087 3123 1236 3196 domum
1266 3123 1440 3198 defuncte
1465 3123 1528 3196 ubi
1555 3121 1674 3197 mansit

352 3258 388 3326 et
405 3250 500 3325 venit
518 3249 564 3322 ad
580 3247 680 3321 illam
699 3247 909 3321 travestitus
927 3252 962 3321 ct
989 3246 1041 3320 ita
1060 3250 1144 3344 post
1162 3246 1367 3344 predictam
1385 3271 1394 3322 :
1415 3247 1527 3322 etiam
1550 3252 1673 3322 traxes-
1750 3233 1751 3270 ³

350 3376 450 3466 titus,
469 3380 508 3448 ut
526 3371 649 3464 credo,
667 3370 839 3446 rediitad
857 3370 1042 3468 palatium.

398 3501 507 3591 lovis,
539 3504 582 3572 14
616 3497 773 3594 augusti,
805 3500 889 3593 post
924 3497 1057 3571 horam
1077 3496 1347 3591 duodecimam,
1372 3497 1410 3571 in
1433 3519 1556 3589 mane,
1586 3497 1671 3590 Papa

351 3625 535 3727 equitavit,
557 3646 658 3696 more
675 3621 796 3714 solito,
817 3621 856 3694 in
873 3621 967 3696 stola
988 3647 1100 3720 super
1124 3623 1245 3697 albam
1273 3628 1311 3697 et
1333 3621 1531 3720 cappuccio
1558 3619 1669 3707 rubro,
1750 3591 1751 3676 l

351 3755 396 3830 de
413 3779 443 3827 s.
463 3756 572 3826 Petro
591 3773 657 3848 par
674 3747 881 3838 Parioncm,
898 3747 1155 3840 Palliciariam,
1169 3773 1199 3822 s.
1211 3753 1390 3840 Marcum,
1402 3748 1460 3822 via
1476 3753 1576 3821 recta
1588 3745 1629 3818 ad
1643 3768 1667 3815 s.

352 3881 506 3954 Mariam
524 3875 713 3971 ltlajorem,
735 3871 811 3962 ubi,
828 3872 925 3947 facta
947 3874 1116 3947 oratione
1142 3879 1227 3948 ante
1252 3873 1370 3948 altare
1393 3873 1526 3970 majus,
1555 3868 1671 3945 obtulit

350 4003 547 4102 imaginem
563 4001 598 4074 b.
614 3997 729 4072 Maria
745 4003 959 4096 argenteam
975 3999 1182 4073 inauratam
1195 3998 1370 4097 ponderis
1383 3998 1572 4072 librarum.
1594 4053 1601 4069 .
1619 4051 1627 4066 .
1646 4015 1669 4080 ·;

352 4128 484 4204 deinde
501 4122 721 4214 retrocessit,
731 4123 945 4218 genuflexus
964 4129 1019 4197 est
1034 4123 1071 4197 in
1088 4123 1303 4214 faldistorio,
1317 4122 1355 4196 in
1363 4121 1472 4220 plano
1481 4145 1588 4220 super
1603 4141 1672 4216 gra·
1750 4197 1751 4220 3

351 4255 400 4328 du
417 4249 603 4326 inferioris
622 4249 843 4347 presbyterii
872 4249 940 4323 sibi
953 4253 1094 4347 parato,
1115 4257 1153 4322 et
1167 4253 1211 4322 D.
1230 4247 1457 4338 Dominicus,
1475 4246 1670 4345 capellanus
1750 4243 1751 4336 l

351 4403 450 4469 suna,
471 4375 667 4452 celebravit
681 4373 829 4448 missam
842 4375 946 4472 juxta
973 4375 1087 4449 altare
1108 4375 1226 4472 majus
1245 4381 1416 4472 paratum
1436 4395 1542 4448 more
1563 4371 1668 4456 solito,
1750 4379 1751 4448 ἰ

350 4513 387 4580 et
405 4505 442 4578 in
460 4503 532 4576 fine
547 4498 747 4590 benedixit,
767 4499 864 4596 quod
880 4523 955 4574 non
971 4500 1128 4574 debebat
1140 4499 1283 4590 lecisse,
1302 4499 1367 4573 sed
1383 4501 1496 4596 Papa.
1517 4495 1671 4572 Cardine·

349 4631 395 4706 lis
411 4655 441 4704 s.
459 4626 604 4726 Georgii
621 4623 721 4699 dedit
737 4624 872 4698 librum
889 4633 973 4722 post
987 4625 1213 4724 evangelium
1238 4629 1276 4699 et
1292 4648 1423 4723 pacem
1451 4621 1672 4698 osculandam

350 4762 466 4855 Pape;
480 4752 611 4828 deinde
630 4754 673 4824 D.
695 4749 992 4847 christophorus
1011 4751 1219 4849 capellanus
1240 4751 1401 4848 Pape,in
1411 4745 1668 4848 superpellicio,

350 4882 450 4956 dedit
467 4885 511 4954 D.
532 4875 704 4954 cardinali
721 4874 764 4973 [s.
786 4875 945 4974 Georgii]
963 4881 999 4950 et
1017 4877 1192 4950 cardinali
1217 4899 1246 4949 s.
1274 4875 1401 4951 Crucis
1431 4880 1470 4952 et
1496 4875 1668 4956 Columna,

350 5012 387 5082 et
404 5006 455 5080 illi
474 5000 655 5103 genuflexi
671 4999 763 5090 aliis,
783 4999 880 5096 quod
896 4999 963 5073 fuit
977 5001 1091 5092 male3
1113 5001 1296 5076 dehebant
1311 5002 1408 5077 enim
1421 5001 1622 5077 surrexisse
1634 4994 1672 5069 ad

349 5131 601 5229 recipiendam
635 5133 671 5203 e't
703 5125 862 5200 dandam
887 5126 1099 5225 hujusmodi
1126 5151 1280 5225 pacem:
1302 5129 1416 5202 missa
1443 5129 1561 5218 finita,
1587 5129 1673 5218 Papa

349 5256 538 5333 descendit
552 5255 597 5328 ad
616 5251 801 5350 palatium,
824 5250 884 5325 ubi
908 5253 1041 5328 mansit
1066 5277 1181 5351 usque
1207 5253 1254 5326 ad
1275 5255 1489 5328 crastiuum.
1507 5250 1672 5368 Interluc-
1750 5265 1751 5344 j
