<?xml version="1.0" encoding="UTF-8"?>
<!DOCTYPE html PUBLIC "-//W3C//DTD XHTML 1.0 Transitional//EN"
    "http://www.w3.org/TR/xhtml1/DTD/xhtml1-transitional.dtd">
<html xmlns="http://www.w3.org/1999/xhtml" xml:lang="en" lang="en">
 <head>
  <title>
</title>
<meta http-equiv="Content-Type" content="text/html;charset=utf-8" />
  <meta name='ocr-system' content='tesseract 3.04.00' />
  <meta name='ocr-capabilities' content='ocr_page ocr_carea ocr_par ocr_line ocrx_word'/>
</head>
<body>
  <div class='ocr_page' id='page_1' title='image "./johannisburchar03burcgoog/johannisburchar03burcgoog_0392.png"; bbox 0 0 3520 6036; ppageno 0'>
   <div class='ocr_carea' id='block_1_1' title="bbox 366 525 1676 604">
    <p class='ocr_par' dir='ltr' id='par_1_1' title="bbox 366 525 1676 604">
     <span class='ocr_line' id='line_1_1' title="bbox 366 525 1676 604; baseline 0.005 -20"><span class='ocrx_word' id='word_1_1' title='bbox 366 529 418 586; x_wconf 84' lang='lat' dir='ltr'>arr</span> <span class='ocrx_word' id='word_1_2' title='bbox 821 525 997 584; x_wconf 77' lang='lat' dir='ltr'>vonlnnrs</span> <span class='ocrx_word' id='word_1_3' title='bbox 1022 525 1245 600; x_wconf 75' lang='lat' dir='ltr'>eunonium,</span> <span class='ocrx_word' id='word_1_4' title='bbox 1450 533 1603 596; x_wconf 69' lang='lat' dir='ltr'>[mamae</span> <span class='ocrx_word' id='word_1_5' title='bbox 1617 541 1676 604; x_wconf 79' lang='lat' dir='ltr'>raa</span> 
     </span>
    </p>
   </div>
   <div class='ocr_carea' id='block_1_2' title="bbox 339 681 1676 2780">
    <p class='ocr_par' dir='ltr' id='par_1_2' title="bbox 339 681 1676 2780">
     <span class='ocr_line' id='line_1_2' title="bbox 369 681 1676 782; baseline 0.006 -24"><span class='ocrx_word' id='word_1_6' title='bbox 369 687 544 780; x_wconf 90' lang='lat' dir='ltr'>cooperta</span> <span class='ocrx_word' id='word_1_7' title='bbox 561 688 598 758; x_wconf 92' lang='lat' dir='ltr'>et</span> <span class='ocrx_word' id='word_1_8' title='bbox 608 707 711 758; x_wconf 89' lang='lat' dir='ltr'>arcus</span> <span class='ocrx_word' id='word_1_9' title='bbox 722 687 806 757; x_wconf 90' lang='lat' dir='ltr'>ante</span> <span class='ocrx_word' id='word_1_10' title='bbox 819 681 968 757; x_wconf 92' lang='lat' dir='ltr'>domum</span> <span class='ocrx_word' id='word_1_11' title='bbox 979 682 1153 780; x_wconf 73' lang='lat' dir='ltr'>Stephani</span> <span class='ocrx_word' id='word_1_12' title='bbox 1168 683 1270 758; x_wconf 85' lang='lat' dir='ltr'>Rossi</span> <span class='ocrx_word' id='word_1_13' title='bbox 1286 685 1539 782; x_wconf 77' lang='lat' dir='ltr'><strong>equitavimus,</strong></span> <span class='ocrx_word' id='word_1_14' title='bbox 1555 689 1676 767; x_wconf 83' lang='lat' dir='ltr'>Coliseo</span> 
     </span>
     <span class='ocr_line' id='line_1_3' title="bbox 368 807 1676 906; baseline 0.006 -24"><span class='ocrx_word' id='word_1_15' title='bbox 368 810 415 882; x_wconf 90' lang='lat' dir='ltr'>ad</span> <span class='ocrx_word' id='word_1_16' title='bbox 433 811 621 884; x_wconf 86' lang='lat' dir='ltr'>dexteram</span> <span class='ocrx_word' id='word_1_17' title='bbox 639 808 802 898; x_wconf 89' lang='lat' dir='ltr'>dimisso,</span> <span class='ocrx_word' id='word_1_18' title='bbox 825 813 860 883; x_wconf 93' lang='lat' dir='ltr'>et</span> <span class='ocrx_word' id='word_1_19' title='bbox 875 832 943 906; x_wconf 92' lang='lat' dir='ltr'>per</span> <span class='ocrx_word' id='word_1_20' title='bbox 960 807 1120 905; x_wconf 89' lang='lat' dir='ltr'>plateam</span> <span class='ocrx_word' id='word_1_21' title='bbox 1139 812 1222 882; x_wconf 90' lang='lat' dir='ltr'>ante</span> <span class='ocrx_word' id='word_1_22' title='bbox 1241 809 1435 886; x_wconf 87' lang='lat' dir='ltr'>ecclesiam</span> <span class='ocrx_word' id='word_1_23' title='bbox 1454 837 1485 886; x_wconf 92' lang='lat' dir='ltr'>s.</span> <span class='ocrx_word' id='word_1_24' title='bbox 1502 813 1676 890; x_wconf 83' lang='lat' dir='ltr'>Clementis</span> 
     </span>
     <span class='ocr_line' id='line_1_4' title="bbox 369 934 1675 1037; baseline 0.008 -29"><span class='ocrx_word' id='word_1_25' title='bbox 369 934 564 1010; x_wconf 82' lang='lat' dir='ltr'>redivimus</span> <span class='ocrx_word' id='word_1_26' title='bbox 591 936 636 1008; x_wconf 91' lang='lat' dir='ltr'>ad</span> <span class='ocrx_word' id='word_1_27' title='bbox 666 935 762 1010; x_wconf 92' lang='lat' dir='ltr'>viam</span> <span class='ocrx_word' id='word_1_28' title='bbox 789 939 931 1008; x_wconf 91' lang='lat' dir='ltr'>rectam</span> <span class='ocrx_word' id='word_1_29' title='bbox 962 937 1246 1008; x_wconf 90' lang='lat' dir='ltr'>Lateranensem</span> <span class='ocrx_word' id='word_1_30' title='bbox 1279 935 1326 1010; x_wconf 90' lang='lat' dir='ltr'>ad</span> <span class='ocrx_word' id='word_1_31' title='bbox 1355 936 1565 1028; x_wconf 90' lang='lat' dir='ltr'>introitum,</span> <span class='ocrx_word' id='word_1_32' title='bbox 1590 941 1675 1037; x_wconf 80' lang='lat' dir='ltr'>juxto</span> 
     </span>
     <span class='ocr_line' id='line_1_5' title="bbox 368 1059 1674 1161; baseline 0.007 -28"><span class='ocrx_word' id='word_1_33' title='bbox 368 1083 501 1156; x_wconf 92' lang='lat' dir='ltr'>equum</span> <span class='ocrx_word' id='word_1_34' title='bbox 520 1060 745 1135; x_wconf 66' lang='lat' dir='ltr'>Constantini</span> <span class='ocrx_word' id='word_1_35' title='bbox 768 1084 894 1135; x_wconf 91' lang='lat' dir='ltr'>versus</span> <span class='ocrx_word' id='word_1_36' title='bbox 917 1064 1064 1157; x_wconf 91' lang='lat' dir='ltr'>portam</span> <span class='ocrx_word' id='word_1_37' title='bbox 1090 1059 1308 1136; x_wconf 81' lang='lat' dir='ltr'>Asinariam.</span> <span class='ocrx_word' id='word_1_38' title='bbox 1339 1062 1421 1136; x_wconf 85' lang='lat' dir='ltr'>Fuit</span> <span class='ocrx_word' id='word_1_39' title='bbox 1445 1085 1515 1161; x_wconf 89' lang='lat' dir='ltr'>pro</span> <span class='ocrx_word' id='word_1_40' title='bbox 1534 1066 1674 1142; x_wconf 89' lang='lat' dir='ltr'>custodia</span> 
     </span>
     <span class='ocr_line' id='line_1_6' title="bbox 367 1183 1674 1286; baseline 0.005 -30"><span class='ocrx_word' id='word_1_41' title='bbox 367 1183 563 1280; x_wconf 89' lang='lat' dir='ltr'>deputatus</span> <span class='ocrx_word' id='word_1_42' title='bbox 591 1187 633 1257; x_wconf 89' lang='lat' dir='ltr'>D.</span> <span class='ocrx_word' id='word_1_43' title='bbox 661 1184 777 1258; x_wconf 87' lang='lat' dir='ltr'>Julius</span> <span class='ocrx_word' id='word_1_44' title='bbox 803 1185 956 1258; x_wconf 83' lang='lat' dir='ltr'>Ursinus</span> <span class='ocrx_word' id='word_1_45' title='bbox 986 1188 1023 1258; x_wconf 90' lang='lat' dir='ltr'>et</span> <span class='ocrx_word' id='word_1_46' title='bbox 1048 1187 1195 1258; x_wconf 87' lang='lat' dir='ltr'>Marcus</span> <span class='ocrx_word' id='word_1_47' title='bbox 1227 1186 1403 1260; x_wconf 82' lang='lat' dir='ltr'>Antonius</span> <span class='ocrx_word' id='word_1_48' title='bbox 1431 1186 1606 1262; x_wconf 85' lang='lat' dir='ltr'>Columna</span> <span class='ocrx_word' id='word_1_49' title='bbox 1628 1191 1674 1286; x_wconf 88' lang='lat' dir='ltr'>qui</span> 
     </span>
     <span class='ocr_line' id='line_1_7' title="bbox 369 1308 1674 1406; baseline 0.003 -24"><span class='ocrx_word' id='word_1_50' title='bbox 369 1308 537 1384; x_wconf 88' lang='lat' dir='ltr'>lecerunt</span> <span class='ocrx_word' id='word_1_51' title='bbox 560 1333 687 1382; x_wconf 92' lang='lat' dir='ltr'>omnes</span> <span class='ocrx_word' id='word_1_52' title='bbox 710 1309 872 1406; x_wconf 91' lang='lat' dir='ltr'>prelatos</span> <span class='ocrx_word' id='word_1_53' title='bbox 899 1313 935 1382; x_wconf 90' lang='lat' dir='ltr'>et</span> <span class='ocrx_word' id='word_1_54' title='bbox 961 1308 1051 1383; x_wconf 91' lang='lat' dir='ltr'>alios</span> <span class='ocrx_word' id='word_1_55' title='bbox 1075 1311 1254 1406; x_wconf 91' lang='lat' dir='ltr'>usquead</span> <span class='ocrx_word' id='word_1_56' title='bbox 1281 1310 1491 1385; x_wconf 77' lang='lat' dir='ltr'>cardinales</span> <span class='ocrx_word' id='word_1_57' title='bbox 1519 1313 1674 1386; x_wconf 84' lang='lat' dir='ltr'>exclusivo</span> 
     </span>
     <span class='ocr_line' id='line_1_8' title="bbox 366 1433 1673 1536; baseline 0.002 -26"><span class='ocrx_word' id='word_1_58' title='bbox 366 1437 590 1510; x_wconf 80' lang='lat' dir='ltr'>descendere</span> <span class='ocrx_word' id='word_1_59' title='bbox 609 1435 654 1508; x_wconf 94' lang='lat' dir='ltr'>de</span> <span class='ocrx_word' id='word_1_60' title='bbox 674 1434 776 1532; x_wconf 94' lang='lat' dir='ltr'>equis</span> <span class='ocrx_word' id='word_1_61' title='bbox 786 1440 823 1508; x_wconf 92' lang='lat' dir='ltr'>et</span> <span class='ocrx_word' id='word_1_62' title='bbox 837 1433 945 1508; x_wconf 92' lang='lat' dir='ltr'>mulis</span> <span class='ocrx_word' id='word_1_63' title='bbox 959 1433 996 1506; x_wconf 94' lang='lat' dir='ltr'>in</span> <span class='ocrx_word' id='word_1_64' title='bbox 1014 1433 1112 1526; x_wconf 88' lang='lat' dir='ltr'>diota</span> <span class='ocrx_word' id='word_1_65' title='bbox 1127 1434 1249 1531; x_wconf 87' lang='lat' dir='ltr'>platea</span> <span class='ocrx_word' id='word_1_66' title='bbox 1264 1441 1301 1508; x_wconf 94' lang='lat' dir='ltr'>et</span> <span class='ocrx_word' id='word_1_67' title='bbox 1319 1435 1370 1508; x_wconf 91' lang='lat' dir='ltr'>ire</span> <span class='ocrx_word' id='word_1_68' title='bbox 1389 1436 1491 1512; x_wconf 92' lang='lat' dir='ltr'>solos</span> <span class='ocrx_word' id='word_1_69' title='bbox 1508 1439 1673 1536; x_wconf 81' lang='lat' dir='ltr'>pedestres</span> 
     </span>
     <span class='ocr_line' id='line_1_9' title="bbox 366 1558 1671 1657; baseline 0.002 -24"><span class='ocrx_word' id='word_1_70' title='bbox 366 1561 403 1634; x_wconf 92' lang='lat' dir='ltr'>in</span> <span class='ocrx_word' id='word_1_71' title='bbox 422 1559 660 1657; x_wconf 86' lang='lat' dir='ltr'>paramentis,</span> <span class='ocrx_word' id='word_1_72' title='bbox 674 1559 752 1632; x_wconf 89' lang='lat' dir='ltr'>sine</span> <span class='ocrx_word' id='word_1_73' title='bbox 769 1558 891 1656; x_wconf 89' lang='lat' dir='ltr'>aliquo</span> <span class='ocrx_word' id='word_1_74' title='bbox 907 1558 1097 1649; x_wconf 84' lang='lat' dir='ltr'>servitore,</span> <span class='ocrx_word' id='word_1_75' title='bbox 1117 1558 1163 1630; x_wconf 89' lang='lat' dir='ltr'>ad</span> <span class='ocrx_word' id='word_1_76' title='bbox 1181 1558 1370 1634; x_wconf 88' lang='lat' dir='ltr'>basilicam</span> <span class='ocrx_word' id='word_1_77' title='bbox 1389 1565 1671 1649; x_wconf 87' lang='lat' dir='ltr'>Lateranensem;</span> 
     </span>
     <span class='ocr_line' id='line_1_10' title="bbox 367 1683 1674 1780; baseline 0.002 -20"><span class='ocrx_word' id='word_1_78' title='bbox 367 1683 612 1760; x_wconf 81' lang='lat' dir='ltr'>cardinalibus</span> <span class='ocrx_word' id='word_1_79' title='bbox 625 1688 747 1757; x_wconf 92' lang='lat' dir='ltr'>autem</span> <span class='ocrx_word' id='word_1_80' title='bbox 761 1683 1010 1780; x_wconf 89' lang='lat' dir='ltr'>permiserunt</span> <span class='ocrx_word' id='word_1_81' title='bbox 1028 1683 1169 1756; x_wconf 90' lang='lat' dir='ltr'>intrare</span> <span class='ocrx_word' id='word_1_82' title='bbox 1189 1705 1273 1756; x_wconf 93' lang='lat' dir='ltr'>cum</span> <span class='ocrx_word' id='word_1_83' title='bbox 1290 1684 1461 1758; x_wconf 91' lang='lat' dir='ltr'>omnibus</span> <span class='ocrx_word' id='word_1_84' title='bbox 1474 1711 1595 1760; x_wconf 91' lang='lat' dir='ltr'>eorum</span> <span class='ocrx_word' id='word_1_85' title='bbox 1607 1693 1674 1762; x_wconf 89' lang='lat' dir='ltr'>octo</span> 
     </span>
     <span class='ocr_line' id='line_1_11' title="bbox 368 1807 1673 1884; baseline 0.002 -2"><span class='ocrx_word' id='word_1_86' title='bbox 368 1807 604 1882; x_wconf 79' lang='lat' dir='ltr'>servitoribus</span> <span class='ocrx_word' id='word_1_87' title='bbox 622 1813 658 1882; x_wconf 91' lang='lat' dir='ltr'>et</span> <span class='ocrx_word' id='word_1_88' title='bbox 675 1807 814 1882; x_wconf 88' lang='lat' dir='ltr'>baculis</span> <span class='ocrx_word' id='word_1_89' title='bbox 839 1808 884 1880; x_wconf 90' lang='lat' dir='ltr'>ad</span> <span class='ocrx_word' id='word_1_90' title='bbox 911 1807 1046 1881; x_wconf 88' lang='lat' dir='ltr'>dietam</span> <span class='ocrx_word' id='word_1_91' title='bbox 1068 1807 1271 1880; x_wconf 88' lang='lat' dir='ltr'>basilicam.</span> <span class='ocrx_word' id='word_1_92' title='bbox 1299 1809 1510 1883; x_wconf 86' lang='lat' dir='ltr'>Caudatarii</span> <span class='ocrx_word' id='word_1_93' title='bbox 1531 1834 1673 1884; x_wconf 89' lang='lat' dir='ltr'>recesse-</span> 
     </span>
     <span class='ocr_line' id='line_1_12' title="bbox 366 1932 1674 2030; baseline 0.002 -24"><span class='ocrx_word' id='word_1_94' title='bbox 366 1937 452 2008; x_wconf 90' lang='lat' dir='ltr'>runt</span> <span class='ocrx_word' id='word_1_95' title='bbox 469 1933 804 2008; x_wconf 87' lang='lat' dir='ltr'>acardinalibusde</span> <span class='ocrx_word' id='word_1_96' title='bbox 816 1932 978 2030; x_wconf 90' lang='lat' dir='ltr'>plateas.</span> <span class='ocrx_word' id='word_1_97' title='bbox 997 1933 1096 2006; x_wconf 87' lang='lat' dir='ltr'>Petri</span> <span class='ocrx_word' id='word_1_98' title='bbox 1108 1955 1242 2030; x_wconf 87' lang='lat' dir='ltr'>cappas</span> <span class='ocrx_word' id='word_1_99' title='bbox 1252 1937 1445 2030; x_wconf 91' lang='lat' dir='ltr'>portantes</span> <span class='ocrx_word' id='word_1_100' title='bbox 1461 1935 1674 2010; x_wconf 84' lang='lat' dir='ltr'>subbracbiis</span> 
     </span>
     <span class='ocr_line' id='line_1_13' title="bbox 368 2057 1674 2155; baseline 0 -23"><span class='ocrx_word' id='word_1_101' title='bbox 368 2060 414 2132; x_wconf 91' lang='lat' dir='ltr'>ad</span> <span class='ocrx_word' id='word_1_102' title='bbox 432 2058 617 2134; x_wconf 87' lang='lat' dir='ltr'>basilicam</span> <span class='ocrx_word' id='word_1_103' title='bbox 643 2062 929 2134; x_wconf 87' lang='lat' dir='ltr'>Lateranensem</span> <span class='ocrx_word' id='word_1_104' title='bbox 947 2057 1007 2130; x_wconf 94' lang='lat' dir='ltr'>ubi</span> <span class='ocrx_word' id='word_1_105' title='bbox 1033 2062 1318 2155; x_wconf 85' lang='lat' dir='ltr'>expectaverunt</span> <span class='ocrx_word' id='word_1_106' title='bbox 1340 2081 1424 2132; x_wconf 87' lang='lat' dir='ltr'>cum</span> <span class='ocrx_word' id='word_1_107' title='bbox 1450 2061 1558 2134; x_wconf 85' lang='lat' dir='ltr'>cottis</span> <span class='ocrx_word' id='word_1_108' title='bbox 1575 2061 1674 2134; x_wconf 90' lang='lat' dir='ltr'>cardi-</span> 
     </span>
     <span class='ocr_line' id='line_1_14' title="bbox 365 2181 1676 2286; baseline 0 -30"><span class='ocrx_word' id='word_1_109' title='bbox 365 2183 479 2258; x_wconf 90' lang='lat' dir='ltr'>nales.</span> <span class='ocrx_word' id='word_1_110' title='bbox 501 2183 564 2258; x_wconf 91' lang='lat' dir='ltr'>llle</span> <span class='ocrx_word' id='word_1_111' title='bbox 581 2185 652 2257; x_wconf 94' lang='lat' dir='ltr'>due</span> <span class='ocrx_word' id='word_1_112' title='bbox 671 2188 778 2282; x_wconf 88' lang='lat' dir='ltr'>porte</span> <span class='ocrx_word' id='word_1_113' title='bbox 796 2187 1063 2286; x_wconf 85' lang='lat' dir='ltr'>Lateranenses</span> <span class='ocrx_word' id='word_1_114' title='bbox 1087 2181 1237 2256; x_wconf 87' lang='lat' dir='ltr'>luerunt</span> <span class='ocrx_word' id='word_1_115' title='bbox 1261 2187 1390 2279; x_wconf 88' lang='lat' dir='ltr'>aperte</span> <span class='ocrx_word' id='word_1_116' title='bbox 1410 2188 1449 2257; x_wconf 91' lang='lat' dir='ltr'>et</span> <span class='ocrx_word' id='word_1_117' title='bbox 1466 2185 1583 2259; x_wconf 86' lang='lat' dir='ltr'>medie</span> <span class='ocrx_word' id='word_1_118' title='bbox 1599 2185 1676 2280; x_wconf 86' lang='lat' dir='ltr'>ejus-</span> 
     </span>
     <span class='ocr_line' id='line_1_15' title="bbox 366 2307 1672 2408; baseline 0 -26"><span class='ocrx_word' id='word_1_119' title='bbox 366 2308 511 2382; x_wconf 90' lang='lat' dir='ltr'>demde</span> <span class='ocrx_word' id='word_1_120' title='bbox 529 2332 602 2406; x_wconf 90' lang='lat' dir='ltr'>qua</span> <span class='ocrx_word' id='word_1_121' title='bbox 619 2308 687 2382; x_wconf 87' lang='lat' dir='ltr'>luit</span> <span class='ocrx_word' id='word_1_122' title='bbox 711 2308 848 2382; x_wconf 89' lang='lat' dir='ltr'>lactum</span> <span class='ocrx_word' id='word_1_123' title='bbox 873 2311 1085 2408; x_wconf 81' lang='lat' dir='ltr'>suggestum</span> <span class='ocrx_word' id='word_1_124' title='bbox 1103 2331 1217 2404; x_wconf 92' lang='lat' dir='ltr'>usque</span> <span class='ocrx_word' id='word_1_125' title='bbox 1238 2308 1284 2382; x_wconf 92' lang='lat' dir='ltr'>ad</span> <span class='ocrx_word' id='word_1_126' title='bbox 1302 2307 1421 2382; x_wconf 87' lang='lat' dir='ltr'>altare</span> <span class='ocrx_word' id='word_1_127' title='bbox 1448 2311 1576 2407; x_wconf 90' lang='lat' dir='ltr'>majus.</span> <span class='ocrx_word' id='word_1_128' title='bbox 1594 2314 1672 2406; x_wconf 87' lang='lat' dir='ltr'>Papo</span> 
     </span>
     <span class='ocr_line' id='line_1_16' title="bbox 367 2433 1675 2532; baseline -0.001 -25"><span class='ocrx_word' id='word_1_129' title='bbox 367 2434 557 2508; x_wconf 90' lang='lat' dir='ltr'>descendit</span> <span class='ocrx_word' id='word_1_130' title='bbox 574 2434 617 2508; x_wconf 94' lang='lat' dir='ltr'>de</span> <span class='ocrx_word' id='word_1_131' title='bbox 637 2457 730 2531; x_wconf 91' lang='lat' dir='ltr'>equo</span> <span class='ocrx_word' id='word_1_132' title='bbox 750 2439 906 2531; x_wconf 92' lang='lat' dir='ltr'>quemet</span> <span class='ocrx_word' id='word_1_133' title='bbox 923 2433 1184 2508; x_wconf 87' lang='lat' dir='ltr'>baldachinum</span> <span class='ocrx_word' id='word_1_134' title='bbox 1199 2437 1421 2531; x_wconf 86' lang='lat' dir='ltr'>receperunt</span> <span class='ocrx_word' id='word_1_135' title='bbox 1440 2436 1589 2508; x_wconf 89' lang='lat' dir='ltr'>Romani</span> <span class='ocrx_word' id='word_1_136' title='bbox 1607 2459 1675 2532; x_wconf 90' lang='lat' dir='ltr'>por·</span> 
     </span>
     <span class='ocr_line' id='line_1_17' title="bbox 339 2557 1674 2658; baseline -0.001 -25"><span class='ocrx_word' id='word_1_137' title='bbox 339 2643 343 2650; x_wconf 48' lang='grc'><em>,</em></span> <span class='ocrx_word' id='word_1_138' title='bbox 367 2565 487 2634; x_wconf 86' lang='lat' dir='ltr'>tantos</span> <span class='ocrx_word' id='word_1_139' title='bbox 505 2559 658 2658; x_wconf 87' lang='lat' dir='ltr'>pacifice</span> <span class='ocrx_word' id='word_1_140' title='bbox 676 2563 713 2634; x_wconf 92' lang='lat' dir='ltr'>et</span> <span class='ocrx_word' id='word_1_141' title='bbox 730 2559 865 2656; x_wconf 90' lang='lat' dir='ltr'>quiete,</span> <span class='ocrx_word' id='word_1_142' title='bbox 886 2558 971 2655; x_wconf 91' lang='lat' dir='ltr'>quia</span> <span class='ocrx_word' id='word_1_143' title='bbox 994 2557 1061 2632; x_wconf 88' lang='lat' dir='ltr'>luit</span> <span class='ocrx_word' id='word_1_144' title='bbox 1079 2582 1160 2632; x_wconf 92' lang='lat' dir='ltr'>cum</span> <span class='ocrx_word' id='word_1_145' title='bbox 1181 2557 1233 2632; x_wconf 91' lang='lat' dir='ltr'>eis</span> <span class='ocrx_word' id='word_1_146' title='bbox 1249 2558 1300 2634; x_wconf 91' lang='lat' dir='ltr'>ita</span> <span class='ocrx_word' id='word_1_147' title='bbox 1318 2567 1537 2634; x_wconf 91' lang='lat' dir='ltr'>conventum</span> <span class='ocrx_word' id='word_1_148' title='bbox 1553 2564 1590 2633; x_wconf 87' lang='lat' dir='ltr'>ut</span> <span class='ocrx_word' id='word_1_149' title='bbox 1605 2560 1674 2632; x_wconf 89' lang='lat' dir='ltr'>reli·</span> 
     </span>
     <span class='ocr_line' id='line_1_18' title="bbox 366 2679 1673 2780; baseline -0.003 -24"><span class='ocrx_word' id='word_1_150' title='bbox 366 2689 500 2756; x_wconf 88' lang='lat' dir='ltr'>nerent</span> <span class='ocrx_word' id='word_1_151' title='bbox 516 2689 552 2756; x_wconf 91' lang='lat' dir='ltr'>et</span> <span class='ocrx_word' id='word_1_152' title='bbox 571 2687 668 2780; x_wconf 88' lang='lat' dir='ltr'>Papa</span> <span class='ocrx_word' id='word_1_153' title='bbox 685 2687 781 2754; x_wconf 89' lang='lat' dir='ltr'>essct</span> <span class='ocrx_word' id='word_1_154' title='bbox 805 2681 858 2754; x_wconf 90' lang='lat' dir='ltr'>eis</span> <span class='ocrx_word' id='word_1_155' title='bbox 876 2679 1011 2778; x_wconf 86' lang='lat' dir='ltr'>aliquid</span> <span class='ocrx_word' id='word_1_156' title='bbox 1030 2681 1231 2754; x_wconf 90' lang='lat' dir='ltr'>donaturus</span> <span class='ocrx_word' id='word_1_157' title='bbox 1249 2705 1317 2778; x_wconf 94' lang='lat' dir='ltr'>pro</span> <span class='ocrx_word' id='word_1_158' title='bbox 1335 2680 1558 2756; x_wconf 83' lang='lat' dir='ltr'>baldachino</span> <span class='ocrx_word' id='word_1_159' title='bbox 1574 2705 1673 2755; x_wconf 89' lang='lat' dir='ltr'>sacra-</span> 
     </span>
    </p>
   </div>
   <div class='ocr_carea' id='block_1_3' title="bbox 366 2805 1743 2904">
    <p class='ocr_par' dir='ltr' id='par_1_3' title="bbox 366 2805 1743 2904">
     <span class='ocr_line' id='line_1_19' title="bbox 366 2805 1743 2904; baseline -0.001 -24"><span class='ocrx_word' id='word_1_160' title='bbox 366 2807 494 2897; x_wconf 91' lang='lat' dir='ltr'>menti,</span> <span class='ocrx_word' id='word_1_161' title='bbox 512 2809 609 2904; x_wconf 95' lang='lat' dir='ltr'>quod</span> <span class='ocrx_word' id='word_1_162' title='bbox 623 2806 681 2881; x_wconf 89' lang='lat' dir='ltr'>vix</span> <span class='ocrx_word' id='word_1_163' title='bbox 694 2806 797 2904; x_wconf 94' lang='lat' dir='ltr'>potui</span> <span class='ocrx_word' id='word_1_164' title='bbox 816 2807 973 2897; x_wconf 80' lang='lat' dir='ltr'>salvare3</span> <span class='ocrx_word' id='word_1_165' title='bbox 995 2807 1057 2880; x_wconf 93' lang='lat' dir='ltr'>sed</span> <span class='ocrx_word' id='word_1_166' title='bbox 1071 2805 1224 2880; x_wconf 87' lang='lat' dir='ltr'>salvavi:</span> <span class='ocrx_word' id='word_1_167' title='bbox 1246 2805 1328 2878; x_wconf 84' lang='lat' dir='ltr'>Fuit</span> <span class='ocrx_word' id='word_1_168' title='bbox 1345 2807 1453 2880; x_wconf 89' lang='lat' dir='ltr'>datus</span> <span class='ocrx_word' id='word_1_169' title='bbox 1472 2807 1584 2880; x_wconf 90' lang='lat' dir='ltr'>malus</span> <span class='ocrx_word' id='word_1_170' title='bbox 1599 2807 1673 2879; x_wconf 92' lang='lat' dir='ltr'>ordo</span> <span class='ocrx_word' id='word_1_171' title='bbox 1742 2827 1743 2870; x_wconf 62' lang='lat' dir='ltr'>i</span> 
     </span>
    </p>
   </div>
   <div class='ocr_carea' id='block_1_4' title="bbox 365 2929 1673 3153">
    <p class='ocr_par' dir='ltr' id='par_1_4' title="bbox 365 2929 1673 3153">
     <span class='ocr_line' id='line_1_20' title="bbox 366 2929 1673 3030; baseline -0.003 -24"><span class='ocrx_word' id='word_1_172' title='bbox 366 2957 433 3030; x_wconf 91' lang='lat' dir='ltr'>per</span> <span class='ocrx_word' id='word_1_173' title='bbox 452 2937 648 3022; x_wconf 85' lang='lat' dir='ltr'>Romanos,</span> <span class='ocrx_word' id='word_1_174' title='bbox 662 2931 747 3028; x_wconf 91' lang='lat' dir='ltr'>quia</span> <span class='ocrx_word' id='word_1_175' title='bbox 765 2931 871 3021; x_wconf 90' lang='lat' dir='ltr'>certi,</span> <span class='ocrx_word' id='word_1_176' title='bbox 890 2931 984 3006; x_wconf 90' lang='lat' dir='ltr'>male</span> <span class='ocrx_word' id='word_1_177' title='bbox 999 2931 1128 3020; x_wconf 89' lang='lat' dir='ltr'>vestiti,</span> <span class='ocrx_word' id='word_1_178' title='bbox 1149 2934 1341 3028; x_wconf 89' lang='lat' dir='ltr'>portarunt</span> <span class='ocrx_word' id='word_1_179' title='bbox 1359 2929 1464 3002; x_wconf 94' lang='lat' dir='ltr'>illum</span> <span class='ocrx_word' id='word_1_180' title='bbox 1477 2932 1522 3004; x_wconf 92' lang='lat' dir='ltr'>de</span> <span class='ocrx_word' id='word_1_181' title='bbox 1538 2956 1566 3004; x_wconf 91' lang='lat' dir='ltr'>s.</span> <span class='ocrx_word' id='word_1_182' title='bbox 1581 2934 1673 3004; x_wconf 89' lang='lat' dir='ltr'>Petro</span> 
     </span>
     <span class='ocr_line' id='line_1_21' title="bbox 365 3055 1670 3153; baseline -0.001 -24"><span class='ocrx_word' id='word_1_183' title='bbox 365 3058 442 3130; x_wconf 92' lang='lat' dir='ltr'>sine</span> <span class='ocrx_word' id='word_1_184' title='bbox 461 3057 584 3130; x_wconf 86' lang='lat' dir='ltr'>mitra.</span> <span class='ocrx_word' id='word_1_185' title='bbox 599 3061 877 3132; x_wconf 83' lang='lat' dir='ltr'>Conservatores</span> <span class='ocrx_word' id='word_1_186' title='bbox 895 3055 1106 3153; x_wconf 89' lang='lat' dir='ltr'>equitarunt</span> <span class='ocrx_word' id='word_1_187' title='bbox 1121 3079 1204 3130; x_wconf 92' lang='lat' dir='ltr'>cum</span> <span class='ocrx_word' id='word_1_188' title='bbox 1220 3055 1430 3130; x_wconf 87' lang='lat' dir='ltr'>oratoribus</span> <span class='ocrx_word' id='word_1_189' title='bbox 1443 3059 1481 3141; x_wconf 82' lang='lat' dir='ltr'>et</span> <span class='ocrx_word' id='word_1_190' title='bbox 1499 3056 1670 3129; x_wconf 92' lang='lat' dir='ltr'>noluerunt</span> 
     </span>
    </p>
   </div>
   <div class='ocr_carea' id='block_1_5' title="bbox 363 3183 1742 3408">
    <p class='ocr_par' dir='ltr' id='par_1_5' title="bbox 363 3183 1742 3408">
     <span class='ocr_line' id='line_1_22' title="bbox 363 3183 1742 3286; baseline -0.004 -31"><span class='ocrx_word' id='word_1_191' title='bbox 363 3183 418 3255; x_wconf 90' lang='lat' dir='ltr'>ire</span> <span class='ocrx_word' id='word_1_192' title='bbox 437 3184 627 3280; x_wconf 89' lang='lat' dir='ltr'>pedestres</span> <span class='ocrx_word' id='word_1_193' title='bbox 645 3206 729 3258; x_wconf 92' lang='lat' dir='ltr'>cum</span> <span class='ocrx_word' id='word_1_194' title='bbox 747 3186 859 3280; x_wconf 87' lang='lat' dir='ltr'>Papa,</span> <span class='ocrx_word' id='word_1_195' title='bbox 872 3205 954 3256; x_wconf 89' lang='lat' dir='ltr'>cum</span> <span class='ocrx_word' id='word_1_196' title='bbox 978 3206 1048 3286; x_wconf 91' lang='lat' dir='ltr'>quo</span> <span class='ocrx_word' id='word_1_197' title='bbox 1066 3183 1128 3256; x_wconf 90' lang='lat' dir='ltr'>ivit</span> <span class='ocrx_word' id='word_1_198' title='bbox 1149 3187 1297 3258; x_wconf 86' lang='lat' dir='ltr'>senator</span> <span class='ocrx_word' id='word_1_199' title='bbox 1319 3186 1364 3258; x_wconf 93' lang='lat' dir='ltr'>de</span> <span class='ocrx_word' id='word_1_200' title='bbox 1382 3210 1412 3259; x_wconf 92' lang='lat' dir='ltr'>s.</span> <span class='ocrx_word' id='word_1_201' title='bbox 1435 3190 1546 3260; x_wconf 87' lang='lat' dir='ltr'>Petro</span> <span class='ocrx_word' id='word_1_202' title='bbox 1563 3183 1604 3256; x_wconf 91' lang='lat' dir='ltr'>ad</span> <span class='ocrx_word' id='word_1_203' title='bbox 1620 3185 1672 3254; x_wconf 89' lang='lat' dir='ltr'>La·</span> <span class='ocrx_word' id='word_1_204' title='bbox 1741 3281 1742 3286; x_wconf 6' lang='grc' dir='ltr'><strong>Ἰ</strong></span> 
     </span>
     <span class='ocr_line' id='line_1_23' title="bbox 363 3304 1669 3408; baseline -0.007 -26"><span class='ocrx_word' id='word_1_205' title='bbox 363 3312 595 3384; x_wconf 89' lang='lat' dir='ltr'>terancnsem</span> <span class='ocrx_word' id='word_1_206' title='bbox 624 3313 768 3383; x_wconf 88' lang='lat' dir='ltr'>etcum</span> <span class='ocrx_word' id='word_1_207' title='bbox 795 3331 838 3382; x_wconf 95' lang='lat' dir='ltr'>eo</span> <span class='ocrx_word' id='word_1_208' title='bbox 865 3309 988 3406; x_wconf 88' lang='lat' dir='ltr'>capita</span> <span class='ocrx_word' id='word_1_209' title='bbox 1014 3309 1220 3406; x_wconf 85' lang='lat' dir='ltr'>regionum,</span> <span class='ocrx_word' id='word_1_210' title='bbox 1251 3309 1402 3408; x_wconf 88' lang='lat' dir='ltr'>singulis</span> <span class='ocrx_word' id='word_1_211' title='bbox 1431 3335 1517 3385; x_wconf 91' lang='lat' dir='ltr'>cum</span> <span class='ocrx_word' id='word_1_212' title='bbox 1541 3304 1669 3403; x_wconf 82' lang='lat' dir='ltr'>siugulis</span> 
     </span>
    </p>
   </div>
   <div class='ocr_carea' id='block_1_6' title="bbox 363 3433 1671 3784">
    <p class='ocr_par' dir='ltr' id='par_1_6' title="bbox 363 3433 1671 3784">
     <span class='ocr_line' id='line_1_24' title="bbox 365 3433 1671 3533; baseline -0.007 -25"><span class='ocrx_word' id='word_1_213' title='bbox 365 3433 504 3508; x_wconf 90' lang='lat' dir='ltr'>baculis</span> <span class='ocrx_word' id='word_1_214' title='bbox 522 3435 627 3526; x_wconf 89' lang='lat' dir='ltr'>albis,</span> <span class='ocrx_word' id='word_1_215' title='bbox 645 3438 682 3508; x_wconf 91' lang='lat' dir='ltr'>et</span> <span class='ocrx_word' id='word_1_216' title='bbox 700 3433 879 3510; x_wconf 90' lang='lat' dir='ltr'>tredecim</span> <span class='ocrx_word' id='word_1_217' title='bbox 897 3433 991 3508; x_wconf 89' lang='lat' dir='ltr'>male</span> <span class='ocrx_word' id='word_1_218' title='bbox 1009 3433 1127 3508; x_wconf 88' lang='lat' dir='ltr'>vestiti</span> <span class='ocrx_word' id='word_1_219' title='bbox 1146 3457 1275 3508; x_wconf 91' lang='lat' dir='ltr'>eorum</span> <span class='ocrx_word' id='word_1_220' title='bbox 1291 3435 1492 3511; x_wconf 79' lang='lat' dir='ltr'>familiares</span> <span class='ocrx_word' id='word_1_221' title='bbox 1508 3435 1671 3533; x_wconf 89' lang='lat' dir='ltr'>pedestres</span> 
     </span>
     <span class='ocr_line' id='line_1_25' title="bbox 365 3557 1671 3658; baseline -0.009 -23"><span class='ocrx_word' id='word_1_222' title='bbox 365 3567 602 3658; x_wconf 87' lang='lat' dir='ltr'>portaverunt</span> <span class='ocrx_word' id='word_1_223' title='bbox 620 3583 749 3634; x_wconf 91' lang='lat' dir='ltr'>eorum</span> <span class='ocrx_word' id='word_1_224' title='bbox 768 3559 897 3634; x_wconf 85' lang='lat' dir='ltr'>vexilla</span> <span class='ocrx_word' id='word_1_225' title='bbox 914 3557 1095 3632; x_wconf 86' lang='lat' dir='ltr'>incorum</span> <span class='ocrx_word' id='word_1_226' title='bbox 1112 3559 1203 3632; x_wconf 92' lang='lat' dir='ltr'>locis</span> <span class='ocrx_word' id='word_1_227' title='bbox 1219 3565 1301 3656; x_wconf 90' lang='lat' dir='ltr'>post</span> <span class='ocrx_word' id='word_1_228' title='bbox 1318 3583 1490 3636; x_wconf 88' lang='lat' dir='ltr'>cursores</span> <span class='ocrx_word' id='word_1_229' title='bbox 1506 3560 1671 3656; x_wconf 88' lang='lat' dir='ltr'>equestres</span> 
     </span>
     <span class='ocr_line' id='line_1_26' title="bbox 363 3677 1669 3784; baseline -0.01 -24"><span class='ocrx_word' id='word_1_230' title='bbox 363 3687 523 3784; x_wconf 90' lang='lat' dir='ltr'>quinque</span> <span class='ocrx_word' id='word_1_231' title='bbox 545 3690 752 3784; x_wconf 88' lang='lat' dir='ltr'>portatores</span> <span class='ocrx_word' id='word_1_232' title='bbox 780 3683 1016 3758; x_wconf 88' lang='lat' dir='ltr'>vexillorum:</span> <span class='ocrx_word' id='word_1_233' title='bbox 1042 3683 1190 3758; x_wconf 86' lang='lat' dir='ltr'>luerunt</span> <span class='ocrx_word' id='word_1_234' title='bbox 1218 3705 1345 3758; x_wconf 90' lang='lat' dir='ltr'>omnes</span> <span class='ocrx_word' id='word_1_235' title='bbox 1369 3685 1503 3760; x_wconf 88' lang='lat' dir='ltr'>armati</span> <span class='ocrx_word' id='word_1_236' title='bbox 1530 3677 1669 3776; x_wconf 86' lang='lat' dir='ltr'>exceptis</span> 
     </span>
    </p>
   </div>
   <div class='ocr_carea' id='block_1_7' title="bbox 364 3789 1741 3906">
    <p class='ocr_par' dir='ltr' id='par_1_7' title="bbox 364 3789 1741 3906">
     <span class='ocr_line' id='line_1_27' title="bbox 364 3789 1741 3906; baseline -0.008 -22"><span class='ocrx_word' id='word_1_237' title='bbox 364 3813 458 3886; x_wconf 91' lang='lat' dir='ltr'>lulio</span> <span class='ocrx_word' id='word_1_238' title='bbox 475 3811 653 3884; x_wconf 88' lang='lat' dir='ltr'>Gentiano</span> <span class='ocrx_word' id='word_1_239' title='bbox 676 3817 711 3884; x_wconf 93' lang='lat' dir='ltr'>et</span> <span class='ocrx_word' id='word_1_240' title='bbox 730 3811 753 3882; x_wconf 95' lang='lat' dir='ltr'>il</span> <span class='ocrx_word' id='word_1_241' title='bbox 772 3811 922 3886; x_wconf 84' lang='lat' dir='ltr'>Corosio</span> <span class='ocrx_word' id='word_1_242' title='bbox 938 3810 1000 3906; x_wconf 93' lang='lat' dir='ltr'>qui</span> <span class='ocrx_word' id='word_1_243' title='bbox 1018 3816 1124 3884; x_wconf 87' lang='lat' dir='ltr'>erant</span> <span class='ocrx_word' id='word_1_244' title='bbox 1142 3809 1220 3882; x_wconf 88' lang='lat' dir='ltr'>sine</span> <span class='ocrx_word' id='word_1_245' title='bbox 1238 3811 1364 3901; x_wconf 89' lang='lat' dir='ltr'>armis,</span> <span class='ocrx_word' id='word_1_246' title='bbox 1385 3809 1446 3906; x_wconf 94' lang='lat' dir='ltr'>qui</span> <span class='ocrx_word' id='word_1_247' title='bbox 1463 3810 1623 3884; x_wconf 87' lang='lat' dir='ltr'>dixerunt</span> <span class='ocrx_word' id='word_1_248' title='bbox 1637 3822 1667 3874; x_wconf 90' lang='lat' dir='ltr'>se</span> <span class='ocrx_word' id='word_1_249' title='bbox 1740 3789 1741 3828; x_wconf 65' lang='lat'>³</span> 
     </span>
    </p>
   </div>
   <div class='ocr_carea' id='block_1_8' title="bbox 363 3935 1666 4158">
    <p class='ocr_par' dir='ltr' id='par_1_8' title="bbox 363 3935 1666 4158">
     <span class='ocr_line' id='line_1_28' title="bbox 363 3935 778 4010; baseline 0.002 -3"><span class='ocrx_word' id='word_1_250' title='bbox 363 3959 435 4008; x_wconf 90' lang='lat' dir='ltr'>non</span> <span class='ocrx_word' id='word_1_251' title='bbox 454 3935 564 4008; x_wconf 86' lang='lat' dir='ltr'>fuisse</span> <span class='ocrx_word' id='word_1_252' title='bbox 588 3936 778 4010; x_wconf 89' lang='lat' dir='ltr'>avvisatos.</span> 
     </span>
     <span class='ocr_line' id='line_1_29' title="bbox 412 4055 1666 4158; baseline -0.003 -25"><span class='ocrx_word' id='word_1_253' title='bbox 412 4060 491 4133; x_wconf 87' lang='lat' dir='ltr'>Fuit</span> <span class='ocrx_word' id='word_1_254' title='bbox 513 4061 654 4156; x_wconf 92' lang='lat' dir='ltr'>positus</span> <span class='ocrx_word' id='word_1_255' title='bbox 681 4065 779 4158; x_wconf 90' lang='lat' dir='ltr'>Papa</span> <span class='ocrx_word' id='word_1_256' title='bbox 798 4062 836 4134; x_wconf 94' lang='lat' dir='ltr'>in</span> <span class='ocrx_word' id='word_1_257' title='bbox 862 4063 949 4134; x_wconf 88' lang='lat' dir='ltr'>sede</span> <span class='ocrx_word' id='word_1_258' title='bbox 982 4058 1203 4134; x_wconf 89' lang='lat' dir='ltr'>stercoraria</span> <span class='ocrx_word' id='word_1_259' title='bbox 1226 4059 1273 4158; x_wconf 89' lang='lat' dir='ltr'>(l)</span> <span class='ocrx_word' id='word_1_260' title='bbox 1308 4065 1393 4133; x_wconf 91' lang='lat' dir='ltr'>aute</span> <span class='ocrx_word' id='word_1_261' title='bbox 1429 4057 1618 4134; x_wconf 85' lang='lat' dir='ltr'>basilicam.</span> <span class='ocrx_word' id='word_1_262' title='bbox 1641 4055 1666 4120; x_wconf 64' lang='grc' dir='ltr'>ΡΙ</span> 
     </span>
    </p>
   </div>
   <div class='ocr_carea' id='block_1_9' title="bbox 360 4237 1740 4411">
    <p class='ocr_par' dir='ltr' id='par_1_9' title="bbox 360 4237 1740 4411">
     <span class='ocr_line' id='line_1_30' title="bbox 396 4237 1740 4322; baseline -0.009 -20"><span class='ocrx_word' id='word_1_263' title='bbox 396 4250 421 4302; x_wconf 88' lang='grc'>1.</span> <span class='ocrx_word' id='word_1_264' title='bbox 444 4245 619 4316; x_wconf 87' lang='lat' dir='ltr'>Giustiniani‚</span> <span class='ocrx_word' id='word_1_265' title='bbox 638 4245 683 4320; x_wconf 91' lang='lat' dir='ltr'>qui</span> <span class='ocrx_word' id='word_1_266' title='bbox 699 4253 826 4322; x_wconf 86' lang='lat' dir='ltr'>rapporte</span> <span class='ocrx_word' id='word_1_267' title='bbox 840 4254 910 4304; x_wconf 82' lang='lat' dir='ltr'>cette</span> <span class='ocrx_word' id='word_1_268' title='bbox 925 4247 1077 4303; x_wconf 76' lang='lat' dir='ltr'>ceremonia</span> <span class='ocrx_word' id='word_1_269' title='bbox 1091 4263 1157 4304; x_wconf 88' lang='lat' dir='ltr'>aveo</span> <span class='ocrx_word' id='word_1_270' title='bbox 1172 4247 1212 4303; x_wconf 86' lang='lat' dir='ltr'>les</span> <span class='ocrx_word' id='word_1_271' title='bbox 1234 4247 1297 4322; x_wconf 90' lang='lat' dir='ltr'>plus</span> <span class='ocrx_word' id='word_1_272' title='bbox 1312 4249 1417 4321; x_wconf 82' lang='lat' dir='ltr'>grands</span> <span class='ocrx_word' id='word_1_273' title='bbox 1437 4245 1544 4314; x_wconf 82' lang='lat' dir='ltr'>details,</span> <span class='ocrx_word' id='word_1_274' title='bbox 1561 4237 1668 4298; x_wconf 86' lang='lat' dir='ltr'>taitallu-</span> <span class='ocrx_word' id='word_1_275' title='bbox 1739 4279 1740 4310; x_wconf 56' lang='lat'><em>3</em></span> 
     </span>
     <span class='ocr_line' id='line_1_31' title="bbox 360 4323 1740 4411; baseline -0.004 -18"><span class='ocrx_word' id='word_1_276' title='bbox 360 4335 420 4393; x_wconf 90' lang='lat' dir='ltr'>sion</span> <span class='ocrx_word' id='word_1_277' title='bbox 441 4340 458 4392; x_wconf 79' lang='lat' dir='ltr'>u</span> <span class='ocrx_word' id='word_1_278' title='bbox 481 4336 509 4392; x_wconf 86' lang='lat' dir='ltr'>la</span> <span class='ocrx_word' id='word_1_279' title='bbox 532 4353 666 4409; x_wconf 85' lang='lat' dir='ltr'>croyance</span> <span class='ocrx_word' id='word_1_280' title='bbox 690 4335 830 4410; x_wconf 90' lang='lat' dir='ltr'>populaire</span> <span class='ocrx_word' id='word_1_281' title='bbox 851 4336 959 4410; x_wconf 80' lang='lat' dir='ltr'>d&#39;apres</span> <span class='ocrx_word' id='word_1_282' title='bbox 983 4336 1099 4411; x_wconf 86' lang='lat' dir='ltr'>laquelle</span> <span class='ocrx_word' id='word_1_283' title='bbox 1114 4353 1149 4394; x_wconf 91' lang='lat' dir='ltr'>on</span> <span class='ocrx_word' id='word_1_284' title='bbox 1164 4336 1315 4394; x_wconf 85' lang='lat' dir='ltr'>examinait</span> <span class='ocrx_word' id='word_1_285' title='bbox 1328 4337 1354 4392; x_wconf 92' lang='lat' dir='ltr'>la</span> <span class='ocrx_word' id='word_1_286' title='bbox 1367 4334 1468 4392; x_wconf 81' lang='lat' dir='ltr'>virilite</span> <span class='ocrx_word' id='word_1_287' title='bbox 1482 4335 1518 4390; x_wconf 91' lang='lat' dir='ltr'>du</span> <span class='ocrx_word' id='word_1_288' title='bbox 1533 4347 1596 4406; x_wconf 81' lang='lat' dir='ltr'>pepe</span> <span class='ocrx_word' id='word_1_289' title='bbox 1611 4323 1668 4382; x_wconf 67' lang='lat' dir='ltr'>assit</span> <span class='ocrx_word' id='word_1_290' title='bbox 1739 4339 1740 4358; x_wconf 67' lang='lat'>¹</span> 
     </span>
    </p>
   </div>
   <div class='ocr_carea' id='block_1_10' title="bbox 357 4413 1668 4677">
    <p class='ocr_par' dir='ltr' id='par_1_10' title="bbox 357 4413 1668 4677">
     <span class='ocr_line' id='line_1_32' title="bbox 358 4413 1666 4499; baseline -0.007 -17"><span class='ocrx_word' id='word_1_291' title='bbox 358 4443 406 4482; x_wconf 84' lang='lat' dir='ltr'>sur</span> <span class='ocrx_word' id='word_1_292' title='bbox 419 4425 445 4480; x_wconf 87' lang='lat' dir='ltr'>le</span> <span class='ocrx_word' id='word_1_293' title='bbox 459 4425 551 4482; x_wconf 87' lang='lat' dir='ltr'>chaire</span> <span class='ocrx_word' id='word_1_294' title='bbox 567 4425 727 4482; x_wconf 87' lang='lat' dir='ltr'>stercoraire</span> <span class='ocrx_word' id='word_1_295' title='bbox 745 4445 751 4482; x_wconf 95' lang='lat'><strong>:</strong></span> <span class='ocrx_word' id='word_1_296' title='bbox 769 4447 783 4478; x_wconf 80' lang='lat' dir='ltr'>u</span> <span class='ocrx_word' id='word_1_297' title='bbox 901 4426 979 4484; x_wconf 87' lang='lat' dir='ltr'>Zonti</span> <span class='ocrx_word' id='word_1_298' title='bbox 997 4426 1022 4482; x_wconf 94' lang='lat' dir='ltr'>in</span> <span class='ocrx_word' id='word_1_299' title='bbox 1039 4426 1097 4484; x_wconf 85' lang='lat' dir='ltr'>San</span> <span class='ocrx_word' id='word_1_300' title='bbox 1112 4427 1233 4496; x_wconf 88' lang='lat' dir='ltr'>Zuanne,</span> <span class='ocrx_word' id='word_1_301' title='bbox 1248 4427 1273 4482; x_wconf 88' lang='lat' dir='ltr'>el</span> <span class='ocrx_word' id='word_1_302' title='bbox 1287 4427 1364 4499; x_wconf 85' lang='lat' dir='ltr'>Papa</span> <span class='ocrx_word' id='word_1_303' title='bbox 1380 4425 1407 4480; x_wconf 86' lang='lat' dir='ltr'>lu</span> <span class='ocrx_word' id='word_1_304' title='bbox 1423 4441 1513 4481; x_wconf 83' lang='lat' dir='ltr'>moeso</span> <span class='ocrx_word' id='word_1_305' title='bbox 1526 4440 1543 4478; x_wconf 86' lang='lat' dir='ltr'>a</span> <span class='ocrx_word' id='word_1_306' title='bbox 1556 4423 1636 4476; x_wconf 76' lang='lat' dir='ltr'>secur</span> <span class='ocrx_word' id='word_1_307' title='bbox 1647 4413 1666 4468; x_wconf 82' lang='lat' dir='ltr'>iu</span> 
     </span>
     <span class='ocr_line' id='line_1_33' title="bbox 358 4505 1668 4588; baseline -0.001 -16"><span class='ocrx_word' id='word_1_308' title='bbox 358 4534 413 4572; x_wconf 90' lang='lat' dir='ltr'>una</span> <span class='ocrx_word' id='word_1_309' title='bbox 429 4514 506 4571; x_wconf 87' lang='lat' dir='ltr'>sedia</span> <span class='ocrx_word' id='word_1_310' title='bbox 520 4531 680 4584; x_wconf 83' lang='lat' dir='ltr'>marmorea,</span> <span class='ocrx_word' id='word_1_311' title='bbox 696 4515 746 4570; x_wconf 91' lang='lat' dir='ltr'>che</span> <span class='ocrx_word' id='word_1_312' title='bbox 761 4519 776 4569; x_wconf 75' lang='lat' dir='ltr'>b</span> <span class='ocrx_word' id='word_1_313' title='bbox 791 4515 818 4569; x_wconf 95' lang='lat' dir='ltr'>in</span> <span class='ocrx_word' id='word_1_314' title='bbox 833 4514 859 4570; x_wconf 88' lang='lat' dir='ltr'>la</span> <span class='ocrx_word' id='word_1_315' title='bbox 873 4514 977 4588; x_wconf 85' lang='lat' dir='ltr'>capella</span> <span class='ocrx_word' id='word_1_316' title='bbox 991 4516 1108 4588; x_wconf 83' lang='lat' dir='ltr'>grande,</span> <span class='ocrx_word' id='word_1_317' title='bbox 1123 4532 1138 4570; x_wconf 87' lang='lat' dir='ltr'>e</span> <span class='ocrx_word' id='word_1_318' title='bbox 1153 4514 1170 4569; x_wconf 95' lang='lat' dir='ltr'>li</span> <span class='ocrx_word' id='word_1_319' title='bbox 1183 4515 1212 4571; x_wconf 92' lang='lat' dir='ltr'>lu</span> <span class='ocrx_word' id='word_1_320' title='bbox 1227 4515 1291 4572; x_wconf 88' lang='lat' dir='ltr'>dato</span> <span class='ocrx_word' id='word_1_321' title='bbox 1308 4515 1336 4569; x_wconf 92' lang='lat' dir='ltr'>in</span> <span class='ocrx_word' id='word_1_322' title='bbox 1354 4532 1418 4570; x_wconf 92' lang='lat' dir='ltr'>man</span> <span class='ocrx_word' id='word_1_323' title='bbox 1438 4531 1473 4569; x_wconf 93' lang='lat' dir='ltr'>un</span> <span class='ocrx_word' id='word_1_324' title='bbox 1495 4517 1600 4570; x_wconf 77' lang='lat' dir='ltr'>aceruo,</span> <span class='ocrx_word' id='word_1_325' title='bbox 1614 4505 1668 4558; x_wconf 65' lang='lat' dir='ltr'>d⁰l²</span> 
     </span>
     <span class='ocr_line' id='line_1_34' title="bbox 357 4593 1666 4677; baseline -0.008 -16"><span class='ocrx_word' id='word_1_326' title='bbox 357 4604 420 4661; x_wconf 88' lang='lat' dir='ltr'>tutti</span> <span class='ocrx_word' id='word_1_327' title='bbox 435 4604 453 4660; x_wconf 95' lang='lat' dir='ltr'>li</span> <span class='ocrx_word' id='word_1_328' title='bbox 468 4603 598 4660; x_wconf 86' lang='lat' dir='ltr'>cardinali</span> <span class='ocrx_word' id='word_1_329' title='bbox 614 4602 652 4675; x_wconf 83' lang='lat' dir='ltr'>gli</span> <span class='ocrx_word' id='word_1_330' title='bbox 667 4603 777 4659; x_wconf 81' lang='lat' dir='ltr'>deltano</span> <span class='ocrx_word' id='word_1_331' title='bbox 791 4602 958 4660; x_wconf 86' lang='lat' dir='ltr'>obedienzie.</span> <span class='ocrx_word' id='word_1_332' title='bbox 975 4605 1023 4660; x_wconf 87' lang='lat' dir='ltr'>Poi</span> <span class='ocrx_word' id='word_1_333' title='bbox 1038 4605 1065 4659; x_wconf 90' lang='lat' dir='ltr'>ln</span> <span class='ocrx_word' id='word_1_334' title='bbox 1081 4605 1212 4660; x_wconf 89' lang='lat' dir='ltr'>condotto</span> <span class='ocrx_word' id='word_1_335' title='bbox 1223 4604 1251 4659; x_wconf 93' lang='lat' dir='ltr'>in</span> <span class='ocrx_word' id='word_1_336' title='bbox 1261 4602 1431 4677; x_wconf 84' lang='lat' dir='ltr'>unaeupella</span> <span class='ocrx_word' id='word_1_337' title='bbox 1444 4613 1572 4674; x_wconf 87' lang='lat' dir='ltr'>appresso</span> <span class='ocrx_word' id='word_1_338' title='bbox 1583 4593 1666 4649; x_wconf 69' lang='lat' dir='ltr'>smero</span> 
     </span>
    </p>
   </div>
   <div class='ocr_carea' id='block_1_11' title="bbox 358 4675 1739 4854">
    <p class='ocr_par' dir='ltr' id='par_1_11' title="bbox 358 4675 1739 4854">
     <span class='ocr_line' id='line_1_35' title="bbox 359 4675 1739 4767; baseline -0.007 -16"><span class='ocrx_word' id='word_1_339' title='bbox 359 4697 529 4758; x_wconf 84' lang='lat' dir='ltr'>Scrrctorum,</span> <span class='ocrx_word' id='word_1_340' title='bbox 547 4684 686 4749; x_wconf 80' lang='lat' dir='ltr'>dove&#39;non</span> <span class='ocrx_word' id='word_1_341' title='bbox 699 4698 778 4748; x_wconf 86' lang='lat' dir='ltr'>entrd</span> <span class='ocrx_word' id='word_1_342' title='bbox 792 4709 821 4748; x_wconf 88' lang='lat' dir='ltr'>se</span> <span class='ocrx_word' id='word_1_343' title='bbox 836 4709 892 4748; x_wconf 91' lang='lat' dir='ltr'>nou</span> <span class='ocrx_word' id='word_1_344' title='bbox 906 4691 915 4746; x_wconf 95' lang='lat' dir='ltr'>i</span> <span class='ocrx_word' id='word_1_345' title='bbox 928 4693 1026 4767; x_wconf 87' lang='lat' dir='ltr'>prelati</span> <span class='ocrx_word' id='word_1_346' title='bbox 1044 4711 1060 4749; x_wconf 91' lang='lat' dir='ltr'>e</span> <span class='ocrx_word' id='word_1_347' title='bbox 1078 4692 1210 4748; x_wconf 86' lang='lat' dir='ltr'>cardinali</span> <span class='ocrx_word' id='word_1_348' title='bbox 1231 4711 1246 4750; x_wconf 91' lang='lat' dir='ltr'>e</span> <span class='ocrx_word' id='word_1_349' title='bbox 1265 4693 1308 4750; x_wconf 87' lang='lat' dir='ltr'>chi</span> <span class='ocrx_word' id='word_1_350' title='bbox 1329 4690 1405 4748; x_wconf 85' lang='lat' dir='ltr'>volso</span> <span class='ocrx_word' id='word_1_351' title='bbox 1430 4691 1463 4748; x_wconf 90' lang='lat' dir='ltr'>de</span> <span class='ocrx_word' id='word_1_352' title='bbox 1488 4675 1667 4746; x_wconf 68' lang='lat' dir='ltr'>ambussudfflii</span> <span class='ocrx_word' id='word_1_353' title='bbox 1738 4751 1739 4756; x_wconf 8' lang='grc' dir='ltr'>η</span> 
     </span>
     <span class='ocr_line' id='line_1_36' title="bbox 358 4767 1739 4854; baseline -0.008 -15"><span class='ocrx_word' id='word_1_354' title='bbox 358 4801 373 4839; x_wconf 94' lang='lat' dir='ltr'>e</span> <span class='ocrx_word' id='word_1_355' title='bbox 401 4781 417 4838; x_wconf 94' lang='lat' dir='ltr'>li</span> <span class='ocrx_word' id='word_1_356' title='bbox 440 4783 468 4838; x_wconf 88' lang='lat' dir='ltr'>lu</span> <span class='ocrx_word' id='word_1_357' title='bbox 489 4799 581 4838; x_wconf 84' lang='lat' dir='ltr'>masso</span> <span class='ocrx_word' id='word_1_358' title='bbox 602 4785 684 4838; x_wconf 78' lang='lat' dir='ltr'>ctione</span> <span class='ocrx_word' id='word_1_359' title='bbox 699 4798 715 4836; x_wconf 87' lang='lat' dir='ltr'>a</span> <span class='ocrx_word' id='word_1_360' title='bbox 731 4787 824 4838; x_wconf 87' lang='lat' dir='ltr'>sentur</span> <span class='ocrx_word' id='word_1_361' title='bbox 843 4799 925 4854; x_wconf 85' lang='lat' dir='ltr'>sopra</span> <span class='ocrx_word' id='word_1_362' title='bbox 943 4801 980 4838; x_wconf 92' lang='lat' dir='ltr'>un</span> <span class='ocrx_word' id='word_1_363' title='bbox 1000 4781 1077 4838; x_wconf 84' lang='lat' dir='ltr'>&#39;altra</span> <span class='ocrx_word' id='word_1_364' title='bbox 1094 4781 1172 4838; x_wconf 89' lang='lat' dir='ltr'>sedia</span> <span class='ocrx_word' id='word_1_365' title='bbox 1190 4797 1350 4850; x_wconf 88' lang='lat' dir='ltr'>marmorea,</span> <span class='ocrx_word' id='word_1_366' title='bbox 1371 4780 1422 4836; x_wconf 91' lang='lat' dir='ltr'>che</span> <span class='ocrx_word' id='word_1_367' title='bbox 1434 4780 1470 4835; x_wconf 86' lang='lat' dir='ltr'>ha</span> <span class='ocrx_word' id='word_1_368' title='bbox 1484 4795 1519 4834; x_wconf 91' lang='lat' dir='ltr'>un</span> <span class='ocrx_word' id='word_1_369' title='bbox 1533 4779 1598 4830; x_wconf 78' lang='lat' dir='ltr'>certo</span> <span class='ocrx_word' id='word_1_370' title='bbox 1611 4767 1665 4822; x_wconf 68' lang='lat'>5⁰⁵⁰</span> <span class='ocrx_word' id='word_1_371' title='bbox 1738 4773 1739 4820; x_wconf 67' lang='lat' dir='ltr'>i</span> 
     </span>
    </p>
   </div>
   <div class='ocr_carea' id='block_1_12' title="bbox 358 4849 1664 5299">
    <p class='ocr_par' dir='ltr' id='par_1_12' title="bbox 358 4849 1664 5299">
     <span class='ocr_line' id='line_1_37' title="bbox 360 4849 1664 4944; baseline -0.015 -18"><span class='ocrx_word' id='word_1_372' title='bbox 360 4871 403 4928; x_wconf 89' lang='lat' dir='ltr'>nel</span> <span class='ocrx_word' id='word_1_373' title='bbox 418 4889 514 4927; x_wconf 86' lang='lat' dir='ltr'>sensar</span> <span class='ocrx_word' id='word_1_374' title='bbox 533 4869 601 4927; x_wconf 85' lang='lat' dir='ltr'>dore</span> <span class='ocrx_word' id='word_1_375' title='bbox 616 4875 680 4944; x_wconf 87' lang='lat' dir='ltr'>perd</span> <span class='ocrx_word' id='word_1_376' title='bbox 694 4887 748 4925; x_wconf 91' lang='lat' dir='ltr'>non</span> <span class='ocrx_word' id='word_1_377' title='bbox 764 4887 794 4925; x_wconf 88' lang='lat' dir='ltr'>se</span> <span class='ocrx_word' id='word_1_378' title='bbox 808 4870 835 4925; x_wconf 84' lang='lat' dir='ltr'>la</span> <span class='ocrx_word' id='word_1_379' title='bbox 849 4870 938 4944; x_wconf 88' lang='lat' dir='ltr'>quella</span> <span class='ocrx_word' id='word_1_380' title='bbox 953 4869 1096 4926; x_wconf 78' lang='lat' dir='ltr'>cerimonia</span> <span class='ocrx_word' id='word_1_381' title='bbox 1117 4871 1167 4926; x_wconf 90' lang='lat' dir='ltr'>che</span> <span class='ocrx_word' id='word_1_382' title='bbox 1185 4869 1374 4942; x_wconf 86' lang='lat' dir='ltr'>vulgarmente</span> <span class='ocrx_word' id='word_1_383' title='bbox 1394 4887 1424 4925; x_wconf 89' lang='lat' dir='ltr'>se</span> <span class='ocrx_word' id='word_1_384' title='bbox 1439 4869 1508 4934; x_wconf 89' lang='lat' dir='ltr'>dice,</span> <span class='ocrx_word' id='word_1_385' title='bbox 1523 4863 1556 4918; x_wconf 92' lang='lat' dir='ltr'>de</span> <span class='ocrx_word' id='word_1_386' title='bbox 1569 4849 1664 4914; x_wconf 78' lang='lat' dir='ltr'>merted</span> 
     </span>
     <span class='ocr_line' id='line_1_38' title="bbox 370 4939 1664 5037; baseline -0.013 -21"><span class='ocrx_word' id='word_1_387' title='bbox 370 4980 384 5016; x_wconf 83' lang='lat' dir='ltr'>e</span> <span class='ocrx_word' id='word_1_388' title='bbox 404 4978 467 5016; x_wconf 86' lang='lat' dir='ltr'>man</span> <span class='ocrx_word' id='word_1_389' title='bbox 487 4960 521 5016; x_wconf 92' lang='lat' dir='ltr'>de</span> <span class='ocrx_word' id='word_1_390' title='bbox 538 4965 625 5028; x_wconf 84' lang='lat' dir='ltr'>sotto;</span> <span class='ocrx_word' id='word_1_391' title='bbox 647 4959 727 5016; x_wconf 84' lang='lat' dir='ltr'>credo</span> <span class='ocrx_word' id='word_1_392' title='bbox 745 4959 796 5014; x_wconf 90' lang='lat' dir='ltr'>ebe</span> <span class='ocrx_word' id='word_1_393' title='bbox 815 4959 867 5026; x_wconf 87' lang='lat' dir='ltr'>sia,</span> <span class='ocrx_word' id='word_1_394' title='bbox 882 4959 982 5033; x_wconf 77' lang='lat' dir='ltr'>perche</span> <span class='ocrx_word' id='word_1_395' title='bbox 996 4959 1005 5013; x_wconf 95' lang='lat' dir='ltr'>i</span> <span class='ocrx_word' id='word_1_396' title='bbox 1020 4959 1102 5032; x_wconf 84' lang='lat' dir='ltr'>tempi</span> <span class='ocrx_word' id='word_1_397' title='bbox 1124 4958 1243 5030; x_wconf 87' lang='lat' dir='ltr'>presenti</span> <span class='ocrx_word' id='word_1_398' title='bbox 1262 4959 1417 5032; x_wconf 83' lang='lat' dir='ltr'>importuno</span> <span class='ocrx_word' id='word_1_399' title='bbox 1431 4961 1528 5030; x_wconf 87' lang='lat' dir='ltr'>questo</span> <span class='ocrx_word' id='word_1_400' title='bbox 1545 4949 1590 5006; x_wconf 90' lang='lat' dir='ltr'>che</span> <span class='ocrx_word' id='word_1_401' title='bbox 1610 4939 1664 5037; x_wconf 66' lang='lat' dir='ltr'>dello</span> 
     </span>
     <span class='ocr_line' id='line_1_39' title="bbox 359 5038 1663 5122; baseline -0.008 -20"><span class='ocrx_word' id='word_1_402' title='bbox 359 5047 457 5103; x_wconf 80' lang='lat' dir='ltr'>virilita</span> <span class='ocrx_word' id='word_1_403' title='bbox 480 5048 522 5104; x_wconf 92' lang='lat' dir='ltr'>dei</span> <span class='ocrx_word' id='word_1_404' title='bbox 543 5049 674 5106; x_wconf 86' lang='lat' dir='ltr'>Pentelici</span> <span class='ocrx_word' id='word_1_405' title='bbox 700 5066 729 5104; x_wconf 88' lang='lat' dir='ltr'>se</span> <span class='ocrx_word' id='word_1_406' title='bbox 752 5050 787 5104; x_wconf 91' lang='lat' dir='ltr'>ha</span> <span class='ocrx_word' id='word_1_407' title='bbox 808 5049 862 5105; x_wconf 85' lang='lat' dir='ltr'>tale</span> <span class='ocrx_word' id='word_1_408' title='bbox 877 5049 1057 5122; x_wconf 87' lang='lat' dir='ltr'>experienzia,</span> <span class='ocrx_word' id='word_1_409' title='bbox 1072 5051 1123 5105; x_wconf 90' lang='lat' dir='ltr'>che</span> <span class='ocrx_word' id='word_1_410' title='bbox 1137 5065 1191 5105; x_wconf 90' lang='lat' dir='ltr'>non</span> <span class='ocrx_word' id='word_1_411' title='bbox 1206 5048 1335 5122; x_wconf 83' lang='lat' dir='ltr'>bisognia</span> <span class='ocrx_word' id='word_1_412' title='bbox 1349 5065 1439 5104; x_wconf 84' lang='lat' dir='ltr'>zercar</span> <span class='ocrx_word' id='word_1_413' title='bbox 1452 5045 1519 5102; x_wconf 83' lang='lat' dir='ltr'>altro</span> <span class='ocrx_word' id='word_1_414' title='bbox 1535 5038 1663 5096; x_wconf 79' lang='lat' dir='ltr'>usonem</span> 
     </span>
     <span class='ocr_line' id='line_1_40' title="bbox 358 5117 1663 5212; baseline 0.002 -22"><span class='ocrx_word' id='word_1_415' title='bbox 358 5139 445 5192; x_wconf 83' lang='lat' dir='ltr'>sotwn</span> <span class='ocrx_word' id='word_1_416' title='bbox 461 5137 488 5192; x_wconf 86' lang='lat' dir='ltr'>in</span> <span class='ocrx_word' id='word_1_417' title='bbox 509 5137 571 5211; x_wconf 92' lang='lat' dir='ltr'>quel</span> <span class='ocrx_word' id='word_1_418' title='bbox 590 5137 683 5212; x_wconf 84' lang='lat' dir='ltr'>luogo.</span> <span class='ocrx_word' id='word_1_419' title='bbox 700 5161 714 5190; x_wconf 89' lang='lat'>»</span> <span class='ocrx_word' id='word_1_420' title='bbox 734 5141 813 5210; x_wconf 82' lang='lat' dir='ltr'>Disp.</span> <span class='ocrx_word' id='word_1_421' title='bbox 830 5139 860 5194; x_wconf 87' lang='lat' dir='ltr'>di</span> <span class='ocrx_word' id='word_1_422' title='bbox 875 5139 1056 5209; x_wconf 83' lang='lat' dir='ltr'>Giustiaioni,</span> <span class='ocrx_word' id='word_1_423' title='bbox 1072 5145 1093 5196; x_wconf 88' lang='lat' dir='ltr'>t.</span> <span class='ocrx_word' id='word_1_424' title='bbox 1111 5137 1145 5209; x_wconf 90' lang='lat' dir='ltr'>ll,</span> <span class='ocrx_word' id='word_1_425' title='bbox 1160 5156 1189 5211; x_wconf 89' lang='lat' dir='ltr'>p.</span> <span class='ocrx_word' id='word_1_426' title='bbox 1203 5137 1299 5194; x_wconf 86' lang='grc'>330-1.</span> <span class='ocrx_word' id='word_1_427' title='bbox 1316 5137 1386 5211; x_wconf 80' lang='lat' dir='ltr'>Voy.</span> <span class='ocrx_word' id='word_1_428' title='bbox 1403 5141 1423 5194; x_wconf 87' lang='lat' dir='ltr'>t.</span> <span class='ocrx_word' id='word_1_429' title='bbox 1437 5135 1459 5202; x_wconf 95' lang='lat' dir='ltr'>l,</span> <span class='ocrx_word' id='word_1_430' title='bbox 1474 5150 1500 5207; x_wconf 94' lang='lat' dir='ltr'>p.</span> <span class='ocrx_word' id='word_1_431' title='bbox 1518 5117 1663 5191; x_wconf 74' lang='lat' dir='ltr'>105‚n0u=‘³</span> 
     </span>
     <span class='ocr_line' id='line_1_41' title="bbox 359 5225 966 5299; baseline 0.012 -23"><span class='ocrx_word' id='word_1_432' title='bbox 359 5225 392 5278; x_wconf 88' lang='lat' dir='ltr'>dc</span> <span class='ocrx_word' id='word_1_433' title='bbox 406 5233 475 5280; x_wconf 81' lang='lat' dir='ltr'>cotto</span> <span class='ocrx_word' id='word_1_434' title='bbox 491 5226 566 5294; x_wconf 68' lang='lat' dir='ltr'>ertit,</span> <span class='ocrx_word' id='word_1_435' title='bbox 590 5234 615 5282; x_wconf 88' lang='lat' dir='ltr'>et</span> <span class='ocrx_word' id='word_1_436' title='bbox 635 5235 655 5284; x_wconf 83' lang='lat' dir='ltr'>t.</span> <span class='ocrx_word' id='word_1_437' title='bbox 681 5228 714 5291; x_wconf 91' lang='lat' dir='ltr'>ll,</span> <span class='ocrx_word' id='word_1_438' title='bbox 738 5245 766 5299; x_wconf 83' lang='lat' dir='ltr'>p.</span> <span class='ocrx_word' id='word_1_439' title='bbox 784 5229 845 5294; x_wconf 79' lang='grc'>620,</span> <span class='ocrx_word' id='word_1_440' title='bbox 863 5233 925 5283; x_wconf 90' lang='lat' dir='ltr'>note</span> <span class='ocrx_word' id='word_1_441' title='bbox 942 5231 966 5283; x_wconf 95' lang='lat' dir='ltr'>l.</span> 
     </span>
    </p>
   </div>
   <div class='ocr_carea' id='block_1_13' title="bbox 0 0 1764 6036">
    <p class='ocr_par' dir='ltr' id='par_1_13' title="bbox 0 0 1764 6036">
     <span class='ocr_line' id='line_1_42' title="bbox 0 0 1764 6036; baseline 0 3"><span class='ocrx_word' id='word_1_442' title='bbox 0 0 1764 6036; x_wconf 95' lang='lat' dir='ltr'> </span> 
     </span>
    </p>
   </div>
  </div>
 </body>
</html>
