3506 6034
309 629 363 688 aaa
643 669 654 694 .
759 631 942 689 tonsurus
966 625 1189 700 susannam,
1438 629 1629 694 [sananim

363 788 438 858 Hec
456 785 534 858 dies
553 789 631 860 tota
648 786 716 859 luit
734 786 847 859 clara.

316 974 322 990 ,
360 909 467 983 Feria
490 910 631 1006 quinta,
655 917 675 986 5
699 911 785 986 dicti
808 911 944 986 mensis
966 912 1142 1010 januarii,
1172 911 1208 984 in
1232 933 1353 1000 mane,
1380 907 1478 982 visus
1505 913 1560 981 est
1584 907 1631 982 sol

312 1057 379 1131 per
405 1036 538 1126 nubes,
567 1036 699 1110 deinde
728 1045 925 1133 coopertus
952 1037 1109 1110 nubibus
1137 1037 1273 1133 absque
1301 1033 1421 1132 pluvia
1451 1033 1630 1129 usquead
1749 1035 1750 1070 ³

310 1159 441 1235 horam
457 1185 694 1260 vesperorum
708 1188 715 1235 :
729 1163 774 1238 ab
787 1163 880 1237 hora
895 1187 1136 1261 vesperorum
1147 1185 1263 1258 usque
1278 1184 1345 1258 per
1361 1166 1478 1235 totam
1493 1163 1629 1232 noctem

311 1293 347 1360 et
360 1288 462 1382 quasi
480 1295 599 1363 totum
617 1289 714 1362 diem
732 1295 961 1386 sequentem,
984 1289 1131 1362 luerunt
1148 1288 1280 1386 pluvie.

361 1415 500 1488 Eodem
550 1437 679 1504 mane,
719 1415 876 1489 lacobus
916 1415 961 1487 de
1005 1417 1137 1488 Sancta
1177 1420 1294 1490 Grues
1345 1435 1429 1486 cum
1474 1408 1631 1510 principe

308 1538 473 1613 lohanne
500 1539 560 1638 (l),
591 1539 667 1613 tilio
694 1543 802 1636 Pape,
828 1545 864 1612 et
887 1540 1111 1637 competenti
1136 1545 1257 1638 gente,
1283 1537 1457 1635 equitavit
1479 1539 1633 1609 Mentem

311 1665 519 1738 Rotundum
537 1669 574 1738 et
588 1664 731 1760 accepit
743 1663 890 1737 nomine
906 1668 1003 1762 Papa
1019 1664 1289 1762 possessionem
1306 1663 1402 1736 illius
1420 1666 1458 1735 et
1474 1661 1634 1736 omnium
1750 1697 1751 1726 t

310 1795 497 1864 terrarum
524 1789 754 1878 Ursinorum,
784 1789 895 1864 etiam
922 1789 1067 1863 abbatie
1095 1789 1293 1863 Foriensis.
1325 1791 1423 1862 Hora
1447 1789 1633 1874 consuetu,
1750 1769 1751 1780 ¹

310 1915 459 1989 luerunt
474 1939 627 2012 vespere
653 1914 801 2012 papales
820 1915 856 1988 in
875 1915 1019 2012 capella
1042 1915 1193 2012 majore.
1223 1914 1391 1988 Officium
1410 1912 1497 1987 lecit
1514 1915 1633 1998 Rmus.

311 2043 356 2116 u.
376 2039 572 2114 cardinalis
587 2039 869 2130 Alexandriana,
899 2045 998 2138 Papa
1016 2039 1178 2114 absente.
1209 2041 1345 2127 Quibus
1362 2039 1489 2126 linitis,
1512 2058 1636 2110 omnes

312 2165 515 2242 cardinales
539 2166 684 2240 iverunt
705 2165 752 2240 ad
772 2165 998 2262 pontificem,
1025 2166 1327 2240 commendantes
1356 2165 1389 2239 ei
1416 2162 1636 2238 cardinalem

313 2291 499 2366 Ursinum.
532 2295 630 2388 Papa
648 2290 738 2364 dixit
754 2291 807 2364 eis
833 2291 878 2364 de
896 2292 1168 2389 conspiratione
1186 2289 1380 2380 Vitellotii,
1409 2290 1637 2374 Ursinorum,
1751 2393 1752 2396 Ἴ

312 2415 468 2489 Ballioni
484 2422 521 2490 et
535 2415 739 2512 Pandulpbi
757 2421 936 2490 eteorum
955 2417 1190 2514 complicium
1209 2422 1249 2490 ut
1264 2416 1395 2490 ducem
1411 2415 1637 2498 occiderent,
1751 2399 1752 2402 ¹

311 2541 373 2637 qui
391 2542 558 2616 sevoluit
575 2545 785 2616 contraeas
807 2542 1008 2630 vindicare;
1029 2547 1065 2615 et
1082 2564 1155 2615 non
1174 2541 1411 2614 obtinuerunt
1429 2563 1448 2612 a
1467 2537 1640 2636 pontifice

314 2667 500 2766 gratiam(
525 2668 551 2767 ).

361 2793 500 2866 Eodem
525 2794 597 2882 die,
618 2793 744 2868 habita
770 2797 826 2868 est
850 2773 999 2869 Perusia
1023 2793 1069 2868 ad
1096 2791 1342 2866 obedientiam
1369 2795 1478 2887 l‘apc,
1496 2791 1550 2862 ¹de
1573 2813 1644 2885 qua

312 2916 496 2990 lohannes
520 2919 668 3008 Paulae,
694 2919 791 2994 illius
821 2927 1008 3018 tyrannm,
1037 2919 1137 3017 prius
1160 2921 1365 2990 recesserat
1391 2921 1426 2988 et
1452 2915 1569 2988 iverat
1599 2913 1643 2986 ad

314 3041 497 3115 civitatem
516 3045 696 3117 Senarum
713 3045 759 3118 ad
780 3045 1047 3142 Pandulpbum.

362 3167 471 3240 Ferio
496 3175 610 3258 sexta,
644 3173 665 3240 6
689 3169 853 3267 ejusdem
877 3169 1013 3246 mensis
1032 3170 1202 3268 januarii,
1233 3168 1326 3243 testo
1351 3167 1547 3266 epiphanie
1573 3170 1645 3240 Do-

313 3289 415 3380 mini,
446 3295 571 3365 Rmus.
596 3295 639 3367 Ι).
670 3293 868 3367 cardinalis
894 3294 1160 3368 Alexandrinus
1187 3293 1386 3367 celebravit
1407 3291 1558 3368 missam
1587 3313 1646 3365 so-

315 3417 488 3504 lemnem,
504 3422 605 3516 Papa
623 3420 787 3510 absente,
807 3421 844 3493 in
861 3419 1013 3494 basilica
1030 3445 1059 3493 a.
1083 3422 1195 3494 Petri.

362 3542 498 3616 Eadem
530 3545 603 3636 die,
637 3551 717 3642 post
752 3547 960 3642 prandium,
996 3547 1220 3645 gubernator
1254 3545 1363 3620 Urbis
1395 3545 1568 3644 equitavit
1600 3545 1646 3618 ad

315 3667 465 3741 domum
485 3667 526 3741 n.
548 3672 588 3742 P.
611 3673 654 3744 D.
676 3670 788 3761 Petri,
817 3671 980 3767 episcopi
999 3671 1264 3763 casanatensis,
1291 3671 1465 3745 auditoris
1483 3693 1645 3758 camere,

316 3797 353 3864 et
370 3815 453 3866 eum
476 3795 522 3866 ad
545 3817 583 3866 se
601 3801 784 3886 vocatum,
812 3796 898 3870 licet
916 3796 1117 3886 infirmum,
1145 3795 1247 3870 duxit
1263 3798 1309 3870 ad
1327 3805 1489 3870 castrum
1515 3820 1545 3868 s.
1574 3798 1649 3868 An-

317 3917 388 4012 geli
409 3918 470 3990 ubi
491 3917 576 3992 lecit
593 3944 677 3992 eum
695 3921 732 3994 in
751 3923 907 4017 quadam
929 3945 1077 3996 camera
1093 3923 1247 3996 detineri
1272 3929 1307 3996 et
1324 3922 1515 3996 custodiri.
1537 3921 1651 4018 Equi-

316 4040 402 4113 tavit
418 4041 503 4115 inde
521 4043 568 4116 ad
587 4043 765 4140 palatium
792 4045 889 4119 idem
908 4047 1130 4143 gubernator
1157 4049 1255 4121 etde
1278 4047 1413 4144 palatio
1432 4047 1478 4120 ad
1498 4047 1650 4120 domum

316 4167 360 4236 R.
378 4167 421 4238 D.
439 4167 584 4240 Andree
601 4168 646 4241 de
665 4169 860 4267 Spiritibus
877 4171 921 4244 de
944 4172 1122 4262 Viterbio,
1149 4172 1246 4246 sedis
1267 4171 1467 4269 apostolice
1491 4171 1652 4268 protho-

318 4292 450 4364 notarii
482 4291 526 4365 de
553 4295 856 4394 participantibus
884 4303 919 4370 et
955 4297 1078 4371 clerici
1107 4321 1253 4371 camere
1286 4297 1501 4395 apostolice,
1537 4321 1651 4392 quem

318 4413 487 4490 similiter
499 4418 543 4493 de
562 4421 672 4494 domo
690 4445 757 4495 sua
774 4421 876 4496 duxit
894 4423 939 4496 ad
953 4429 1115 4497 castrum
1131 4423 1336 4520 predictum
1356 4430 1392 4496 et
1407 4423 1495 4495 lecit
1513 4445 1600 4494 eum
1614 4423 1652 4494 in

318 4542 390 4615 alia
407 4567 552 4618 camera
571 4547 735 4644 ejusdem
752 4547 925 4622 custodiri
944 4557 979 4621 et
996 4548 1166 4622 detineri.
1189 4553 1231 4623 D.
1249 4547 1552 4646 prothonotarius
1568 4571 1655 4644 pre-

318 4667 412 4742 latus
429 4671 554 4745 videns
572 4695 611 4746 se
628 4679 790 4770 captum,
817 4679 1014 4770 antequam
1038 4675 1156 4750 exiret
1178 4675 1329 4748 domum
1354 4697 1473 4762 suam,
1494 4671 1654 4770 prOJecit

317 4797 435 4871 claves
454 4798 562 4871 studii
581 4799 634 4871 sui
654 4805 689 4872 et
707 4823 815 4896 capse
834 4800 870 4871 in
888 4801 1066 4889 cloacam,
1088 4801 1213 4875 nescio
1234 4801 1280 4874 ad
1299 4799 1399 4897 quid.

321 4939 323 4946 ⁴
364 4923 522 4996 Sabbato
539 4924 717 5018 sequenti,
739 4924 837 4996 idem
854 4923 1078 5021 gubernator
1097 4913 1187 4998 lecit
1198 4923 1384 5022 exportari
1400 4923 1525 4998 omnia
1539 4922 1654 5014 bona,

320 5053 392 5120 tam
409 5048 571 5145 episcopi
589 5049 764 5122 auditoris
779 5073 889 5145 quam
905 5049 1175 5146 prothonotarii
1195 5050 1455 5146 predictorum
1474 5049 1519 5122 de
1538 5049 1659 5122 domi·

355 5233 381 5291 t.
401 5235 457 5299 Sic,
471 5235 540 5289 dans
555 5234 596 5290 les
612 5253 679 5291 mss.
700 5235 781 5309 Cbigi
800 5243 828 5293 et
843 5239 903 5294 151.
925 5237 946 5293 ll
965 5237 1022 5294 taut
1036 5237 1084 5293 lire
1101 5237 1253 5294 :totlredo

353 5323 380 5378 2.
401 5320 474 5378 Tous
490 5339 535 5378 ces
550 5323 646 5380 details
662 5331 724 5382 sont
739 5325 883 5384 confirmes
897 5344 949 5403 par·
961 5325 1136 5394 Giustiniani,
1154 5333 1176 5385 t.
1191 5327 1227 5396 ll,
1244 5343 1272 5403 p.
1290 5325 1343 5383 297
1358 5331 1386 5384 et
1400 5324 1471 5388 suiv.
