3612 6064
115 571 244 636 [ravan
260 573 333 632 ison
458 569 583 630 aenou
609 568 836 632 unornaaou
863 575 1122 636 counmrnan
1426 585 1459 638 ro

115 743 249 819 penas,
273 729 347 796 tam
370 723 489 797 reales
512 747 620 820 quarn
641 727 864 822 personales,
889 753 1000 825 usque
1021 731 1067 803 ad
1084 731 1323 828 privationem
1346 733 1458 807 inclu-

116 847 197 920 sive
217 849 254 921 et
282 848 328 921 ad
356 847 499 923 illarum
520 849 752 924 executiones
768 853 850 925 lieri
869 858 905 926 et
926 855 1054 950 exequi
1074 855 1208 928 iaciant
1225 879 1308 929 cum
1327 857 1458 931 ellectu

116 995 238 1069 usquc
259 973 306 1046 ad
324 973 475 1046 totalem
493 977 529 1047 et
548 975 729 1073 integram
754 977 1039 1052 satisfactionem
1057 980 1192 1070 damni,
1215 1005 1458 1078 expensarum

116 1099 154 1168 et
174 1097 358 1171 interesse
382 1099 647 1210 predictorum,
674 1125 748 1174 non
768 1101 996 1177 obstantibus
1019 1105 1207 1201 premissis
1226 1129 1267 1178 ac
1286 1108 1459 1181 constitu-

116 1221 284 1296 tionibus
308 1227 344 1295 et
363 1223 655 1298 ordinationibus
680 1227 902 1323 apostolicis,
931 1229 1136 1324 ceterisque
1160 1231 1355 1305 contrariis
1379 1231 1459 1328 qui-

115 1347 362 1444 buscumque.
395 1349 440 1422 Ut
463 1354 583 1423 autem
609 1349 821 1447 hujusmodi
850 1358 975 1426 nostro
1003 1354 1126 1426 littere
1153 1355 1198 1428 ad
1226 1379 1458 1431 communem

115 1471 287 1546 omnium
322 1473 488 1548 notitiam
522 1475 761 1564 deducantur,
792 1475 871 1550 illas
899 1479 936 1549 in
961 1477 1069 1551 valvis
1104 1479 1252 1554 basilice
1283 1482 1458 1579 principis

114 1599 375 1694 apostolorum
394 1621 436 1671 ac
456 1599 609 1672 ecclesie
629 1601 885 1674 Lateranensis
897 1603 941 1674 dc
955 1604 1051 1676 Urbe
1071 1603 1183 1700 alfigi,
1206 1609 1241 1678 et
1259 1605 1295 1677 in
1313 1607 1459 1680 audien-

116 1723 169 1795 tia
187 1725 318 1796 nostra
335 1721 542 1796 litterarum
562 1724 873 1799 contradictarum
891 1725 962 1823 legi
978 1731 1012 1800 ct
1029 1727 1207 1824 publicari
1227 1731 1455 1819 mandamus,

115 1856 154 1920 ul
174 1845 216 1918 bi
234 1867 328 1944 quos
346 1845 686 1946 liltcrehujusmodi
707 1853 948 1938 concernunt,
970 1851 1067 1946 quod
1086 1851 1130 1924 ad
1154 1853 1251 1949 ipsos
1274 1877 1346 1927 non
1373 1879 1458 1950 per-

117 1971 289 2044 venerint
323 1975 385 2044 aut
421 1971 518 2068 ipsas
546 1971 806 2069 ignoraverint,
845 1974 979 2047 nnllam
1013 1977 1154 2072 possint
1190 1979 1460 2053 excusationem

116 2095 346 2192 pretendere
381 2120 446 2168 scu
482 2096 724 2192 ignorantiam
758 2097 928 2195 allegare,
967 2123 1050 2172 cum
1084 2101 1232 2174 nonsit
1262 2102 1458 2175 verisimile

116 2221 220 2318 apud
249 2221 349 2318 ipsos
375 2245 570 2294 remanere
604 2223 830 2320 incognitum
857 2224 953 2318 ‹puod
984 2229 1057 2297 tam
1087 2229 1256 2321 patenter
1291 2225 1459 2300 omnibus

117 2347 237 2420 luerit
256 2345 494 2444 publicatum.
516 2347 689 2422 Volentes
708 2351 869 2445 insuper,
891 2354 927 2421 et
946 2351 1074 2422 eadem
1094 2351 1311 2424 auctoritate
1330 2352 1458 2425 decor-

117 2473 255 2544 nentes
288 2471 385 2567 quod
419 2475 609 2568 presentes
640 2471 762 2544 littere
799 2473 834 2544 in
867 2473 1032 2569 predicta
1065 2474 1215 2547 basilica
1242 2479 1278 2546 ct
1305 2474 1459 2548 ccclesia

116 2595 247 2682 aliive,
269 2595 360 2684 etin
379 2595 564 2669 audientia
582 2595 751 2692 predicta
767 2597 860 2669 lecte
879 2601 914 2670 et
931 2597 1113 2692 publicata
1132 2597 1281 2685 luerint,
1305 2599 1458 2693 perinde

118 2723 223 2818 ipsos
246 2745 374 2794 omncs
397 2725 431 2793 ct
456 2721 629 2817 singulae,
652 2727 688 2794 ut
711 2720 910 2816 prefertur,
936 2721 1093 2795 monitos
1117 2726 1272 2810 arctant,
1299 2745 1340 2794 ac
1359 2722 1387 2792 si
1407 2721 1457 2794 eis

117 2845 295 2920 omnibus
319 2850 355 2918 ct
377 2844 528 2942 singulis
552 2845 793 2941 personaliter
818 2850 853 2917 et
871 2845 1141 2941 presentialiter
1162 2845 1268 2934 lecto,
1289 2845 1455 2918 intimate

118 2975 154 3043 el
185 2969 368 3042 insinuato
390 2969 555 3042 tuissent.
587 2969 679 3043 Nulli
709 2992 799 3066 ergo
821 2969 1014 3042 hominum
1036 2969 1143 3043 liccat
1167 2969 1260 3042 banc
1285 2970 1454 3066 paginam

118 3097 289 3166 nostram
307 3091 564 3188 requisitionis,
591 3091 785 3166 voluntatis
810 3098 842 3166 et
863 3094 1003 3166 decreti
1022 3093 1221 3190 intringere
1241 3093 1296 3166 vel
1314 3093 1347 3164 ci
1366 3115 1455 3165 ausn

119 3215 324 3290 temerario
347 3217 546 3290 contraire.
568 3217 603 3290 Si
628 3215 708 3312 quis
726 3222 848 3290 autern
871 3217 940 3292 boc
963 3223 1146 3292 attentare
1169 3217 1451 3315 presumpserit,

118 3339 410 3438 indignationem
428 3341 688 3438 omnipotentis
704 3341 768 3414 Dei
786 3365 828 3414 ac
844 3341 1040 3416 beatorum
1061 3343 1158 3416 Petri
1176 3349 1210 3414 et
1232 3341 1331 3416 Pauli
1353 3365 1457 3438 apos-

121 3465 286 3540 tolorum
305 3467 395 3563 ejus,
417 3489 455 3536 se
473 3467 617 3539 noverit
634 3465 881 3539 incursurum.

168 3591 304 3665 Datum
323 3591 449 3678 Rome,
471 3589 569 3688 apud
589 3595 755 3664 sanctum
776 3593 925 3664 Petrum
944 3613 1039 3663 anno
1057 3589 1320 3664 incarnationis
1340 3590 1455 3662 domi·

119 3715 202 3788 nice
221 3711 596 3794 blCCCCLXXXXIX,
623 3737 719 3788 nono
738 3715 911 3788 kalendas
930 3714 1065 3796 martii,
1085 3714 1319 3809 pontificatus
1337 3713 1453 3787 nostri

119 3863 219 3914 anno
238 3845 379 3915 octavo.
404 3871 420 3904 v

170 3963 278 4038 Faria
293 3970 436 4062 quarta,
456 3969 501 4038 26
517 3963 604 4038 dicti
621 3963 756 4038 mensis
775 3963 964 4054 februarii,
982 3964 1188 4038 intimatum
1205 3964 1272 4038 luit
1289 3964 1334 4036 de
1353 3987 1454 4037 man-

118 4087 207 4162 dato
237 4091 301 4163 SS.
329 4093 372 4164 u.
400 4089 515 4162 nostri
541 4089 710 4162 omnibus
737 4089 984 4163 cardinalibus
1011 4091 1108 4186 qnod
1134 4089 1233 4163 dicta
1260 4069 1454 4178 die,'bora

118 4214 396 4301 nonadecima,
423 4213 611 4287 mitterent
634 4213 789 4288 familias
812 4239 895 4287 suas
919 4219 1021 4287 extra
1043 4219 1188 4310 portam
1212 4213 1246 4286 b.
1272 4213 1386 4285 lllarie
1408 4214 1453 4285 de

120 4336 261 4438 Populo
288 4337 434 4413 obviam
454 4335 701 4412 llluslrissimo
725 4339 809 4412 (larci
832 4338 1024 4414 Valentino
1049 4338 1205 4411 venienti
1228 4343 1263 4410 et
1287 4338 1454 4410 omnibus

119 4461 345 4552 oratoribus,
368 4461 690 4537 conservatoribus
714 4467 748 4536 et
770 4461 986 4537 officialibus
1006 4462 1111 4536 Urbis
1129 4465 1165 4534 et
1183 4485 1334 4536 romane
1354 4461 1454 4534 corio

119 4586 450 4678 abbreviatoribus,
478 4587 732 4685 scriptoribus,
763 4593 849 4674 otc,
876 4588 974 4684 qnod
1000 4587 1244 4684 personaliter
1270 4587 1366 4659 irent
1390 4587 1455 4656 ob-

118 4709 214 4784 viam
237 4709 369 4785 cidem.
394 4711 457 4786 Die
481 4711 624 4786 veneris
647 4713 812 4810 proxime
834 4712 1023 4810 preterito,
1047 4717 1086 4784 21
1112 4711 1235 4808 hujus,
1258 4708 1453 4782 cardinalis

120 4835 275 4910 Ursinus
297 4836 359 4910 ivit
382 4833 523 4911 obviam
551 4837 635 4912 duci
660 4839 827 4935 predicto
854 4861 967 4934 usque
995 4839 1040 4910 ad
1068 4837 1251 4909 civitatem
1280 4832 1452 4907 Castalia-

119 4982 218 5050 nam,
240 4967 277 5036 et
294 4958 354 5036 die
372 4957 515 5036 sabbati
532 4969 590 5053 22,
613 4963 810 5036 cardinalis
829 4963 873 5034 de
896 4961 1070 5034 Farnesio
1088 4959 1150 5034 ivit
1172 4959 1313 5033 obviarn
1332 4957 1452 5030 eidem

119 5105 235 5186 usque
259 5083 306 5162 ad
329 5089 501 5163 eumdem
523 5089 645 5164 locum
670 5117 677 5161 :
704 5087 775 5162 hoc
798 5109 917 5175 mane,
944 5091 1067 5160 Rmus.
1095 5089 1286 5182 Capuanus
1309 5089 1345 5156 et
1368 5107 1451 5157 cum

119 5231 162 5288 eo
188 5215 314 5290 socius
341 5235 446 5289 meus
473 5217 655 5290 venerunt
684 5213 826 5288 obviam
854 5211 1020 5310 predicto
1052 5209 1135 5284 duci
1167 5213 1272 5281 extra
1303 5213 1451 5306 pontem
