3520 6036
308 601 361 657 328
765 597 939 654 JOHANNIS
966 549 1187 666 Blllltlllrlltlil,
1436 595 1633 662 [lanvtsrttttl

309 754 412 827 rinus
441 760 476 827 et
501 753 933 848 constantinopolitanus.
969 755 1124 826 Scamna
1159 775 1224 850 pro
1252 750 1496 828 cardinalibus
1524 751 1632 848 posita

309 878 457 952 luerunt
473 877 544 951 tria
561 878 606 950 ab
632 877 763 973 angulo
782 877 951 950 columne
975 877 1166 951 dividentis
1188 901 1316 950 navem
1335 877 1495 951 mediam
1515 900 1536 950 a
1554 877 1636 950 late-

308 1003 375 1074 rali
408 1002 504 1074 inter
534 1001 645 1074 altare
676 1003 792 1098 majus
825 1005 861 1074 et
888 999 1000 1074 altare
1034 1002 1267 1092 Salernitani‚
1300 1002 1436 1096 inquo
1470 999 1634 1076 sederunt

309 1127 469 1224 episcopi
492 1132 527 1200 et
548 1126 773 1224 preshyteri3
801 1127 837 1198 in
861 1121 980 1200 totum
995 1151 1149 1200 numero
1172 1127 1312 1214 decem,
1335 1133 1443 1222 caput
1466 1124 1634 1200 iacientes

307 1252 353 1324 ab
384 1251 486 1325 altari
515 1253 655 1348 majore
682 1252 718 1322 in
750 1252 917 1348 opposito
947 1253 1098 1325 istorum
1132 1253 1178 1324 ad
1206 1259 1362 1348 quatuor
1393 1249 1533 1346 palmas
1558 1256 1635 1348 post

308 1376 470 1450 medium
493 1375 587 1450 dicte
612 1376 705 1449 volte
726 1377 832 1474 juxta
853 1375 1066 1449 divisionem
1091 1399 1158 1472 per
1180 1375 1319 1473 lapides
1347 1395 1577 1450 marmoreos
1602 1374 1636 1448 in

306 1511 407 1576 terra
427 1501 574 1592 tactam,
595 1507 631 1575 et
651 1501 723 1574 alia
747 1501 815 1573 tria
841 1524 991 1574 scamna
1012 1525 1077 1598 pro
1106 1501 1213 1576 certis
1235 1499 1458 1598 presbyteris
1483 1521 1635 1594 quorum

308 1626 428 1700 senior
443 1627 537 1698 sedit
554 1625 714 1714 ultimus,
734 1631 771 1699 et
786 1625 930 1698 diaconi
943 1625 1003 1721 qui
1020 1625 1189 1700 sederunt
1204 1624 1241 1696 in
1256 1624 1375 1722 capite
1392 1628 1475 1720 post
1490 1646 1637 1696 scamna

307 1750 549 1825 cardinalium
567 1751 604 1822 in
620 1755 869 1823 transversum
888 1750 1052 1824 luerunt:
1074 1750 1175 1841 satis,
1202 1771 1276 1822 non
1298 1755 1493 1846 potuerunt
1515 1755 1636 1822 tamen

308 1877 411 1974 plura
428 1875 526 1972 poni.
546 1873 676 1950 Prelati
694 1875 816 1972 palatii
833 1875 1007 1949 sederunt
1025 1875 1196 1972 inprime
1214 1875 1320 1971 juxta
1347 1875 1503 1947 huncum
1521 1873 1636 1947 cardi-

307 2001 457 2090 nalium,
479 1999 741 2097 prothonotarii
757 2000 794 2072 in
818 2001 943 2074 ultimo
971 2000 1142 2097 contiguo
1170 1999 1274 2073 altari
1301 1997 1482 2096 predicto.
1512 1997 1634 2072 Nullus

308 2129 491 2198 oratorum
519 2123 700 2198 interluit:
728 2124 933 2220 potuissent
955 2123 1080 2197 sedere
1105 2124 1288 2220 usquead
1313 2145 1460 2196 murum
1485 2129 1557 2194 tres
1582 2121 1634 2194 vel

306 2253 462 2346 quatuor
479 2271 589 2345 super
605 2254 800 2322 murettum
819 2255 900 2345 post
917 2271 1066 2324 scamna
1080 2248 1336 2345 episcoporum
1355 2251 1392 2320 et
1407 2246 1637 2344 presbytero

307 2397 387 2446 rum
403 2373 655 2447 cardinalium.
675 2377 768 2448 Cera
784 2373 849 2446 tuit
864 2374 984 2470 posita
998 2374 1034 2446 in
1052 2373 1191 2470 capella
1207 2373 1368 2446 Ascanii:
1387 2371 1465 2446 sine
1479 2371 1638 2467 strepitu

307 2498 501 2571 distributa
522 2498 609 2571 tuit:
629 2497 790 2594 pessima
806 2521 911 2588 cera;
936 2504 1056 2572 tantus
1075 2498 1140 2570 tuit
1160 2498 1281 2571 tumus
1303 2497 1339 2570 in
1360 2495 1518 2571 ecclesia
1541 2495 1638 2593 quod

308 2623 363 2694 vix
382 2623 581 2696 videbatur.
604 2625 735 2696 Parata
753 2622 900 2696 luerunt
916 2622 1099 2697 intorticia
1118 2623 1276 2719 quinque
1294 2620 1469 2696 librarum
1486 2643 1638 2694 numero

309 2747 458 2844 triginta
476 2771 544 2844 pro
563 2747 666 2820 altari
686 2756 721 2820 et
743 2747 986 2822 cardinalibus
1010 2749 1056 2822 de
1081 2747 1202 2821 media
1223 2747 1336 2837 libra;
1360 2746 1457 2820 circa
1477 2749 1639 2820 castrum

307 2873 456 2970 viginti;
481 2897 591 2970 super
612 2873 841 2948 candelabris
864 2897 973 2971 supra
994 2879 1156 2948 castrum
1177 2896 1328 2948 novom:
1354 2895 1464 2970 super
1486 2877 1641 2968 quatuor

307 2999 464 3070 arcubus
482 3003 585 3070 erant
602 2998 760 3094 quinque
782 3022 848 3095 pro
871 3022 957 3072 arcu
984 3021 1136 3074 numero
1155 2997 1414 3096 quadraginta;
1433 3020 1542 3093 supra
1557 3017 1640 3092 por-

307 3129 395 3210 tam,
422 3145 504 3211 sex;
532 3121 599 3194 sub
621 3145 707 3194 arcu
730 3131 933 3196 transverso
957 3125 1003 3196 ab
1027 3148 1099 3196 uno
1126 3124 1238 3197 latere
1263 3128 1405 3220 septem
1428 3129 1465 3196 et
1487 3120 1640 3195 totidem
1753 3133 1754 3160 t

307 3246 400 3334 alio;
418 3252 453 3319 et
471 3246 747 3342 quatuordecim
759 3271 831 3320 non
847 3248 993 3322 luerunt
1008 3273 1179 3323 accense:
1197 3247 1435 3323 servientibus
1450 3269 1640 3322 armorum

308 3371 379 3443 duo
400 3394 465 3467 pro
493 3371 693 3468 sepultura,
719 3372 800 3447 dico
824 3396 888 3468 pro
912 3373 1032 3446 missis
1059 3374 1191 3472 parvis,
1220 3380 1375 3469 quatuor
1396 3396 1462 3469 pro
1489 3376 1640 3469 regente

308 3495 472 3568 custodie
503 3496 665 3570 sacristia
698 3503 733 3570 et
762 3501 912 3571 oraturo
945 3498 1063 3570 facule
1095 3497 1271 3571 librarum
1305 3497 1454 3570 duarum
1486 3518 1640 3570 numero

308 3621 475 3710 ducante,
494 3621 648 3694 totidem
671 3622 777 3694 unius
800 3622 893 3696 libre
918 3627 954 3694 et
977 3623 1070 3696 libre
1095 3623 1214 3698 medie
1237 3645 1393 3719 quarum
1416 3622 1565 3696 luerunt
1587 3621 1641 3694 vix
1751 3709 1752 3718 ἶ

309 3744 423 3840 posite
445 3749 628 3818 inocente:
657 3770 768 3843 super
792 3752 951 3820 castrum
972 3748 1109 3820 doloris
1132 3747 1282 3822 candele
1304 3747 1426 3844 viginti
1446 3770 1514 3844 pro
1534 3747 1638 3832 libra,

307 3868 397 3941 libre
413 3870 542 3943 decem
560 3871 707 3943 totidem
721 3871 885 3944 ordinate
903 3895 968 3969 pro
984 3873 1110 3944 ultima
1124 3872 1195 3946 die.
1214 3871 1411 3946 Cardinalis
1423 3897 1452 3944 s.
1468 3871 1640 3946 Praxedis

309 3997 483 4066 executor
506 3993 743 4089 reprehendit
765 4019 824 4069 me
848 4019 913 4092 pro
935 3997 1127 4070 intorticiis
1147 3997 1383 4071 cardinalium
1400 3996 1499 4093 quod
1518 4001 1640 4072 essent
1750 3975 1751 3988 ἶ

310 4121 448 4190 tantum
470 4117 627 4213 quinque
644 4117 817 4192 librarum
836 4127 871 4192 et
889 4121 987 4216 quod
1002 4120 1135 4194 fierent
1150 4121 1195 4194 de
1211 4145 1275 4195 sex
1289 4121 1403 4194 tibris.
1424 4125 1495 4196 Pro
1511 4121 1641 4196 ultima

309 4241 366 4314 die
382 4242 492 4314 castri
509 4241 642 4315 doloris
661 4243 829 4317 columne
846 4245 993 4318 suerunt
1011 4247 1219 4344 palmorum
1238 4247 1436 4336 tredecim3
1458 4247 1640 4322 debebant
1749 4279 1750 4308 r

308 4364 418 4438 tuisse
444 4366 668 4462 quindecim;
692 4373 829 4442 tectum
857 4371 971 4444 altum
995 4372 1123 4445 decem
1148 4371 1303 4446 debehat
1326 4371 1438 4446 tuisse
1463 4373 1639 4448 tredecim

307 4489 499 4586 largitatis,
519 4491 641 4585 viginti
676 4493 749 4566 duo
780 4493 1028 4592 longitudinis,
1059 4497 1157 4591 quod
1184 4497 1248 4570 tuit
1273 4497 1367 4571 bene
1390 4497 1554 4572 :lectica
1581 4497 1640 4572 tuit

307 4615 416 4711 longa
435 4615 639 4712 palmorum
666 4617 806 4708 decem,
837 4619 941 4716 larga
969 4625 1066 4712 octo,
1096 4621 1168 4696 alta
1195 4621 1354 4718 quinque
1376 4630 1413 4696 et
1441 4622 1506 4697 luit
1535 4623 1640 4697 nimis
1748 4641 1749 4694 t

308 4763 428 4835 parva.
450 4737 596 4815 Fubesti
614 4741 759 4816 luerunt
780 4743 926 4818 circiter
948 4750 1115 4818 centum:
1142 4746 1224 4819 dedi
1251 4754 1375 4822 autem
1398 4748 1449 4822 eis
1473 4747 1639 4823 cedulam

308 4862 401 4936 inira
418 4865 637 4938 novendium
652 4865 836 4940 intorticia
854 4869 1219 4964 quatuorlibrarum;
1245 4895 1310 4969 pro
1335 4880 1468 4962 castro,
1487 4897 1636 4962 novem;
1747 4869 1748 4912 ³

309 5011 374 5082 pro
386 4989 587 5084 sepultum,
603 4990 691 5082 duo;
707 5017 773 5089 pro
787 4994 1036 5067 missishassis
1049 4997 1149 5069 circa
1166 5003 1345 5089 castrum,
1356 4999 1561 5088 sexdecim
1578 5020 1638 5097 pro

310 5110 433 5204 altori,
455 5119 537 5187 octo
552 5139 559 5202 ;
577 5119 612 5186 et
625 5118 723 5212 qood
742 5118 872 5190 ultima
893 5121 952 5192 die
972 5119 1183 5194 dicerentur
1193 5128 1339 5196 centum
1358 5125 1470 5197 misse
1488 5127 1637 5200 totidem
1745 5159 1747 5170 ν

310 5234 432 5330 prima
450 5242 486 5309 et
503 5237 596 5310 inira
611 5241 829 5314 novendium
848 5244 1010 5338 qualibet
1025 5245 1083 5318 die
1100 5248 1300 5344 octoginta,
1323 5253 1358 5320 et
1373 5251 1526 5325 cuilibet
1546 5251 1636 5326 cele-
