3590 6042
105 601 264 667 [5⁵9ssth
280 603 353 664 lbra]
436 601 562 660 RERUM
587 602 813 661 URBANARUM
837 600 1102 660 COMMENTARII.
1399 608 1435 662 75

148 757 252 832 Feria
270 757 412 853 quinta,
434 762 453 832 3
477 758 614 832 mensis
638 757 872 855 septembris,
896 756 1023 830 habite
1049 756 1198 832 fuerant
1221 759 1258 832 in
1276 759 1436 834 ecclesia

106 886 137 958 b.
154 881 265 956 llarie
285 882 333 956 de
350 883 516 957 Minerva
534 883 686 980 exequie
704 884 798 957 bone
816 882 996 956 memorie
1014 886 1058 956 b.
1079 884 1206 959 tacobi
1228 884 1433 977 Picbezier,

106 1007 287 1084 secretarii
323 1009 533 1105 apostolici,
566 1009 627 1105 qui
659 1008 719 1081 die
758 1009 887 1104 quinta
918 1009 1055 1080 mensis
1087 1009 1232 1106 augusti
1267 1010 1437 1106 proxime

105 1133 279 1232 preteriti,
307 1133 517 1208 incivitate
542 1137 702 1222 Lucana,
728 1134 766 1208 in
790 1133 932 1208 febrem
959 1133 1156 1208 tertianam
1179 1134 1308 1208 incidit
1330 1140 1366 1207 el
1392 1140 1435 1210 18

104 1259 271 1355 ejusdem,
293 1260 397 1332 circa
414 1257 546 1332 boram
571 1259 754 1334 decimam
778 1265 931 1348 sextam,
958 1259 994 1332 in
1018 1259 1146 1334 eadem
1165 1263 1220 1334 est
1236 1259 1310 1334 vita
1329 1259 1434 1334 func·

104 1389 167 1474 lus,
185 1383 363 1481 adquam
381 1389 533 1458 venerat
544 1385 588 1460 de
605 1385 815 1460 Mediolano
831 1408 952 1482 arege
964 1389 1192 1459 Francorum
1205 1389 1432 1482 Romamque

105 1509 292 1582 rediturus.
315 1511 562 1585 iuterfuerunt
583 1511 722 1584 familie
746 1515 956 1586 RRmorum
979 1514 1055 1586 Dl).
1077 1511 1323 1586 cardinalium
1341 1513 1435 1584 Nea-

103 1633 244 1730 pobtani
268 1640 309 1708 et
331 1635 582 1727 Alexandrini,
609 1641 850 1713 enecatorum
873 1636 1084 1710 testamenti
1108 1636 1182 1726 sui;
1203 1636 1310 1733 juxta
1335 1640 1434 1710 cata-

102 1758 227 1832 lectum
244 1761 371 1856 posita
385 1761 534 1836 fuerunt
550 1761 729 1844 intortilia
746 1762 893 1860 viginti;
911 1767 998 1860 quot
1012 1761 1162 1836 fuerunt
1180 1761 1315 1836 funesti
1334 1765 1370 1834 et
1389 1761 1434 1834 de

103 1885 243 1981 reliquis
261 1885 404 1974 nescio,
428 1885 515 1982 quia
532 1910 607 1960 non
624 1887 788 1960 interfui.
916 1865 919 1874 ¹

146 2009 251 2084 Feria
281 2014 426 2108 quarta,
457 2015 478 2083 9
507 2012 645 2086 mensis
674 2013 910 2110 septembris,
931 2013 1032 2086 circa
1057 2013 1189 2086 horam
1216 2012 1431 2110 vigesimam

104 2136 298 2209 secundam
315 2159 382 2232 per
402 2141 507 2233 prata
526 2139 675 2210 veniens
692 2137 840 2211 intravit
860 2139 997 2212 Urbem
1018 2162 1085 2235 per
1096 2141 1242 2236 portam
1254 2137 1432 2214 Viridarii

104 2261 318 2358 magnificus
346 2265 389 2335 D.
420 2265 557 2336 Marius
584 2264 765 2362 Georgius
793 2264 981 2360 utriusque
1011 2263 1108 2362 juris
1136 2265 1280 2354 doctor,
1310 2267 1435 2338 orator

103 2387 197 2460 ducis
214 2392 254 2460 et
279 2387 433 2462 dominii
456 2393 684 2466 Venetorum
701 2389 761 2488 (1),
784 2389 845 2486 qui
868 2413 890 2463 a
912 2389 1062 2464 familiis
1085 2393 1184 2486 Pape
1207 2394 1243 2462 et
1266 2389 1435 2462 cardina-

103 2511 380 2610 liumreceptas
403 2518 516 2587 estet
540 2538 656 2611 usque
685 2516 731 2588 ad
760 2515 914 2589 domum
939 2515 1034 2586 Rmi.
1065 2519 1107 2587 b.
1134 2513 1334 2586 cardinalis
1352 2514 1436 2586 Gri-

103 2637 206 2728 mani,
225 2638 268 2711 in
287 2662 360 2735 qua
377 2639 590 2736 hospitatus
608 2645 676 2729 est,
698 2639 915 2714 associatus.
936 2639 1118 2736 Equilavit
1135 2638 1231 2712 inler
1249 2639 1435 2735 guberna-

104 2768 213 2834 torem
245 2763 357 2836 Urbis
384 2768 422 2837 et
447 2765 769 2862 archiepiscopum
797 2765 1038 2864 Ragusinum.
1067 2763 1238 2838 Interfuit
1259 2763 1370 2837 etiam
1387 2767 1432 2838 b.

106 2887 327 2962 Philibertas
344 2889 537 2979 Naturelli,
559 2895 687 2964 orator
704 2891 804 2990 regis
816 2895 1080 2966 Romanorum.

144 3015 250 3086 feria
278 3019 393 3103 sexta,
434 3021 471 3088 11
510 3015 598 3089 dicti
628 3017 764 3090 mensis
792 3017 1025 3114 septembris,
1059 3021 1100 3090 R.
1133 3019 1169 3090 P.
1197 3019 1242 3090 D.
1270 3017 1431 3090 lacobus

104 3137 291 3235 episcopus
307 3139 509 3229 Aletrinus,
535 3141 711 3240 magister
734 3142 864 3215 domus
887 3141 968 3212 Rmi
990 3143 1033 3214 D.
1060 3140 1258 3215 cardinalis
1282 3139 1429 3214 Ascanii

104 3263 405 3338 vicecancellarii
425 3269 554 3362 captus
571 3264 638 3338 fuit
655 3265 691 3340 in
710 3267 821 3340 domo
846 3289 910 3338 sae
928 3265 1166 3340 habitationis
1186 3267 1291 3363 juxta
1310 3265 1430 3338 eccle-

104 3385 185 3460 siam
213 3389 251 3461 b.
281 3388 395 3462 blarie
422 3389 468 3461 de
496 3393 607 3463 Gurte
634 3391 680 3464 de
708 3391 806 3464 Urbe
833 3414 900 3488 per
925 3390 1145 3488 barigellum
1177 3390 1287 3464 Urbis
1315 3393 1353 3462 et
1384 3390 1429 3464 ad

105 3533 267 3586 carceres
284 3513 412 3586 Turris
430 3513 579 3586 Soldaui
599 3515 842 3612 ignominiose
860 3516 1009 3589 ductus.

146 3638 230 3710 lleri
264 3637 480 3712 nunciatum
513 3643 569 3713 est
601 3641 647 3714 ad
684 3641 821 3715 Urbem
860 3640 1040 3737 quosdam
1079 3643 1217 3712 Turcas
1255 3636 1427 3712 babuisse

104 3761 279 3860 baugusti
298 3762 439 3835 mensis
458 3767 494 3837 et
511 3764 642 3839 ditioni
666 3789 730 3838 sue
751 3766 783 3838 ri
808 3769 844 3838 et
867 3765 983 3838 armis
1009 3764 1226 3862 subjugasse
1247 3745 1431 3836 civitatem

104 3887 373 3962 llotbonensem
390 3891 427 3962 et
444 3890 536 3962 duas
555 3889 646 3964 alias
666 3890 830 3964 civitates
848 3893 1090 3982 Venetorum,
1113 3888 1150 3962 in
1167 3889 1300 3986 quibus
1316 3889 1431 3962 nemi-

104 4033 179 4084 nem
211 4013 406 4110 reliquisse
434 4015 565 4104 vivum,
596 4015 707 4088 etiam
733 4037 869 4112 pueros
898 4019 935 4088 et
962 4013 1139 4086 mulieres
1165 4036 1339 4102 necasse;
1368 4014 1429 4087 alii

104 4133 263 4211 dicebant
290 4140 388 4235 quod
422 4163 506 4214 cum
543 4139 734 4214 christiani
769 4139 936 4214 viderent
961 4163 1036 4213 non
1063 4162 1171 4238 posse
1198 4138 1381 4213 civitatem
1409 4162 1431 4212 a

104 4261 221 4336 Turris
237 4263 450 4352 defendere,
472 4265 693 4338 induxerant
710 4288 838 4340 omnes
856 4264 1032 4340 mulieres
1050 4287 1093 4338 ac
1111 4288 1248 4361 pueros
1266 4263 1303 4338 in
1318 4287 1430 4338 unam

106 4384 245 4462 domum
268 4395 304 4464 et
326 4391 560 4488 imponentes
582 4392 705 4489 ignem
729 4393 1013 4467 combusserunt
1035 4415 1163 4465 omnes
1186 4414 1232 4464 ne
1255 4393 1293 4465 in
1316 4389 1429 4489 perli-

105 4509 226 4588 dorum
243 4519 451 4592 Turcarum
469 4541 601 4590 manus
619 4516 853 4618 inciderent(
879 4519 903 4616 ).

105 4751 201 4822 phonse
219 4754 358 4829 d’Aragon
374 4771 403 4829 p.
424 4757 554 4813 coo-278.
575 4755 675 4830 Sejour
693 4757 726 4813 de
746 4758 863 4814 Lucrece
883 4761 899 4816 1
916 4756 1002 4832 Nepl‚
1022 4773 1050 4832 p.
1073 4757 1200 4826 271291,
1221 4755 1293 4813 ainsi
1314 4773 1368 4830 que
1389 4757 1429 4812 les

107 4839 187 4911 pibces
197 4843 387 4916 justificatires
402 4843 565 4918 auxquelles
582 4845 692 4903 renroie
706 4845 831 4904 l’auleur.

136 4933 162 4986 1.
184 4955 197 4982 a
212 4933 311 5003 (Maria
324 4933 411 5008 Zorzi)
427 4950 473 4990 era
487 4941 589 4991 venato
605 4951 751 4992 successor
764 4935 802 4991 dil
817 4935 953 5010 Capellae
967 4941 1024 4993 star
1038 4935 1070 4994 ll.
1091 4958 1105 4987 »
1120 4935 1234 4992 Sancto.
1255 4935 1307 4990 ccl.
1324 4937 1387 4991 789.

136 5021 164 5081 2.
183 5021 219 5078 Ce
230 5027 317 5078 meme
332 5021 380 5080 fait
395 5039 425 5079 se
444 5024 593 5081 reneuvela
606 5023 632 5082 11
651 5027 685 5080 12
699 5024 766 5082 avril
787 5027 866 5094 1826,
881 5025 992 5100 lorsque
1012 5025 1120 5082 Kristos
1135 5022 1265 5098 Kapsalis
1283 5023 1315 5081 m
1338 5031 1430 5082 scater

108 5105 217 5165 l'arsenal
232 5112 266 5167 de
280 5111 474 5186 Missolongbi,
491 5117 527 5169 ob
541 5113 666 5170 s'btaient
681 5113 799 5187 refugies
814 5114 853 5170 les
868 5113 1017 5184 vieillards,
1025 5115 1065 5170 les
1080 5114 1193 5170 femmes
1209 5119 1236 5169 et
1254 5112 1294 5169 les
1308 5114 1428 5186 eufants,

109 5215 165 5270 pour
178 5219 208 5257 ne
221 5220 268 5276 pas
283 5201 391 5260 tumber
404 5219 458 5258 aux
472 5201 562 5258 mains
574 5203 623 5258 des
638 5203 734 5260 Turcs.
752 5202 807 5258 Sur
820 5203 844 5260 le
860 5207 937 5277 siege
948 5211 975 5261 11
989 5203 1016 5260 11
1030 5203 1103 5277 prise
1117 5204 1151 5258 de
1168 5203 1282 5274 blodon,
1299 5223 1364 5279 roy.
1377 5205 1428 5260 Sa-

110 5295 174 5358 nun,
187 5291 235 5352 col.
251 5291 443 5350 71611111..
460 5292 610 5349 Francesco
625 5291 746 5366 Capella,
761 5299 868 5350 orateur
883 5293 1018 5363 florentin,
1033 5293 1146 5350 ecrivait
1162 5296 1179 5349 a
1200 5293 1228 5350 la
1243 5293 1405 5366 Seigueurie
1424 5313 1430 5350 :
