<?xml version="1.0" encoding="UTF-8"?>
<!DOCTYPE html PUBLIC "-//W3C//DTD XHTML 1.0 Transitional//EN"
    "http://www.w3.org/TR/xhtml1/DTD/xhtml1-transitional.dtd">
<html xmlns="http://www.w3.org/1999/xhtml" xml:lang="en" lang="en">
 <head>
  <title>
</title>
<meta http-equiv="Content-Type" content="text/html;charset=utf-8" />
  <meta name='ocr-system' content='tesseract 3.04.00' />
  <meta name='ocr-capabilities' content='ocr_page ocr_carea ocr_par ocr_line ocrx_word'/>
</head>
<body>
  <div class='ocr_page' id='page_1' title='image "./johannisburchar03burcgoog/johannisburchar03burcgoog_0093.png"; bbox 0 0 3612 6064; ppageno 0'>
   <div class='ocr_carea' id='block_1_1' title="bbox 86 557 1414 627">
    <p class='ocr_par' dir='ltr' id='par_1_1' title="bbox 86 557 1414 627">
     <span class='ocr_line' id='line_1_1' title="bbox 86 557 1414 627; baseline 0 -11"><span class='ocrx_word' id='word_1_1' title='bbox 86 566 197 627; x_wconf 75' lang='lat' dir='ltr'><strong>[Ferricr</strong></span> <span class='ocrx_word' id='word_1_2' title='bbox 211 565 286 624; x_wconf 77' lang='lat'>15⁰0]</span> <span class='ocrx_word' id='word_1_3' title='bbox 418 557 545 615; x_wconf 84' lang='lat' dir='ltr'>RERUM</span> <span class='ocrx_word' id='word_1_4' title='bbox 570 557 797 615; x_wconf 82' lang='lat' dir='ltr'>URBANARUM</span> <span class='ocrx_word' id='word_1_5' title='bbox 822 557 1085 618; x_wconf 66' lang='lat' dir='ltr'><strong>condemned.</strong></span> <span class='ocrx_word' id='word_1_6' title='bbox 1382 562 1414 616; x_wconf 82' lang='lat'><strong>13</strong></span> 
     </span>
    </p>
   </div>
   <div class='ocr_carea' id='block_1_2' title="bbox 12 712 1433 5200">
    <p class='ocr_par' dir='ltr' id='par_1_2' title="bbox 12 712 1433 5200">
     <span class='ocr_line' id='line_1_2' title="bbox 132 712 1412 806; baseline -0.002 -17"><span class='ocrx_word' id='word_1_7' title='bbox 132 717 337 804; x_wconf 85' lang='lat' dir='ltr'><strong>Dominica,</strong></span> <span class='ocrx_word' id='word_1_8' title='bbox 359 721 379 786; x_wconf 73' lang='lat'><strong>2</strong></span> <span class='ocrx_word' id='word_1_9' title='bbox 406 713 542 786; x_wconf 84' lang='lat' dir='ltr'><strong>mensis</strong></span> <span class='ocrx_word' id='word_1_10' title='bbox 567 712 752 800; x_wconf 89' lang='lat' dir='ltr'><strong>februarii,</strong></span> <span class='ocrx_word' id='word_1_11' title='bbox 773 712 862 784; x_wconf 89' lang='lat' dir='ltr'><strong>festo</strong></span> <span class='ocrx_word' id='word_1_12' title='bbox 877 713 1140 786; x_wconf 74' lang='lat' dir='ltr'><strong>purificationis</strong></span> <span class='ocrx_word' id='word_1_13' title='bbox 1161 714 1266 786; x_wconf 90' lang='lat' dir='ltr'><strong>beate</strong></span> <span class='ocrx_word' id='word_1_14' title='bbox 1287 716 1412 806; x_wconf 87' lang='lat' dir='ltr'><strong>Mario,</strong></span> 
     </span>
     <span class='ocr_line' id='line_1_3' title="bbox 13 837 1416 940; baseline -0.003 -24"><span class='ocrx_word' id='word_1_15' title='bbox 13 937 14 940; x_wconf 8' lang='grc' dir='ltr'><strong>Ἴ</strong></span> <span class='ocrx_word' id='word_1_16' title='bbox 87 847 145 916; x_wconf 81' lang='lat' dir='ltr'><strong>SS.</strong></span> <span class='ocrx_word' id='word_1_17' title='bbox 164 845 208 915; x_wconf 86' lang='lat' dir='ltr'><strong>o.</strong></span> <span class='ocrx_word' id='word_1_18' title='bbox 230 847 356 914; x_wconf 87' lang='lat' dir='ltr'><strong>noster</strong></span> <span class='ocrx_word' id='word_1_19' title='bbox 373 839 469 913; x_wconf 80' lang='lat' dir='ltr'><strong>verrit</strong></span> <span class='ocrx_word' id='word_1_20' title='bbox 486 838 531 910; x_wconf 87' lang='lat' dir='ltr'><strong>ad</strong></span> <span class='ocrx_word' id='word_1_21' title='bbox 547 837 724 934; x_wconf 88' lang='lat' dir='ltr'><strong>capellam</strong></span> <span class='ocrx_word' id='word_1_22' title='bbox 744 837 920 932; x_wconf 90' lang='lat' dir='ltr'><strong>majorem</strong></span> <span class='ocrx_word' id='word_1_23' title='bbox 938 837 1071 933; x_wconf 87' lang='lat' dir='ltr'><strong>palatii,</strong></span> <span class='ocrx_word' id='word_1_24' title='bbox 1095 839 1152 910; x_wconf 94' lang='lat' dir='ltr'><strong>ubi</strong></span> <span class='ocrx_word' id='word_1_25' title='bbox 1176 839 1359 914; x_wconf 74' lang='lat' dir='ltr'>benedixit</span> <span class='ocrx_word' id='word_1_26' title='bbox 1380 849 1416 912; x_wconf 91' lang='lat' dir='ltr'><strong>et</strong></span> 
     </span>
     <span class='ocr_line' id='line_1_4' title="bbox 86 963 1413 1053; baseline 0 -15"><span class='ocrx_word' id='word_1_27' title='bbox 86 967 266 1040; x_wconf 76' lang='lat' dir='ltr'><strong>distribuit</strong></span> <span class='ocrx_word' id='word_1_28' title='bbox 284 965 465 1053; x_wconf 78' lang='lat' dir='ltr'><strong>candelae,</strong></span> <span class='ocrx_word' id='word_1_29' title='bbox 492 987 591 1036; x_wconf 84' lang='lat' dir='ltr'><strong>more</strong></span> <span class='ocrx_word' id='word_1_30' title='bbox 611 963 729 1035; x_wconf 91' lang='lat' dir='ltr'><strong>solito.</strong></span> <span class='ocrx_word' id='word_1_31' title='bbox 752 967 830 1035; x_wconf 89' lang='lat' dir='ltr'><strong>Duo</strong></span> <span class='ocrx_word' id='word_1_32' title='bbox 854 969 993 1034; x_wconf 88' lang='lat' dir='ltr'><strong>tanturn</strong></span> <span class='ocrx_word' id='word_1_33' title='bbox 1014 972 1284 1037; x_wconf 68' lang='lat' dir='ltr'>conservatores</span> <span class='ocrx_word' id='word_1_34' title='bbox 1305 965 1413 1040; x_wconf 90' lang='lat' dir='ltr'><strong>intor-</strong></span> 
     </span>
     <span class='ocr_line' id='line_1_5' title="bbox 14 1073 1416 1187; baseline 0.001 -23"><span class='ocrx_word' id='word_1_35' title='bbox 14 1073 22 1109; x_wconf 71' lang='lat' dir='ltr'><strong>r</strong></span> <span class='ocrx_word' id='word_1_36' title='bbox 88 1095 246 1182; x_wconf 89' lang='lat' dir='ltr'><strong>fuorunt,</strong></span> <span class='ocrx_word' id='word_1_37' title='bbox 267 1091 326 1187; x_wconf 92' lang='lat' dir='ltr'><strong>qui</strong></span> <span class='ocrx_word' id='word_1_38' title='bbox 353 1095 548 1164; x_wconf 90' lang='lat' dir='ltr'><strong>tenuerunt</strong></span> <span class='ocrx_word' id='word_1_39' title='bbox 575 1088 743 1162; x_wconf 88' lang='lat' dir='ltr'><strong>candelas</strong></span> <span class='ocrx_word' id='word_1_40' title='bbox 764 1091 871 1183; x_wconf 88' lang='lat' dir='ltr'><strong>Pape.</strong></span> <span class='ocrx_word' id='word_1_41' title='bbox 902 1088 1051 1160; x_wconf 73' lang='lat' dir='ltr'><strong>Carolus</strong></span> <span class='ocrx_word' id='word_1_42' title='bbox 1076 1093 1208 1178; x_wconf 88' lang='lat' dir='ltr'><strong>Mutus,</strong></span> <span class='ocrx_word' id='word_1_43' title='bbox 1229 1092 1327 1186; x_wconf 91' lang='lat' dir='ltr'><strong>prior</strong></span> <span class='ocrx_word' id='word_1_44' title='bbox 1354 1117 1416 1166; x_wconf 91' lang='lat' dir='ltr'><strong>ca-</strong></span> 
     </span>
     <span class='ocr_line' id='line_1_6' title="bbox 25 1212 1415 1315; baseline 0 -24"><span class='ocrx_word' id='word_1_45' title='bbox 25 1212 28 1224; x_wconf 49' lang='lat'><em>*</em></span> <span class='ocrx_word' id='word_1_46' title='bbox 88 1219 279 1315; x_wconf 74' lang='lat' dir='ltr'><strong>potionum</strong></span> <span class='ocrx_word' id='word_1_47' title='bbox 298 1223 334 1290; x_wconf 91' lang='lat' dir='ltr'><strong>et</strong></span> <span class='ocrx_word' id='word_1_48' title='bbox 351 1218 446 1290; x_wconf 88' lang='lat' dir='ltr'><strong>venit</strong></span> <span class='ocrx_word' id='word_1_49' title='bbox 463 1217 508 1287; x_wconf 91' lang='lat' dir='ltr'><strong>ad</strong></span> <span class='ocrx_word' id='word_1_50' title='bbox 530 1215 705 1311; x_wconf 89' lang='lat' dir='ltr'><strong>capellam</strong></span> <span class='ocrx_word' id='word_1_51' title='bbox 724 1213 768 1286; x_wconf 90' lang='lat' dir='ltr'><strong>ad</strong></span> <span class='ocrx_word' id='word_1_52' title='bbox 792 1215 934 1310; x_wconf 88' lang='lat' dir='ltr'><strong>jussum</strong></span> <span class='ocrx_word' id='word_1_53' title='bbox 962 1214 1231 1310; x_wconf 83' lang='lat' dir='ltr'><strong>gubernatoris;</strong></span> <span class='ocrx_word' id='word_1_54' title='bbox 1261 1218 1415 1291; x_wconf 92' lang='lat' dir='ltr'><strong>sednon</strong></span> 
     </span>
     <span class='ocr_line' id='line_1_7' title="bbox 90 1339 1415 1441; baseline 0 -24"><span class='ocrx_word' id='word_1_55' title='bbox 90 1343 235 1441; x_wconf 85' lang='lat' dir='ltr'><strong>permisi</strong></span> <span class='ocrx_word' id='word_1_56' title='bbox 257 1367 339 1415; x_wconf 93' lang='lat' dir='ltr'><strong>eum</strong></span> <span class='ocrx_word' id='word_1_57' title='bbox 361 1343 487 1414; x_wconf 89' lang='lat' dir='ltr'><strong>sedere</strong></span> <span class='ocrx_word' id='word_1_58' title='bbox 519 1363 602 1414; x_wconf 93' lang='lat' dir='ltr'><strong>cum</strong></span> <span class='ocrx_word' id='word_1_59' title='bbox 636 1339 961 1430; x_wconf 86' lang='lat' dir='ltr'><strong>conservatoribus,</strong></span> <span class='ocrx_word' id='word_1_60' title='bbox 991 1339 1046 1412; x_wconf 86' lang='lat' dir='ltr'><strong>vel</strong></span> <span class='ocrx_word' id='word_1_61' title='bbox 1064 1342 1109 1412; x_wconf 93' lang='lat' dir='ltr'><strong>ad</strong></span> <span class='ocrx_word' id='word_1_62' title='bbox 1141 1343 1293 1438; x_wconf 83' lang='lat' dir='ltr'><strong>gradum</strong></span> <span class='ocrx_word' id='word_1_63' title='bbox 1321 1347 1415 1440; x_wconf 88' lang='lat' dir='ltr'><strong>Papo</strong></span> 
     </span>
     <span class='ocr_line' id='line_1_8' title="bbox 12 1465 1419 1566; baseline 0 -24"><span class='ocrx_word' id='word_1_64' title='bbox 12 1483 13 1488; x_wconf 77' lang='grc'>’</span> <span class='ocrx_word' id='word_1_65' title='bbox 87 1471 185 1566; x_wconf 80' lang='lat' dir='ltr'><strong>juxta</strong></span> <span class='ocrx_word' id='word_1_66' title='bbox 213 1470 335 1542; x_wconf 89' lang='lat' dir='ltr'><strong>locum</strong></span> <span class='ocrx_word' id='word_1_67' title='bbox 354 1491 498 1550; x_wconf 88' lang='lat' dir='ltr'><strong>eorum;</strong></span> <span class='ocrx_word' id='word_1_68' title='bbox 519 1466 611 1540; x_wconf 87' lang='lat' dir='ltr'><strong>sedit</strong></span> <span class='ocrx_word' id='word_1_69' title='bbox 630 1465 675 1538; x_wconf 90' lang='lat' dir='ltr'><strong>ad</strong></span> <span class='ocrx_word' id='word_1_70' title='bbox 692 1465 802 1561; x_wconf 89' lang='lat' dir='ltr'><strong>pedes</strong></span> <span class='ocrx_word' id='word_1_71' title='bbox 819 1465 1009 1538; x_wconf 85' lang='lat' dir='ltr'><strong>cardinalis</strong></span> <span class='ocrx_word' id='word_1_72' title='bbox 1028 1467 1263 1562; x_wconf 73' lang='lat' dir='ltr'><strong>Neapolitani.</strong></span> <span class='ocrx_word' id='word_1_73' title='bbox 1282 1473 1321 1540; x_wconf 93' lang='lat' dir='ltr'><strong>ln</strong></span> <span class='ocrx_word' id='word_1_74' title='bbox 1338 1494 1419 1566; x_wconf 90' lang='lat' dir='ltr'><strong>pro-</strong></span> 
     </span>
     <span class='ocr_line' id='line_1_9' title="bbox 90 1591 1419 1689; baseline 0.001 -20.945"><span class='ocrx_word' id='word_1_75' title='bbox 90 1595 269 1683; x_wconf 77' lang='lat' dir='ltr'><strong>cessione,</strong></span> <span class='ocrx_word' id='word_1_76' title='bbox 287 1595 344 1666; x_wconf 89' lang='lat' dir='ltr'><strong>ivit</strong></span> <span class='ocrx_word' id='word_1_77' title='bbox 363 1602 445 1666; x_wconf 91' lang='lat' dir='ltr'><strong>ante</strong></span> <span class='ocrx_word' id='word_1_78' title='bbox 464 1597 597 1689; x_wconf 80' lang='lat' dir='ltr'>Papam</span> <span class='ocrx_word' id='word_1_79' title='bbox 609 1615 692 1664; x_wconf 91' lang='lat' dir='ltr'><strong>cum</strong></span> <span class='ocrx_word' id='word_1_80' title='bbox 703 1591 1016 1665; x_wconf 87' lang='lat' dir='ltr'><strong>conservatoribus</strong></span> <span class='ocrx_word' id='word_1_81' title='bbox 1027 1595 1419 1689; x_wconf 85' lang='lat' dir='ltr'><strong>postomnoseardina-</strong></span> 
     </span>
     <span class='ocr_line' id='line_1_10' title="bbox 24 1707 1415 1816; baseline -0.001 -22"><span class='ocrx_word' id='word_1_82' title='bbox 24 1707 26 1744; x_wconf 74' lang='lat'><em>³</em></span> <span class='ocrx_word' id='word_1_83' title='bbox 75 1722 152 1794; x_wconf 76' lang='lat' dir='ltr'><strong>lcs.</strong></span> <span class='ocrx_word' id='word_1_84' title='bbox 167 1719 619 1794; x_wconf 88' lang='lat' dir='ltr'><strong>lnterfuecuntetiamtres</strong></span> <span class='ocrx_word' id='word_1_85' title='bbox 638 1723 800 1790; x_wconf 89' lang='lat' dir='ltr'><strong>oratores</strong></span> <span class='ocrx_word' id='word_1_86' title='bbox 813 1717 1259 1816; x_wconf 84' lang='lat' dir='ltr'><strong>Pisanorumquibusego,</strong></span> <span class='ocrx_word' id='word_1_87' title='bbox 1280 1747 1325 1792; x_wconf 89' lang='lat' dir='ltr'><strong>ex</strong></span> <span class='ocrx_word' id='word_1_88' title='bbox 1343 1745 1415 1812; x_wconf 90' lang='lat' dir='ltr'><strong>me,</strong></span> 
     </span>
     <span class='ocr_line' id='line_1_11' title="bbox 90 1842 1418 1941; baseline 0.004 -27"><span class='ocrx_word' id='word_1_89' title='bbox 90 1846 165 1920; x_wconf 72' lang='lat' dir='ltr'><strong>dedi</strong></span> <span class='ocrx_word' id='word_1_90' title='bbox 182 1847 307 1920; x_wconf 93' lang='lat' dir='ltr'><strong>locum</strong></span> <span class='ocrx_word' id='word_1_91' title='bbox 325 1846 362 1918; x_wconf 95' lang='lat' dir='ltr'><strong>in</strong></span> <span class='ocrx_word' id='word_1_92' title='bbox 389 1845 531 1917; x_wconf 80' lang='lat' dir='ltr'><strong>bancho</strong></span> <span class='ocrx_word' id='word_1_93' title='bbox 558 1850 757 1932; x_wconf 89' lang='lat' dir='ltr'><strong>oratorum,</strong></span> <span class='ocrx_word' id='word_1_94' title='bbox 778 1848 859 1939; x_wconf 91' lang='lat' dir='ltr'><strong>post</strong></span> <span class='ocrx_word' id='word_1_95' title='bbox 885 1842 973 1916; x_wconf 88' lang='lat' dir='ltr'><strong>alios</strong></span> <span class='ocrx_word' id='word_1_96' title='bbox 997 1848 1172 1916; x_wconf 76' lang='lat' dir='ltr'><strong>oratores,</strong></span> <span class='ocrx_word' id='word_1_97' title='bbox 1193 1848 1418 1941; x_wconf 86' lang='lat' dir='ltr'><strong>Conquestus</strong></span> 
     </span>
     <span class='ocr_line' id='line_1_12' title="bbox 17 1967 1417 2066; baseline 0.001 -23"><span class='ocrx_word' id='word_1_98' title='bbox 17 1971 21 1978; x_wconf 71' lang='grc'><em>“</em></span> <span class='ocrx_word' id='word_1_99' title='bbox 89 1974 150 2045; x_wconf 90' lang='lat' dir='ltr'><strong>luit</strong></span> <span class='ocrx_word' id='word_1_100' title='bbox 167 1972 399 2046; x_wconf 85' lang='lat' dir='ltr'><strong>Florentinus</strong></span> <span class='ocrx_word' id='word_1_101' title='bbox 418 1974 512 2066; x_wconf 89' lang='lat' dir='ltr'><strong>Papo</strong></span> <span class='ocrx_word' id='word_1_102' title='bbox 531 1969 591 2066; x_wconf 95' lang='lat' dir='ltr'><strong>qui</strong></span> <span class='ocrx_word' id='word_1_103' title='bbox 609 1967 791 2042; x_wconf 83' lang='lat' dir='ltr'><strong>mandarit</strong></span> <span class='ocrx_word' id='word_1_104' title='bbox 808 1967 897 2038; x_wconf 84' lang='lat' dir='ltr'><strong>milri</strong></span> <span class='ocrx_word' id='word_1_105' title='bbox 918 1976 954 2041; x_wconf 90' lang='lat' dir='ltr'><strong>ut</strong></span> <span class='ocrx_word' id='word_1_106' title='bbox 971 1968 1069 2065; x_wconf 91' lang='lat' dir='ltr'><strong>ipsos</strong></span> <span class='ocrx_word' id='word_1_107' title='bbox 1086 1977 1250 2044; x_wconf 87' lang='lat' dir='ltr'><strong>oratores</strong></span> <span class='ocrx_word' id='word_1_108' title='bbox 1269 1971 1417 2045; x_wconf 89' lang='lat' dir='ltr'><strong>Pisanos</strong></span> 
     </span>
     <span class='ocr_line' id='line_1_13' title="bbox 91 2092 1417 2194; baseline 0.002 -26"><span class='ocrx_word' id='word_1_109' title='bbox 91 2120 265 2194; x_wconf 86' lang='lat' dir='ltr'><strong>ponerem</strong></span> <span class='ocrx_word' id='word_1_110' title='bbox 283 2105 366 2168; x_wconf 89' lang='lat' dir='ltr'><strong>ante</strong></span> <span class='ocrx_word' id='word_1_111' title='bbox 384 2097 537 2169; x_wconf 88' lang='lat' dir='ltr'><strong>barones</strong></span> <span class='ocrx_word' id='word_1_112' title='bbox 555 2117 696 2167; x_wconf 86' lang='lat' dir='ltr'><strong>ornnes.</strong></span> <span class='ocrx_word' id='word_1_113' title='bbox 711 2092 874 2166; x_wconf 74' lang='lat' dir='ltr'><strong>Interfuit</strong></span> <span class='ocrx_word' id='word_1_114' title='bbox 891 2094 999 2166; x_wconf 90' lang='lat' dir='ltr'><strong>etiam</strong></span> <span class='ocrx_word' id='word_1_115' title='bbox 1018 2101 1139 2168; x_wconf 88' lang='lat' dir='ltr'><strong>orator</strong></span> <span class='ocrx_word' id='word_1_116' title='bbox 1157 2096 1252 2192; x_wconf 81' lang='lat' dir='ltr'><strong>regis</strong></span> <span class='ocrx_word' id='word_1_117' title='bbox 1264 2100 1417 2170; x_wconf 81' lang='lat' dir='ltr'><strong>Navarra</strong></span> 
     </span>
     <span class='ocr_line' id='line_1_14' title="bbox 91 2219 1418 2321; baseline 0.001 -28"><span class='ocrx_word' id='word_1_118' title='bbox 91 2224 145 2318; x_wconf 75' lang='lat' dir='ltr'><strong>qui</strong></span> <span class='ocrx_word' id='word_1_119' title='bbox 167 2222 298 2295; x_wconf 90' lang='lat' dir='ltr'><strong>habuit</strong></span> <span class='ocrx_word' id='word_1_120' title='bbox 320 2222 441 2295; x_wconf 91' lang='lat' dir='ltr'><strong>locum</strong></span> <span class='ocrx_word' id='word_1_121' title='bbox 460 2220 664 2292; x_wconf 88' lang='lat' dir='ltr'><strong>immediate</strong></span> <span class='ocrx_word' id='word_1_122' title='bbox 686 2225 766 2315; x_wconf 86' lang='lat' dir='ltr'><strong>post</strong></span> <span class='ocrx_word' id='word_1_123' title='bbox 795 2223 835 2290; x_wconf 87' lang='lat' dir='ltr'><strong>D.</strong></span> <span class='ocrx_word' id='word_1_124' title='bbox 860 2219 1097 2292; x_wconf 90' lang='lat' dir='ltr'><strong>Philibertum</strong></span> <span class='ocrx_word' id='word_1_125' title='bbox 1121 2228 1303 2296; x_wconf 89' lang='lat' dir='ltr'><strong>oratorem</strong></span> <span class='ocrx_word' id='word_1_126' title='bbox 1322 2222 1418 2321; x_wconf 87' lang='lat' dir='ltr'><strong>regis</strong></span> 
     </span>
     <span class='ocr_line' id='line_1_15' title="bbox 92 2344 1417 2443; baseline 0.002 -23"><span class='ocrx_word' id='word_1_127' title='bbox 92 2355 352 2436; x_wconf 80' lang='lat' dir='ltr'><strong>ftomanorum,</strong></span> <span class='ocrx_word' id='word_1_128' title='bbox 372 2346 544 2442; x_wconf 88' lang='lat' dir='ltr'><strong>quianon</strong></span> <span class='ocrx_word' id='word_1_129' title='bbox 573 2344 811 2418; x_wconf 88' lang='lat' dir='ltr'><strong>interfuerunt</strong></span> <span class='ocrx_word' id='word_1_130' title='bbox 829 2345 888 2417; x_wconf 91' lang='lat' dir='ltr'><strong>alii</strong></span> <span class='ocrx_word' id='word_1_131' title='bbox 907 2353 1069 2419; x_wconf 92' lang='lat' dir='ltr'><strong>oratores</strong></span> <span class='ocrx_word' id='word_1_132' title='bbox 1088 2348 1191 2443; x_wconf 81' lang='lat' dir='ltr'><strong>regii.</strong></span> <span class='ocrx_word' id='word_1_133' title='bbox 1217 2349 1311 2422; x_wconf 86' lang='lat' dir='ltr'><strong>Dixit</strong></span> <span class='ocrx_word' id='word_1_134' title='bbox 1328 2349 1417 2422; x_wconf 91' lang='lat' dir='ltr'><strong>mibi</strong></span> 
     </span>
     <span class='ocr_line' id='line_1_16' title="bbox 89 2471 1418 2570; baseline 0.002 -26"><span class='ocrx_word' id='word_1_135' title='bbox 89 2473 282 2546; x_wconf 70' lang='lat' dir='ltr'><strong>cardinalis</strong></span> <span class='ocrx_word' id='word_1_136' title='bbox 301 2499 329 2545; x_wconf 89' lang='lat' dir='ltr'><strong>s.</strong></span> <span class='ocrx_word' id='word_1_137' title='bbox 353 2471 522 2546; x_wconf 83' lang='lat' dir='ltr'><strong>Praxedis</strong></span> <span class='ocrx_word' id='word_1_138' title='bbox 540 2472 659 2544; x_wconf 91' lang='lat' dir='ltr'><strong>locum</strong></span> <span class='ocrx_word' id='word_1_139' title='bbox 681 2471 804 2542; x_wconf 85' lang='lat' dir='ltr'><strong>deberi</strong></span> <span class='ocrx_word' id='word_1_140' title='bbox 821 2472 984 2567; x_wconf 85' lang='lat' dir='ltr'><strong>predicto</strong></span> <span class='ocrx_word' id='word_1_141' title='bbox 1003 2472 1135 2546; x_wconf 90' lang='lat' dir='ltr'><strong>oratori</strong></span> <span class='ocrx_word' id='word_1_142' title='bbox 1154 2473 1250 2570; x_wconf 84' lang='lat' dir='ltr'><strong>regis</strong></span> <span class='ocrx_word' id='word_1_143' title='bbox 1261 2477 1418 2548; x_wconf 85' lang='lat' dir='ltr'><strong>Navarra</strong></span> 
     </span>
     <span class='ocr_line' id='line_1_17' title="bbox 91 2595 1419 2694; baseline 0.001 -23"><span class='ocrx_word' id='word_1_144' title='bbox 91 2607 172 2672; x_wconf 87' lang='lat' dir='ltr'><strong>ante</strong></span> <span class='ocrx_word' id='word_1_145' title='bbox 202 2604 389 2672; x_wconf 90' lang='lat' dir='ltr'><strong>oratorem</strong></span> <span class='ocrx_word' id='word_1_146' title='bbox 410 2597 502 2694; x_wconf 77' lang='lat' dir='ltr'><strong>regis</strong></span> <span class='ocrx_word' id='word_1_147' title='bbox 528 2595 751 2692; x_wconf 87' lang='lat' dir='ltr'><strong>Neapolitani</strong></span> <span class='ocrx_word' id='word_1_148' title='bbox 779 2603 927 2692; x_wconf 88' lang='lat' dir='ltr'><strong>propter</strong></span> <span class='ocrx_word' id='word_1_149' title='bbox 947 2597 1195 2692; x_wconf 88' lang='lat' dir='ltr'><strong>antiquitatem</strong></span> <span class='ocrx_word' id='word_1_150' title='bbox 1221 2598 1323 2694; x_wconf 82' lang='lat' dir='ltr'><strong>regni</strong></span> <span class='ocrx_word' id='word_1_151' title='bbox 1349 2602 1419 2672; x_wconf 82' lang='lat' dir='ltr'><strong>Na-</strong></span> 
     </span>
     <span class='ocr_line' id='line_1_18' title="bbox 17 2721 1420 2797; baseline 0.001 -2"><span class='ocrx_word' id='word_1_152' title='bbox 17 2731 19 2734; x_wconf 83' lang='grc'><strong>’</strong></span> <span class='ocrx_word' id='word_1_153' title='bbox 93 2750 210 2796; x_wconf 70' lang='lat' dir='ltr'><strong>sacre.</strong></span> <span class='ocrx_word' id='word_1_154' title='bbox 229 2724 472 2797; x_wconf 80' lang='lat' dir='ltr'><strong>iuterfuerunt</strong></span> <span class='ocrx_word' id='word_1_155' title='bbox 499 2722 608 2796; x_wconf 89' lang='lat' dir='ltr'><strong>etiam</strong></span> <span class='ocrx_word' id='word_1_156' title='bbox 633 2721 705 2794; x_wconf 87' lang='lat' dir='ltr'><strong>duo</strong></span> <span class='ocrx_word' id='word_1_157' title='bbox 730 2729 893 2796; x_wconf 88' lang='lat' dir='ltr'><strong>oratores</strong></span> <span class='ocrx_word' id='word_1_158' title='bbox 921 2722 1119 2794; x_wconf 89' lang='lat' dir='ltr'><strong>lmolenses</strong></span> <span class='ocrx_word' id='word_1_159' title='bbox 1139 2730 1174 2796; x_wconf 87' lang='lat' dir='ltr'><strong>et</strong></span> <span class='ocrx_word' id='word_1_160' title='bbox 1191 2723 1261 2796; x_wconf 92' lang='lat' dir='ltr'><strong>duo</strong></span> <span class='ocrx_word' id='word_1_161' title='bbox 1282 2724 1420 2797; x_wconf 90' lang='lat' dir='ltr'><strong>Foroli-</strong></span> 
     </span>
     <span class='ocr_line' id='line_1_19' title="bbox 93 2847 1421 2946; baseline 0.002 -25"><span class='ocrx_word' id='word_1_162' title='bbox 93 2851 247 2937; x_wconf 77' lang='lat' dir='ltr'><strong>rienses,</strong></span> <span class='ocrx_word' id='word_1_163' title='bbox 268 2849 328 2945; x_wconf 89' lang='lat' dir='ltr'><strong>qui</strong></span> <span class='ocrx_word' id='word_1_164' title='bbox 343 2849 445 2946; x_wconf 87' lang='lat' dir='ltr'><strong>jussu</strong></span> <span class='ocrx_word' id='word_1_165' title='bbox 458 2852 552 2944; x_wconf 92' lang='lat' dir='ltr'><strong>Pape</strong></span> <span class='ocrx_word' id='word_1_166' title='bbox 571 2847 742 2920; x_wconf 88' lang='lat' dir='ltr'><strong>sederunt</strong></span> <span class='ocrx_word' id='word_1_167' title='bbox 757 2848 792 2919; x_wconf 93' lang='lat' dir='ltr'><strong>in</strong></span> <span class='ocrx_word' id='word_1_168' title='bbox 807 2848 922 2920; x_wconf 90' lang='lat' dir='ltr'><strong>banco</strong></span> <span class='ocrx_word' id='word_1_169' title='bbox 941 2871 1081 2938; x_wconf 88' lang='lat' dir='ltr'><strong>eorum,</strong></span> <span class='ocrx_word' id='word_1_170' title='bbox 1095 2855 1177 2945; x_wconf 90' lang='lat' dir='ltr'><strong>post</strong></span> <span class='ocrx_word' id='word_1_171' title='bbox 1196 2849 1283 2922; x_wconf 86' lang='lat' dir='ltr'><strong>alios</strong></span> <span class='ocrx_word' id='word_1_172' title='bbox 1300 2857 1421 2923; x_wconf 89' lang='lat' dir='ltr'><strong>orato-</strong></span> 
     </span>
     <span class='ocr_line' id='line_1_20' title="bbox 94 2971 1421 3071; baseline 0.002 -25"><span class='ocrx_word' id='word_1_173' title='bbox 94 3001 163 3059; x_wconf 79' lang='lat' dir='ltr'><strong>res,</strong></span> <span class='ocrx_word' id='word_1_174' title='bbox 178 2983 215 3048; x_wconf 90' lang='lat' dir='ltr'><strong>et</strong></span> <span class='ocrx_word' id='word_1_175' title='bbox 235 2979 330 3071; x_wconf 88' lang='lat' dir='ltr'><strong>Papa</strong></span> <span class='ocrx_word' id='word_1_176' title='bbox 346 2973 444 3047; x_wconf 91' lang='lat' dir='ltr'><strong>dedit</strong></span> <span class='ocrx_word' id='word_1_177' title='bbox 462 2972 595 3045; x_wconf 88' lang='lat' dir='ltr'><strong>seniori</strong></span> <span class='ocrx_word' id='word_1_178' title='bbox 614 2971 848 3044; x_wconf 88' lang='lat' dir='ltr'><strong>Foroliviensi</strong></span> <span class='ocrx_word' id='word_1_179' title='bbox 869 2971 961 3045; x_wconf 91' lang='lat' dir='ltr'><strong>ultra</strong></span> <span class='ocrx_word' id='word_1_180' title='bbox 980 2997 1080 3045; x_wconf 80' lang='lat' dir='ltr'><strong>suain</strong></span> <span class='ocrx_word' id='word_1_181' title='bbox 1098 2973 1298 3065; x_wconf 81' lang='lat' dir='ltr'><strong>candelam,</strong></span> <span class='ocrx_word' id='word_1_182' title='bbox 1313 2999 1421 3048; x_wconf 90' lang='lat' dir='ltr'><strong>unam</strong></span> 
     </span>
     <span class='ocr_line' id='line_1_21' title="bbox 94 3097 1425 3196; baseline 0 -24"><span class='ocrx_word' id='word_1_183' title='bbox 94 3101 284 3174; x_wconf 84' lang='lat' dir='ltr'><strong>candelam</strong></span> <span class='ocrx_word' id='word_1_184' title='bbox 303 3101 420 3174; x_wconf 86' lang='lat' dir='ltr'><strong>albam</strong></span> <span class='ocrx_word' id='word_1_185' title='bbox 442 3097 701 3172; x_wconf 85' lang='lat' dir='ltr'><strong>cardinalarem</strong></span> <span class='ocrx_word' id='word_1_186' title='bbox 727 3121 792 3194; x_wconf 93' lang='lat' dir='ltr'><strong>pro</strong></span> <span class='ocrx_word' id='word_1_187' title='bbox 817 3098 909 3170; x_wconf 91' lang='lat' dir='ltr'><strong>duce</strong></span> <span class='ocrx_word' id='word_1_188' title='bbox 935 3099 1139 3174; x_wconf 80' lang='lat' dir='ltr'><strong>Valentino.</strong></span> <span class='ocrx_word' id='word_1_189' title='bbox 1168 3101 1330 3196; x_wconf 88' lang='lat' dir='ltr'><strong>Optimus</strong></span> <span class='ocrx_word' id='word_1_190' title='bbox 1358 3099 1425 3172; x_wconf 90' lang='lat' dir='ltr'><strong>fuit</strong></span> 
     </span>
     <span class='ocr_line' id='line_1_22' title="bbox 15 3221 1425 3318; baseline -0.002 -19"><span class='ocrx_word' id='word_1_191' title='bbox 15 3221 16 3224; x_wconf 47' lang='lat'>&#39;</span> <span class='ocrx_word' id='word_1_192' title='bbox 91 3227 179 3300; x_wconf 92' lang='lat' dir='ltr'><strong>ordo</strong></span> <span class='ocrx_word' id='word_1_193' title='bbox 199 3227 236 3298; x_wconf 93' lang='lat' dir='ltr'><strong>in</strong></span> <span class='ocrx_word' id='word_1_194' title='bbox 254 3225 505 3300; x_wconf 87' lang='lat' dir='ltr'><strong>distributione</strong></span> <span class='ocrx_word' id='word_1_195' title='bbox 527 3223 778 3308; x_wconf 81' lang='lat' dir='ltr'><strong>candelarum3</strong></span> <span class='ocrx_word' id='word_1_196' title='bbox 801 3221 900 3294; x_wconf 90' lang='lat' dir='ltr'><strong>nulla</strong></span> <span class='ocrx_word' id='word_1_197' title='bbox 923 3247 1113 3318; x_wconf 89' lang='lat' dir='ltr'><strong>pressura:</strong></span> <span class='ocrx_word' id='word_1_198' title='bbox 1135 3246 1262 3296; x_wconf 92' lang='lat' dir='ltr'><strong>omnes</strong></span> <span class='ocrx_word' id='word_1_199' title='bbox 1281 3225 1425 3298; x_wconf 90' lang='lat' dir='ltr'><strong>fuerunt</strong></span> 
     </span>
     <span class='ocr_line' id='line_1_23' title="bbox 91 3347 1426 3446; baseline -0.001 -23"><span class='ocrx_word' id='word_1_200' title='bbox 91 3351 264 3446; x_wconf 88' lang='lat' dir='ltr'><strong>prohibiti</strong></span> <span class='ocrx_word' id='word_1_201' title='bbox 292 3357 393 3423; x_wconf 86' lang='lat' dir='ltr'><strong>extra</strong></span> <span class='ocrx_word' id='word_1_202' title='bbox 420 3349 622 3422; x_wconf 89' lang='lat' dir='ltr'><strong>cancellum</strong></span> <span class='ocrx_word' id='word_1_203' title='bbox 646 3353 728 3420; x_wconf 89' lang='lat' dir='ltr'><strong>ante</strong></span> <span class='ocrx_word' id='word_1_204' title='bbox 752 3347 946 3420; x_wconf 90' lang='lat' dir='ltr'><strong>adventum</strong></span> <span class='ocrx_word' id='word_1_205' title='bbox 967 3352 1089 3446; x_wconf 89' lang='lat' dir='ltr'><strong>Pape;</strong></span> <span class='ocrx_word' id='word_1_206' title='bbox 1115 3356 1279 3445; x_wconf 89' lang='lat' dir='ltr'><strong>tempore</strong></span> <span class='ocrx_word' id='word_1_207' title='bbox 1306 3350 1426 3424; x_wconf 89' lang='lat' dir='ltr'><strong>distri-</strong></span> 
     </span>
     <span class='ocr_line' id='line_1_24' title="bbox 93 3472 1424 3570; baseline -0.001 -22"><span class='ocrx_word' id='word_1_208' title='bbox 93 3477 252 3550; x_wconf 90' lang='lat' dir='ltr'><strong>butionis</strong></span> <span class='ocrx_word' id='word_1_209' title='bbox 268 3480 501 3548; x_wconf 89' lang='lat' dir='ltr'><strong>accesserunt</strong></span> <span class='ocrx_word' id='word_1_210' title='bbox 523 3497 588 3570; x_wconf 91' lang='lat' dir='ltr'><strong>pro</strong></span> <span class='ocrx_word' id='word_1_211' title='bbox 611 3472 769 3545; x_wconf 90' lang='lat' dir='ltr'><strong>candelis</strong></span> <span class='ocrx_word' id='word_1_212' title='bbox 792 3472 837 3545; x_wconf 91' lang='lat' dir='ltr'><strong>ad</strong></span> <span class='ocrx_word' id='word_1_213' title='bbox 864 3473 1018 3545; x_wconf 89' lang='lat' dir='ltr'><strong>bancum</strong></span> <span class='ocrx_word' id='word_1_214' title='bbox 1043 3474 1239 3570; x_wconf 88' lang='lat' dir='ltr'><strong>primorum</strong></span> <span class='ocrx_word' id='word_1_215' title='bbox 1267 3475 1424 3570; x_wconf 89' lang='lat' dir='ltr'><strong>prelato·</strong></span> 
     </span>
     <span class='ocr_line' id='line_1_25' title="bbox 92 3597 1423 3695; baseline -0.001 -22"><span class='ocrx_word' id='word_1_216' title='bbox 92 3627 173 3674; x_wconf 89' lang='lat' dir='ltr'><strong>rum</strong></span> <span class='ocrx_word' id='word_1_217' title='bbox 193 3611 230 3674; x_wconf 89' lang='lat' dir='ltr'><strong>et</strong></span> <span class='ocrx_word' id='word_1_218' title='bbox 252 3601 437 3674; x_wconf 87' lang='lat' dir='ltr'><strong>redierunt</strong></span> <span class='ocrx_word' id='word_1_219' title='bbox 453 3623 519 3695; x_wconf 91' lang='lat' dir='ltr'><strong>per</strong></span> <span class='ocrx_word' id='word_1_220' title='bbox 541 3597 700 3670; x_wconf 90' lang='lat' dir='ltr'><strong>medium</strong></span> <span class='ocrx_word' id='word_1_221' title='bbox 723 3605 806 3670; x_wconf 92' lang='lat' dir='ltr'><strong>ante</strong></span> <span class='ocrx_word' id='word_1_222' title='bbox 837 3598 993 3670; x_wconf 90' lang='lat' dir='ltr'><strong>bancum</strong></span> <span class='ocrx_word' id='word_1_223' title='bbox 1017 3599 1264 3671; x_wconf 84' lang='lat' dir='ltr'><strong>cardinalium.</strong></span> <span class='ocrx_word' id='word_1_224' title='bbox 1289 3600 1423 3690; x_wconf 91' lang='lat' dir='ltr'><strong>Soldati</strong></span> 
     </span>
     <span class='ocr_line' id='line_1_26' title="bbox 94 3721 1426 3822; baseline -0.002 -23"><span class='ocrx_word' id='word_1_225' title='bbox 94 3727 267 3800; x_wconf 78' lang='lat' dir='ltr'><strong>tenebant</strong></span> <span class='ocrx_word' id='word_1_226' title='bbox 283 3725 431 3798; x_wconf 90' lang='lat' dir='ltr'><strong>baculos</strong></span> <span class='ocrx_word' id='word_1_227' title='bbox 452 3724 537 3797; x_wconf 93' lang='lat' dir='ltr'><strong>binc</strong></span> <span class='ocrx_word' id='word_1_228' title='bbox 571 3723 653 3796; x_wconf 93' lang='lat' dir='ltr'><strong>inde</strong></span> <span class='ocrx_word' id='word_1_229' title='bbox 678 3721 844 3796; x_wconf 89' lang='lat' dir='ltr'><strong>manibus</strong></span> <span class='ocrx_word' id='word_1_230' title='bbox 867 3723 1068 3819; x_wconf 85' lang='lat' dir='ltr'><strong>colligatos.</strong></span> <span class='ocrx_word' id='word_1_231' title='bbox 1098 3728 1194 3820; x_wconf 89' lang='lat' dir='ltr'><strong>Papa</strong></span> <span class='ocrx_word' id='word_1_232' title='bbox 1219 3724 1283 3797; x_wconf 90' lang='lat' dir='ltr'><strong>fuit</strong></span> <span class='ocrx_word' id='word_1_233' title='bbox 1305 3725 1426 3822; x_wconf 84' lang='lat' dir='ltr'><strong>largus</strong></span> 
     </span>
     <span class='ocr_line' id='line_1_27' title="bbox 93 3849 1425 3945; baseline 0.002 -24"><span class='ocrx_word' id='word_1_234' title='bbox 93 3852 321 3938; x_wconf 72' lang='lat' dir='ltr'><strong>distributor,</strong></span> <span class='ocrx_word' id='word_1_235' title='bbox 335 3851 433 3923; x_wconf 89' lang='lat' dir='ltr'><strong>dedit</strong></span> <span class='ocrx_word' id='word_1_236' title='bbox 450 3849 552 3945; x_wconf 89' lang='lat' dir='ltr'><strong>quasi</strong></span> <span class='ocrx_word' id='word_1_237' title='bbox 572 3849 738 3930; x_wconf 88' lang='lat' dir='ltr'><strong>omnibus</strong></span> <span class='ocrx_word' id='word_1_238' title='bbox 757 3849 984 3938; x_wconf 91' lang='lat' dir='ltr'><strong>officialibus,</strong></span> <span class='ocrx_word' id='word_1_239' title='bbox 1007 3849 1116 3922; x_wconf 89' lang='lat' dir='ltr'><strong>etiam</strong></span> <span class='ocrx_word' id='word_1_240' title='bbox 1136 3850 1239 3924; x_wconf 91' lang='lat' dir='ltr'><strong>nobis</strong></span> <span class='ocrx_word' id='word_1_241' title='bbox 1259 3874 1425 3924; x_wconf 89' lang='lat' dir='ltr'><strong>ceremo-</strong></span> 
     </span>
     <span class='ocr_line' id='line_1_28' title="bbox 96 3974 1423 4072; baseline 0.001 -25"><span class='ocrx_word' id='word_1_242' title='bbox 96 3979 253 4064; x_wconf 87' lang='lat' dir='ltr'><strong>niarum,</strong></span> <span class='ocrx_word' id='word_1_243' title='bbox 277 3975 476 4072; x_wconf 90' lang='lat' dir='ltr'><strong>duplicatas</strong></span> <span class='ocrx_word' id='word_1_244' title='bbox 500 3974 682 4064; x_wconf 79' lang='lat' dir='ltr'><strong>candelaS,</strong></span> <span class='ocrx_word' id='word_1_245' title='bbox 703 3974 882 4070; x_wconf 89' lang='lat' dir='ltr'><strong>aliquibus</strong></span> <span class='ocrx_word' id='word_1_246' title='bbox 901 3983 988 4061; x_wconf 80' lang='lat' dir='ltr'><strong>tres,</strong></span> <span class='ocrx_word' id='word_1_247' title='bbox 1008 3975 1225 4071; x_wconf 89' lang='lat' dir='ltr'><strong>quibusdam</strong></span> <span class='ocrx_word' id='word_1_248' title='bbox 1247 3983 1423 4071; x_wconf 87' lang='lat' dir='ltr'><strong>quatuor;</strong></span> 
     </span>
     <span class='ocr_line' id='line_1_29' title="bbox 95 4099 1429 4198; baseline -0.001 -24"><span class='ocrx_word' id='word_1_249' title='bbox 95 4102 217 4174; x_wconf 89' lang='lat' dir='ltr'><strong>nullus</strong></span> <span class='ocrx_word' id='word_1_250' title='bbox 235 4099 470 4174; x_wconf 85' lang='lat' dir='ltr'><strong>cardinalium</strong></span> <span class='ocrx_word' id='word_1_251' title='bbox 488 4100 589 4196; x_wconf 87' lang='lat' dir='ltr'><strong>petiit</strong></span> <span class='ocrx_word' id='word_1_252' title='bbox 607 4099 775 4174; x_wconf 88' lang='lat' dir='ltr'><strong>candelas</strong></span> <span class='ocrx_word' id='word_1_253' title='bbox 794 4123 858 4195; x_wconf 93' lang='lat' dir='ltr'><strong>pro</strong></span> <span class='ocrx_word' id='word_1_254' title='bbox 878 4100 1045 4188; x_wconf 80' lang='lat' dir='ltr'><strong>Ascanio,</strong></span> <span class='ocrx_word' id='word_1_255' title='bbox 1059 4125 1177 4196; x_wconf 85' lang='lat' dir='ltr'><strong>neque</strong></span> <span class='ocrx_word' id='word_1_256' title='bbox 1195 4125 1260 4198; x_wconf 91' lang='lat' dir='ltr'><strong>pro</strong></span> <span class='ocrx_word' id='word_1_257' title='bbox 1280 4127 1309 4174; x_wconf 82' lang='lat' dir='ltr'><strong>s</strong></span> <span class='ocrx_word' id='word_1_258' title='bbox 1324 4105 1429 4176; x_wconf 86' lang='lat' dir='ltr'><strong>Seve-</strong></span> 
     </span>
     <span class='ocr_line' id='line_1_30' title="bbox 98 4226 1428 4324; baseline 0.002 -26"><span class='ocrx_word' id='word_1_259' title='bbox 98 4227 180 4316; x_wconf 89' lang='lat' dir='ltr'><strong>rini,</strong></span> <span class='ocrx_word' id='word_1_260' title='bbox 199 4251 317 4322; x_wconf 89' lang='lat' dir='ltr'><strong>neque</strong></span> <span class='ocrx_word' id='word_1_261' title='bbox 344 4250 408 4322; x_wconf 90' lang='lat' dir='ltr'><strong>pro</strong></span> <span class='ocrx_word' id='word_1_262' title='bbox 427 4229 590 4297; x_wconf 87' lang='lat' dir='ltr'><strong>Estense.</strong></span> <span class='ocrx_word' id='word_1_263' title='bbox 611 4228 813 4322; x_wconf 78' lang='lat' dir='ltr'><strong>CapuanuS,</strong></span> <span class='ocrx_word' id='word_1_264' title='bbox 842 4227 998 4321; x_wconf 93' lang='lat' dir='ltr'><strong>quinque</strong></span> <span class='ocrx_word' id='word_1_265' title='bbox 1021 4226 1203 4316; x_wconf 88' lang='lat' dir='ltr'><strong>candelas,</strong></span> <span class='ocrx_word' id='word_1_266' title='bbox 1224 4228 1347 4300; x_wconf 90' lang='lat' dir='ltr'><strong>nescio</strong></span> <span class='ocrx_word' id='word_1_267' title='bbox 1363 4251 1428 4324; x_wconf 91' lang='lat' dir='ltr'><strong>pro</strong></span> 
     </span>
     <span class='ocr_line' id='line_1_31' title="bbox 99 4323 1429 4448; baseline 0 -24"><span class='ocrx_word' id='word_1_268' title='bbox 99 4353 241 4448; x_wconf 80' lang='lat' dir='ltr'><strong>quibua,</strong></span> <span class='ocrx_word' id='word_1_269' title='bbox 256 4351 398 4440; x_wconf 88' lang='lat' dir='ltr'><strong>babuit;</strong></span> <span class='ocrx_word' id='word_1_270' title='bbox 421 4350 674 4424; x_wconf 81' lang='lat' dir='ltr'><strong>Ulixbonensis</strong></span> <span class='ocrx_word' id='word_1_271' title='bbox 693 4349 818 4422; x_wconf 87' lang='lat' dir='ltr'><strong>habuit</strong></span> <span class='ocrx_word' id='word_1_272' title='bbox 835 4374 900 4446; x_wconf 93' lang='lat' dir='ltr'><strong>pro</strong></span> <span class='ocrx_word' id='word_1_273' title='bbox 916 4375 946 4422; x_wconf 93' lang='lat' dir='ltr'><strong>s.</strong></span> <span class='ocrx_word' id='word_1_274' title='bbox 970 4323 1063 4423; x_wconf 79' lang='lat' dir='ltr'><strong>Petri</strong></span> <span class='ocrx_word' id='word_1_275' title='bbox 1081 4351 1127 4424; x_wconf 89' lang='lat' dir='ltr'><strong>ad</strong></span> <span class='ocrx_word' id='word_1_276' title='bbox 1147 4351 1318 4440; x_wconf 88' lang='lat' dir='ltr'><strong>Vincula;</strong></span> <span class='ocrx_word' id='word_1_277' title='bbox 1334 4353 1429 4426; x_wconf 92' lang='lat' dir='ltr'><strong>Ursi·</strong></span> 
     </span>
     <span class='ocr_line' id='line_1_32' title="bbox 100 4475 1431 4574; baseline 0.001 -25"><span class='ocrx_word' id='word_1_278' title='bbox 100 4502 169 4550; x_wconf 89' lang='lat' dir='ltr'><strong>nus</strong></span> <span class='ocrx_word' id='word_1_279' title='bbox 186 4501 252 4574; x_wconf 90' lang='lat' dir='ltr'><strong>pro</strong></span> <span class='ocrx_word' id='word_1_280' title='bbox 270 4475 483 4548; x_wconf 90' lang='lat' dir='ltr'><strong>camerario.</strong></span> <span class='ocrx_word' id='word_1_281' title='bbox 497 4475 694 4548; x_wconf 76' lang='lat' dir='ltr'><strong>cardinalis</strong></span> <span class='ocrx_word' id='word_1_282' title='bbox 705 4476 836 4548; x_wconf 83' lang='lat' dir='ltr'><strong>Montis</strong></span> <span class='ocrx_word' id='word_1_283' title='bbox 850 4475 992 4571; x_wconf 82' lang='lat' dir='ltr'><strong>Regalis</strong></span> <span class='ocrx_word' id='word_1_284' title='bbox 1009 4476 1267 4569; x_wconf 87' lang='lat' dir='ltr'><strong>celebraturus,</strong></span> <span class='ocrx_word' id='word_1_285' title='bbox 1281 4485 1431 4574; x_wconf 86' lang='lat' dir='ltr'><strong>accepta</strong></span> 
     </span>
     <span class='ocr_line' id='line_1_33' title="bbox 100 4599 1428 4698; baseline 0.002 -26"><span class='ocrx_word' id='word_1_286' title='bbox 100 4601 252 4674; x_wconf 88' lang='lat' dir='ltr'><strong>candela</strong></span> <span class='ocrx_word' id='word_1_287' title='bbox 269 4624 347 4690; x_wconf 89' lang='lat' dir='ltr'><strong>sua,</strong></span> <span class='ocrx_word' id='word_1_288' title='bbox 364 4601 459 4672; x_wconf 88' lang='lat' dir='ltr'><strong>vonit</strong></span> <span class='ocrx_word' id='word_1_289' title='bbox 476 4599 521 4672; x_wconf 93' lang='lat' dir='ltr'><strong>ad</strong></span> <span class='ocrx_word' id='word_1_290' title='bbox 540 4599 776 4673; x_wconf 78' lang='lat' dir='ltr'><strong>faldistorium</strong></span> <span class='ocrx_word' id='word_1_291' title='bbox 797 4608 832 4672; x_wconf 93' lang='lat' dir='ltr'><strong>et</strong></span> <span class='ocrx_word' id='word_1_292' title='bbox 851 4601 990 4697; x_wconf 89' lang='lat' dir='ltr'><strong>accepit</strong></span> <span class='ocrx_word' id='word_1_293' title='bbox 1009 4601 1171 4676; x_wconf 89' lang='lat' dir='ltr'><strong>sandalia</strong></span> <span class='ocrx_word' id='word_1_294' title='bbox 1185 4610 1220 4674; x_wconf 91' lang='lat' dir='ltr'><strong>et</strong></span> <span class='ocrx_word' id='word_1_295' title='bbox 1239 4603 1307 4675; x_wconf 89' lang='lat' dir='ltr'><strong>alia</strong></span> <span class='ocrx_word' id='word_1_296' title='bbox 1323 4626 1428 4698; x_wconf 90' lang='lat' dir='ltr'><strong>para-</strong></span> 
     </span>
     <span class='ocr_line' id='line_1_34' title="bbox 102 4724 1430 4824; baseline -0.002 -27"><span class='ocrx_word' id='word_1_297' title='bbox 102 4734 224 4799; x_wconf 87' lang='lat' dir='ltr'><strong>menta</strong></span> <span class='ocrx_word' id='word_1_298' title='bbox 240 4751 306 4822; x_wconf 92' lang='lat' dir='ltr'><strong>pro</strong></span> <span class='ocrx_word' id='word_1_299' title='bbox 317 4725 444 4815; x_wconf 90' lang='lat' dir='ltr'><strong>missa;</strong></span> <span class='ocrx_word' id='word_1_300' title='bbox 460 4724 590 4798; x_wconf 88' lang='lat' dir='ltr'><strong>deiude</strong></span> <span class='ocrx_word' id='word_1_301' title='bbox 603 4725 829 4822; x_wconf 84' lang='lat' dir='ltr'><strong>oratorregis</strong></span> <span class='ocrx_word' id='word_1_302' title='bbox 841 4729 994 4798; x_wconf 82' lang='lat' dir='ltr'><strong>Navarra</strong></span> <span class='ocrx_word' id='word_1_303' title='bbox 1009 4726 1106 4800; x_wconf 87' lang='lat' dir='ltr'><strong>dedit</strong></span> <span class='ocrx_word' id='word_1_304' title='bbox 1123 4751 1253 4824; x_wconf 88' lang='lat' dir='ltr'><strong>aquam</strong></span> <span class='ocrx_word' id='word_1_305' title='bbox 1265 4725 1430 4798; x_wconf 90' lang='lat' dir='ltr'><strong>manibus</strong></span> 
     </span>
     <span class='ocr_line' id='line_1_35' title="bbox 105 4849 1329 4948; baseline 0 -24"><span class='ocrx_word' id='word_1_306' title='bbox 105 4857 214 4948; x_wconf 79' lang='lat' dir='ltr'><strong>l‘apc,</strong></span> <span class='ocrx_word' id='word_1_307' title='bbox 235 4857 270 4924; x_wconf 89' lang='lat' dir='ltr'><strong>et</strong></span> <span class='ocrx_word' id='word_1_308' title='bbox 289 4874 416 4924; x_wconf 91' lang='lat' dir='ltr'><strong>omnes</strong></span> <span class='ocrx_word' id='word_1_309' title='bbox 433 4849 634 4924; x_wconf 88' lang='lat' dir='ltr'><strong>cardinales</strong></span> <span class='ocrx_word' id='word_1_310' title='bbox 650 4856 844 4924; x_wconf 88' lang='lat' dir='ltr'><strong>tenuerunt</strong></span> <span class='ocrx_word' id='word_1_311' title='bbox 863 4852 1030 4926; x_wconf 89' lang='lat' dir='ltr'><strong>manibus</strong></span> <span class='ocrx_word' id='word_1_312' title='bbox 1049 4852 1217 4926; x_wconf 89' lang='lat' dir='ltr'><strong>candelas</strong></span> <span class='ocrx_word' id='word_1_313' title='bbox 1233 4875 1329 4926; x_wconf 86' lang='lat' dir='ltr'><strong>suas.</strong></span> 
     </span>
     <span class='ocr_line' id='line_1_36' title="bbox 156 4977 1433 5074; baseline 0 -24"><span class='ocrx_word' id='word_1_314' title='bbox 156 4977 406 5074; x_wconf 86' lang='lat' dir='ltr'><strong>Superioribus</strong></span> <span class='ocrx_word' id='word_1_315' title='bbox 426 4977 564 5062; x_wconf 81' lang='lat' dir='ltr'><strong>diebus,</strong></span> <span class='ocrx_word' id='word_1_316' title='bbox 583 4983 709 5073; x_wconf 88' lang='lat' dir='ltr'><strong>captus</strong></span> <span class='ocrx_word' id='word_1_317' title='bbox 728 4977 790 5048; x_wconf 89' lang='lat' dir='ltr'><strong>fuit</strong></span> <span class='ocrx_word' id='word_1_318' title='bbox 814 4983 850 5050; x_wconf 89' lang='lat' dir='ltr'><strong>et</strong></span> <span class='ocrx_word' id='word_1_319' title='bbox 868 4977 905 5048; x_wconf 95' lang='lat' dir='ltr'><strong>in</strong></span> <span class='ocrx_word' id='word_1_320' title='bbox 922 4985 1040 5051; x_wconf 88' lang='lat' dir='ltr'><strong>castro</strong></span> <span class='ocrx_word' id='word_1_321' title='bbox 1058 5004 1086 5050; x_wconf 89' lang='lat' dir='ltr'><strong>s.</strong></span> <span class='ocrx_word' id='word_1_322' title='bbox 1109 4977 1236 5074; x_wconf 84' lang='lat' dir='ltr'><strong>Angeli</strong></span> <span class='ocrx_word' id='word_1_323' title='bbox 1250 4977 1377 5050; x_wconf 85' lang='lat' dir='ltr'><strong>ductus</strong></span> <span class='ocrx_word' id='word_1_324' title='bbox 1396 4983 1433 5050; x_wconf 89' lang='lat' dir='ltr'><strong>et</strong></span> 
     </span>
     <span class='ocr_line' id='line_1_37' title="bbox 107 5101 1431 5200; baseline 0 -25"><span class='ocrx_word' id='word_1_325' title='bbox 107 5105 146 5175; x_wconf 91' lang='lat' dir='ltr'><strong>in</strong></span> <span class='ocrx_word' id='word_1_326' title='bbox 164 5103 367 5176; x_wconf 84' lang='lat' dir='ltr'><strong>carceribus</strong></span> <span class='ocrx_word' id='word_1_327' title='bbox 384 5101 608 5198; x_wconf 90' lang='lat' dir='ltr'><strong>mancipatus</strong></span> <span class='ocrx_word' id='word_1_328' title='bbox 628 5106 669 5174; x_wconf 85' lang='lat' dir='ltr'><strong>n.</strong></span> <span class='ocrx_word' id='word_1_329' title='bbox 683 5106 721 5176; x_wconf 87' lang='lat' dir='ltr'><strong>P.</strong></span> <span class='ocrx_word' id='word_1_330' title='bbox 739 5107 780 5176; x_wconf 83' lang='lat' dir='ltr'><strong>l).</strong></span> <span class='ocrx_word' id='word_1_331' title='bbox 797 5107 922 5176; x_wconf 82' lang='lat' dir='ltr'><strong>Petrus</strong></span> <span class='ocrx_word' id='word_1_332' title='bbox 940 5103 984 5176; x_wconf 90' lang='lat' dir='ltr'><strong>do</strong></span> <span class='ocrx_word' id='word_1_333' title='bbox 1003 5103 1146 5177; x_wconf 81' lang='lat' dir='ltr'><strong>Aranda</strong></span> <span class='ocrx_word' id='word_1_334' title='bbox 1162 5101 1224 5200; x_wconf 85' lang='lat' dir='ltr'><strong>(t),</strong></span> <span class='ocrx_word' id='word_1_335' title='bbox 1238 5102 1431 5200; x_wconf 89' lang='lat' dir='ltr'><strong>episcopus</strong></span> 
     </span>
    </p>
   </div>
   <div class='ocr_carea' id='block_1_3' title="bbox 148 5253 668 5328">
    <p class='ocr_par' dir='ltr' id='par_1_3' title="bbox 148 5253 668 5328">
     <span class='ocr_line' id='line_1_38' title="bbox 148 5253 668 5328; baseline 0.002 -20"><span class='ocrx_word' id='word_1_336' title='bbox 148 5257 171 5308; x_wconf 90' lang='lat' dir='ltr'><strong>t.</strong></span> <span class='ocrx_word' id='word_1_337' title='bbox 192 5254 259 5328; x_wconf 84' lang='lat' dir='ltr'><strong>Voy.</strong></span> <span class='ocrx_word' id='word_1_338' title='bbox 275 5261 295 5311; x_wconf 92' lang='lat' dir='ltr'><strong>t.</strong></span> <span class='ocrx_word' id='word_1_339' title='bbox 314 5254 349 5324; x_wconf 92' lang='lat' dir='ltr'><strong>ll,</strong></span> <span class='ocrx_word' id='word_1_340' title='bbox 363 5271 391 5328; x_wconf 88' lang='lat' dir='ltr'><strong>p.</strong></span> <span class='ocrx_word' id='word_1_341' title='bbox 409 5253 506 5310; x_wconf 64' lang='lat' dir='ltr'><strong>labda</strong></span> <span class='ocrx_word' id='word_1_342' title='bbox 519 5259 590 5312; x_wconf 85' lang='lat' dir='ltr'><strong>cette</strong></span> <span class='ocrx_word' id='word_1_343' title='bbox 602 5254 668 5310; x_wconf 79' lang='lat' dir='ltr'><strong>edic.</strong></span> 
     </span>
    </p>
   </div>
   <div class='ocr_carea' id='block_1_4' title="bbox 0 0 1823 6064">
    <p class='ocr_par' dir='ltr' id='par_1_4' title="bbox 0 0 1823 6064">
     <span class='ocr_line' id='line_1_39' title="bbox 0 0 1823 6064; baseline 0 0"><span class='ocrx_word' id='word_1_344' title='bbox 0 0 1823 6064; x_wconf 95' lang='lat' dir='ltr'><strong> </strong></span> 
     </span>
    </p>
   </div>
  </div>
 </body>
</html>
