3612 6064
357 475 420 514 uxsr
803 447 935 510 NOTICE
964 447 1245 518 BlOGRhPHin‘iE.

356 635 520 715 passage
539 609 635 687 deus
657 633 718 686 ses
744 603 1007 684 observatione
1028 629 1098 682 sur
1126 601 1309 682 l’lcirtoire
1332 601 1379 681 de
1399 601 1561 680 Chartae
1588 597 1697 693 VIII,

357 745 503 824 relatiis
523 747 547 822 is
564 743 723 820 l'entrse
744 741 795 820 du
819 741 878 818 roi
897 745 920 817 d
939 744 1058 818 Rome
1078 745 1116 817 et
1138 741 1162 816 d
1185 763 1255 815 son
1277 737 1389 816 treitd
1413 761 1507 816 avec
1524 736 1562 814 le
1580 759 1698 838 pape,

360 905 450 958 sous
468 905 511 957 ce
534 879 622 955 titre
649 907 667 948 «
689 875 862 952 Relation
886 874 934 952 de
960 899 1002 951 oe
1022 899 1096 977 que
1113 873 1156 950 fit
1172 873 1209 950 le
1227 897 1298 975 roy
1316 871 1473 950 Cherlcs
1491 871 1580 948 vill
1602 869 1703 946 daus
1796 927 1797 948 l

360 1090 506 1166 magistros
529 1087 762 1146 caeremoniamm
783 1087 902 1146 deuenit.
929 1087 998 1146 Hinc
1018 1087 1119 1144 iactum
1142 1092 1199 1158 est,
1224 1089 1256 1144 ut
1276 1083 1377 1142 diversi
1390 1082 1526 1142 sanonum
1541 1089 1700 1158 temporum

360 1177 589 1238 caeremoniamm
603 1177 664 1234 libri
678 1178 707 1234 in
721 1177 896 1236 bibliothecis
908 1176 1082 1234 inveniantur
1094 1177 1129 1233 de
1148 1181 1379 1234 sacramentorum
1400 1179 1428 1232 et
1446 1171 1701 1232 ecclesiasticorum

359 1269 460 1328 rituam
474 1265 675 1325 consuetudine
685 1265 829 1324 constituti
843 1272 928 1342 atque
941 1265 1060 1323 Romani
1073 1264 1176 1322 ordinis
1197 1265 1308 1321 nomine
1329 1262 1470 1338 appellati,
1492 1263 1569 1336 quod
1592 1258 1700 1318 scilieet

361 1357 390 1416 in
403 1357 458 1414 illis
471 1356 551 1432 plene
562 1356 588 1413 is
602 1354 670 1412 ordo
683 1355 879 1426 contineretur,
895 1371 976 1430 quem
994 1354 1022 1410 in
1041 1353 1234 1412 ecclesiasticis
1257 1351 1395 1428 mysteriis
1417 1349 1566 1426 operandis
1589 1357 1701 1408 veteres

361 1452 453 1522 patres
471 1445 666 1504 observabant.
689 1446 766 1515 Quos
781 1463 865 1519 quum
888 1445 924 1502 ad
945 1441 1117 1519 antiquitatis
1139 1441 1340 1501 ecclesiasticae
1359 1439 1558 1516 cognitionem,
1580 1439 1703 1496 maxima

360 1535 452 1592 iacere
464 1533 649 1608 cognoverim,
664 1541 801 1608 quotquot
814 1533 937 1592 invenire
951 1532 1040 1608 potui,
1058 1532 1086 1590 in
1102 1549 1187 1590 uuum
1206 1531 1286 1607 quasi
1299 1547 1400 1604 corpus
1415 1529 1539 1606 redigere
1553 1529 1701 1587 constitui.

362 1625 397 1683 Et
414 1624 481 1698 quia
500 1623 529 1680 in
548 1623 676 1682 omnibus
699 1629 727 1680 et
750 1625 910 1698 praesertim
924 1621 1124 1696 antiquissimis
1136 1622 1207 1680 inter
1219 1620 1335 1696 reliqua,
1349 1637 1421 1694 quae
1434 1620 1579 1678 continent
1595 1637 1702 1678 coenae

362 1712 521 1772 Dominices
544 1711 601 1770 siue
622 1711 744 1788 corporis
765 1721 793 1772 et
817 1713 961 1788 sanguinis
985 1711 1094 1770 Domini
1112 1710 1277 1770 nostritesu
1291 1709 1394 1768 Christi
1409 1715 1611 1768 recrementum
1627 1707 1703 1785 quod

362 1801 454 1878 graeci
474 1800 611 1876 synaxim,
635 1801 841 1876 mystagogiam
856 1808 883 1858 et
905 1801 1058 1877 liturgiam.
1078 1800 1168 1860 Latini
1190 1817 1255 1858 raro
1279 1800 1394 1857 missam
1417 1807 1518 1858 vocant
1532 1797 1661 1856 ordinem
1677 1803 1704 1856 st

308 1881 315 1894 ’
364 1889 552 1950 caeremonias
566 1889 795 1964 complectuntur,
810 1899 874 1949 ante
888 1891 980 1948 omnia
995 1891 1061 1964 quid
1079 1889 1207 1965 liturgiae
1220 1896 1249 1948 et
1267 1889 1370 1947 missae
1392 1887 1507 1946 vocibus
1529 1885 1705 1962 significetur

365 1981 489 2056 exposui,
505 1980 699 2038 deindert'tum
713 1982 850 2054 quendam
867 1981 1030 2056 adjecique
1042 1981 1139 2040 ludaei
1153 1979 1348 2038 celebrioribus
1361 1977 1442 2035 iestis
1462 1976 1533 2035 inter
1548 1977 1704 2036 convivan-

364 2073 429 2130 dum
453 2069 605 2145 antiquitus
622 2071 779 2130 utebantur.
809 2071 893 2140 Quem
919 2071 1046 2128 Christus
1056 2071 1147 2145 aliqua
1160 2087 1195 2128 ex
1207 2077 1284 2145 parte
1298 2069 1326 2126 in
1339 2066 1491 2125 novissima
1503 2081 1589 2124 coena
1602 2084 1703 2141 queue

366 2161 513 2222 admodum
531 2177 548 2217 a
572 2160 602 2216 S.
619 2159 694 2216 Luca
715 2159 877 2217 describitur
895 2160 1059 2218 observasse
1073 2160 1190 2217 ridetur.
1205 2159 1306 2216 Postea
1315 2157 1427 2233 adjunxi
1439 2155 1540 2214 missae
1552 2157 1612 2214 sire
1627 2157 1702 2213 sacri

367 2249 485 2310 convivii
498 2248 623 2323 mysterii
635 2249 858 2324 descriptionem,
873 2265 1003 2323 quanam
1016 2247 1120 2306 scilicet
1134 2247 1239 2306 ratione
1253 2247 1380 2305 Christus
1393 2251 1492 2320 etpost
1503 2262 1566 2302 eum
1580 2245 1702 2320 apostoli

365 2338 577 2408 celebraverint,
601 2339 635 2396 sd
659 2340 728 2396 haec
749 2355 843 2396 sacrae
866 2338 1066 2396 communionis
1091 2337 1216 2395 solennia
1238 2336 1354 2410 subjeci,
1369 2353 1386 2394 a
1399 2335 1658 2412 Justiuoblartyre,
1674 2343 1702 2393 et

366 2427 504 2486 Clemente
527 2427 712 2488 Alexandrino
735 2428 882 2487 centesimo
905 2429 1148 2504 quinquagesimo,
1167 2425 1333 2486 Tertulliano
1347 2433 1374 2484 et
1391 2429 1426 2484 D.
1441 2427 1579 2502 Cypriane
1593 2429 1701 2485 ducan-

365 2517 472 2588 tssimo,
489 2517 685 2592 Dionysioqua,
705 2527 769 2594 post
780 2519 920 2577 Christum
941 2517 1136 2576 tercentesimo
1160 2533 1233 2575 auno
1256 2517 1404 2590 descripta.
1426 2518 1499 2574 llaec
1521 2517 1703 2592 subsequitur

366 2605 568 2666 vetustissImus
587 2613 615 2664 et
633 2614 766 2682 quantum
785 2608 869 2666 certis
888 2607 1052 2682 quibusdam
1072 2605 1235 2681 conjecturis
1254 2605 1365 2680 assequi
1383 2603 1476 2680 potui,
1496 2611 1560 2664 ante
1580 2607 1615 2664 D.
1633 2606 1702 2664 ore-

367 2695 436 2769 gorii
448 2696 539 2770 Papae
553 2697 634 2771 primi
646 2703 769 2772 tempora
780 2697 819 2768 (t)
835 2697 926 2755 editus
940 2696 1046 2754 ritualia
1061 2695 1139 2766 liber,
1152 2694 1197 2753 eui
1209 2693 1318 2752 initium
1328 2699 1380 2765 est,
1391 2693 1556 2752 denunciata
1569 2695 1702 2762 emtione,

367 2800 423 2856 quo
445 2783 571 2858 simplex,
586 2803 666 2860 pura,
683 2786 859 2860 antennisque
881 2785 1007 2842 sacnfioii
1026 2784 1160 2842 Dominici
1175 2784 1259 2860 (quod
1274 2783 1387 2842 missam
1401 2783 1507 2855 dicunt)
1521 2782 1673 2840 celebratio
1688 2799 1704 2838 a

366 2871 492 2928 Romano
506 2873 642 2931 Pontiflce
655 2873 714 2931 ilari
727 2875 808 2932 solita
818 2875 981 2932 continetur.

404 2982 419 3012 «ι
435 2959 522 3028 Quem
536 2979 641 3030 omnes,
658 2962 705 3036 qui
720 2961 922 3020 ecclesiasticos
937 2961 1016 3033 ritus,
1032 2963 1158 3021 etofllcia
1170 2962 1264 3022 divina
1276 2964 1443 3023 constituere
1459 2979 1595 3020 summam
1612 2960 1704 3019 eidem

368 3048 555 3108 auctoritatem
569 3051 732 3120 tribuentes,
747 3057 877 3125 tanquam
892 3052 1008 3126 primum
1023 3058 1050 3110 et
1063 3053 1242 3129 archetypum
1254 3059 1420 3128 agnoscunt,
1435 3053 1474 3110 ita
1483 3058 1514 3110 ut
1524 3069 1621 3110 ornnes
1636 3051 1706 3108 aliae

370 3138 529 3212 hujusmodi
542 3140 708 3214 scriptiones
723 3140 793 3197 nihil
806 3141 880 3198 aliud
895 3141 960 3211 sint,
975 3159 1056 3216 quam
1071 3141 1154 3216 hujus
1173 3142 1272 3213 libelli,
1285 3143 1329 3201 vel
1348 3143 1544 3218 paraphrases,
1560 3141 1604 3199 rel
1629 3155 1704 3198 com·

369 3228 512 3298 mantaria,
532 3235 558 3286 et
579 3230 738 3303 praesertim
760 3231 815 3288 duo
839 3235 984 3305 sequentes
1007 3231 1130 3306 ejusdem
1149 3231 1308 3306 'argumenti
1337 3238 1472 3290 tractatus
1504 3227 1707 3307 posterioribus

370 3316 539 3391 temporibus
562 3317 639 3386 editi,
660 3325 688 3376 ct
709 3327 853 3394 propterea
875 3318 1039 3394 quibusdam
1063 3319 1249 3378 additionibus
1272 3321 1356 3388 aucti,
1371 3337 1489 3396 quorum
1512 3319 1601 3390 alteri,
1617 3317 1706 3394 priam

370 3405 502 3476 omnium,
518 3405 605 3476 alteri,
621 3413 688 3464 varo'
701 3407 817 3482 primum
832 3408 951 3466 omnium
969 3405 1076 3466 initium
1090 3415 1142 3467 est.
1159 3407 1212 3478 Qui
1230 3409 1259 3466 in
1273 3410 1400 3486 publicae
1419 3410 1567 3468 missarum
1585 3407 1707 3466 celebra-

368 3493 462 3564 tionis,
479 3513 560 3570 quam
575 3496 717 3554 Romanus
733 3497 860 3554 Pontifex
874 3497 962 3554 iecere
976 3495 1082 3554 solebat
1095 3498 1266 3557 caeremonia
1279 3499 1468 3563 describenda,
1480 3499 1616 3574 quaedam
1626 3495 1706 3553 initio

369 3583 451 3642 altius
474 3591 629 3659 repetentes
653 3585 827 3660 adjungunt,
852 3587 988 3660 quaedam
1008 3591 1035 3643 in
1049 3587 1111 3661 ipsa
1123 3587 1238 3645 actionis
1252 3589 1509 3646 commemoratione
1523 3585 1606 3645 latim
1621 3601 1707 3660 expo·

369 3679 449 3743 nunt,
462 3675 596 3748 quaedam
620 3675 730 3732 demum
754 3674 930 3733 interserunt.
960 3674 1013 3743 Oui
1031 3691 1125 3733 revera
1142 3683 1275 3751 tanquam
1292 3679 1476 3752 paraphrases
1489 3677 1626 3752 quaedam
1639 3681 1709 3731 sunt

370 3761 469 3836 prioris
483 3761 576 3830 libelli,
590 3779 621 3820 re
635 3769 725 3820 tamen
741 3763 812 3838 ipsa,
828 3770 855 3820 et
864 3763 1070 3840 praecipuarum
1081 3765 1311 3824 caeremoniarum
1322 3765 1503 3841 explicatione
1513 3766 1625 3824 omnino
1634 3763 1710 3821 inter

372 3867 403 3908 ss
425 3850 600 3910 conveniunt.
625 3851 868 3926 Comprehendunt
881 3852 953 3910 enim
971 3853 1158 3928 proculdubio
1176 3871 1238 3912 eum
1254 3855 1399 3914 missarum
1414 3857 1550 3927 ordinem,
1566 3873 1649 3932 quem
1665 3861 1708 3932 (ut

371 3946 467 3997 auctor
480 3941 653 3998 estlosnnes
668 3939 807 3998 Diaconos
822 3941 850 3998 in
865 3942 927 4015 ejus
940 3942 1009 4016 vite)
1025 3943 1058 4002 D.
1076 3943 1226 4018 Gregorius
1240 3946 1314 4020 Papa
1330 3945 1463 4014 instituit,
1483 3946 1530 4020 qui
1544 3947 1635 4004 ordini
1650 3947 1710 4005 sira

372 4028 458 4086 codici
481 4027 583 4087 Gelasii
605 4029 711 4103 Papae,
738 4047 819 4104 quem
845 4032 880 4088 de
905 4030 1232 4091 missarum'solennibus
1254 4033 1376 4092 ediderat
1402 4035 1489 4092 multa
1513 4033 1708 4104 substrahens,

372 4133 460 4191 pauca
472 4122 644 4188 convertens,
660 4118 793 4176 nonnulla
806 4118 940 4194 adjiciens
954 4119 983 4176 in
997 4121 1079 4177 unius
1091 4120 1152 4178 libri
1169 4121 1295 4180 volumen
1312 4123 1433 4198 redegit.
1455 4121 1508 4192 oui
1527 4123 1595 4180 ordo
1611 4129 1711 4199 postes

374 4205 533 4264 universum
548 4207 603 4266 tere
616 4206 786 4266 occidentem
802 4207 929 4266 obtinuit.
946 4209 1015 4266 Nam
1030 4210 1218 4268 ducentesimo
1235 4219 1300 4287 poet
1318 4213 1349 4270 S.
1372 4212 1495 4287 Gregorii
1510 4211 1615 4270 obitum
1625 4229 1709 4282 anno,

374 4294 491 4352 Carolus
514 4296 635 4370 Magnus
658 4297 807 4372 Imperator
823 4299 963 4356 Romanae
977 4298 1112 4356 Ecclesiae
1126 4301 1333 4374 auctoritatem,
1347 4307 1378 4360 ut
1391 4301 1547 4376 Sigibertus
1559 4308 1587 4359 el
1600 4301 1712 4360 Guillel·
1796 4351 1797 4374 ,

375 4400 437 4442 mus
460 4385 597 4443 Durantes
619 4385 751 4458 referunt)
774 4395 907 4462 sequutus
929 4387 1087 4446 universum
1101 4388 1170 4460 sibi,
1187 4389 1358 4467 imperioque
1373 4407 1424 4448 suo
1436 4389 1592 4465 subjectum
1606 4390 1711 4448 clcrrsm
1796 4383 1797 4408 ¹

376 4471 457 4530 minis
482 4480 510 4530 et
531 4475 765 4548 compulsionibus
787 4477 822 4533 ed
845 4475 1004 4552 Gregoriani
1025 4477 1107 4535 olltcii
1130 4479 1349 4538 observationem
1369 4477 1518 4556 compulit,
1540 4479 1712 4538 conveniens
1796 4499 1797 4540 l

376 4561 450 4620 enim
473 4579 536 4619 esse
557 4561 743 4636 existimarit,
765 4569 795 4622 ut
817 4565 864 4639 qui
885 4565 913 4622 in
936 4566 1077 4624 Romanae
1092 4566 1227 4626 Ecclesiae
1241 4569 1323 4627 tidem
1342 4568 1531 4628 consentirent
1543 4567 1614 4626 ritus
1629 4569 1713 4626 etiarn

377 4649 560 4726 susciperent,
577 4668 661 4724 quum
676 4652 711 4710 ab
723 4654 872 4710 eorundem
886 4653 1079 4729 discrepantia,
1090 4655 1270 4731 ildeiquoque
1283 4657 1436 4716 vaccillatio
1450 4657 1547 4716 exoriri
1563 4657 1714 4732 aliquando
1796 4713 1797 4720 ,

374 4741 476 4816 possit.
498 4741 567 4800 Nam
582 4741 625 4814 (ut
639 4746 763 4800 auctores
778 4749 844 4800 sont
861 4741 1020 4802 Hildevinus
1037 4744 1065 4801 in
1081 4745 1204 4820 Epistola
1218 4747 1253 4804 ad
1272 4747 1441 4806 Ludovicum
1459 4746 1577 4824 primum
1592 4748 1715 4824 tmpera-
1796 4753 1797 4756 ’

376 4836 476 4899 torem,
487 4837 515 4886 et
530 4831 620 4888 Rerno
632 4830 782 4902 Angiensis
796 4831 902 4902 hbbas)
918 4838 982 4889 ante
998 4833 1122 4908 Gregorii
1143 4841 1257 4894 aetatem
1274 4836 1379 4894 Galliae
1392 4849 1420 4895 et
1434 4836 1583 4912 Hispaniae
1597 4836 1717 4893 diversis

378 4921 414 4974 ab
428 4919 550 4976 Ecclesia
564 4919 690 4978 Romana
704 4937 721 4976 o
735 4919 883 4994 majoribus
897 4921 956 4978 suis
969 4921 1076 4992 ritibus,
1092 4927 1120 4980 et
1131 4924 1311 4982 caeremoniis
1326 4926 1446 5001 acceptis
1461 4927 1490 4983 in
1505 4925 1607 4982 divinis
1616 4925 1717 4983 ciliciis

381 5013 409 5064 et
423 5007 570 5066 missarum
582 5007 765 5066 celebratione
780 5007 926 5067 utebantur
934 5009 978 5068 cui
992 5010 1031 5067 rei
1045 5011 1129 5070 tidem
1150 5013 1255 5072 iaciunt
1277 5014 1469 5082 vetustissimi,
1495 5022 1524 5074 st
1545 5031 1613 5090 prae
1636 5015 1720 5072 nimia

410 5199 438 5257 (Ἰ
451 5199 485 5246 sn
498 5215 572 5260 margo
585 5218 591 5248 ι
607 5205 665 5252 tosio
676 5206 747 5264 Papa,
762 5206 793 5251 las
805 5207 921 5264 premieres
935 5206 1007 5254 lettres
1018 5213 1068 5256 sont
1081 5209 1180 5262 mesa.
