3590 6042
101 632 193 694 ΗΜ
210 634 284 698 [δοῦ]
456 629 583 690 RERUM
609 631 835 695 ouatusaou
855 629 1117 694 condamnati.
1419 635 1454 706 27

97 813 185 864 ntus
203 802 250 882 te,
265 789 527 880 Doutine,etu.,
541 795 578 862 et
595 788 750 865 altariac
763 786 948 884 evangelio
960 787 1145 878 osculatis,
1157 787 1454 876 desenditadlal.
1500 793 1504 802 “

97 917 303 994 dislorium
314 916 375 990 ubi
387 915 481 990 sedit
491 937 606 1011 usque
618 915 663 990 ad
675 914 862 1012 inceptum
874 914 1059 990 introitum
1071 937 1136 1011 per
1149 921 1337 1002 cantorem
1356 914 1452 995 iactu

98 1066 169 1140 per
187 1041 400 1118 cardinales
419 1043 514 1136 Pape
534 1039 749 1129 reverentia,
766 1040 838 1116 dux
850 1041 945 1112 venit
965 1046 1048 1114 ante
1070 1038 1286 1117 Pontificem
1306 1041 1449 1114 inreste

99 1191 171 1242 sua
190 1145 298 1242 brevi
320 1165 499 1264 predicta,
522 1170 556 1236 et
578 1163 778 1260 genuflexit
797 1165 831 1240 in
853 1187 1024 1264 supremo
1044 1166 1160 1261 gradu
1183 1187 1306 1242 coram
1336 1167 1453 1262 ponti·

98 1292 186 1384 fice,
209 1295 259 1366 ad
278 1315 388 1388 quem
407 1291 517 1365 etiam
538 1289 691 1364 accessit
714 1294 838 1364 amus.
851 1289 1046 1364 cardinalis
1066 1315 1095 1362 s.
1119 1289 1332 1379 Clementis,
1351 1289 1450 1386 prior

97 1425 327 1514 procurator
343 1414 582 1490 cardinalium
600 1414 774 1488 assistens
794 1417 890 1510 Pape
909 1413 983 1510 qui,
1005 1415 1169 1491 detracta
1186 1415 1306 1504 mitra,
1328 1437 1449 1489 surre-

97 1541 151 1615 xit
173 1551 216 1616 et
237 1542 350 1615 dixit:
375 1571 391 1606 «
416 1540 646 1637 adjutorium
678 1543 842 1612 nostrum
871 1539 905 1611 in
933 1539 1080 1612 nomine
1111 1539 1255 1614 Domini
1284 1541 1342 1638 qui
1361 1539 1447 1614 lecit

99 1666 231 1743 uelum
250 1675 287 1742 et
304 1675 453 1740 terram.
475 1665 651 1744 Dominus
667 1658 870 1756 vobiscum,
893 1673 927 1738 et
945 1688 1029 1742 uum
1049 1665 1175 1763 spiritu
1194 1661 1269 1742 tuo.
1290 1709 1338 1722 -
1359 1669 1448 1744 Ore-

99 1815 189 1866 mus
212 1817 223 1866 :
244 1795 343 1866 Deus
361 1791 421 1887 qui
440 1790 643 1865 innomine
665 1791 967 1888 tuocongregatis
986 1790 1131 1867 tumulis
1152 1791 1220 1866 tuis
1239 1793 1447 1866 remedium

102 1939 189 1990 esse
212 1917 350 2005 dixisti,
373 1939 509 1990 corone
526 1915 679 2006 valente,
700 1916 746 1990 da
766 1916 932 2012 gratiam,
960 1915 1045 1992 huic
1063 1915 1199 1992 famulo
1220 1921 1295 2011 tuo,
1320 1918 1440 1992 Casani

101 2041 363 2116 confeleneno
392 2050 530 2130 nostro,
561 2063 668 2138 (poam
696 2040 879 2121 noreham
909 2043 944 2114 in
972 2041 1199 2134 holocausto,
1232 2045 1375 2139 Moyses
1410 2045 1444 2116 in

103 2169 290 2258 exercitu,
322 2168 417 2241 Elias
450 2168 483 2240 iu
511 2166 678 2258 heremo,
708 2167 853 2240 Samuel
885 2168 1036 2243 crinitus
1066 2167 1197 2242 nteruit
1225 2169 1260 2240 iu
1289 2166 1442 2265 templo:

103 2295 289 2382 concede,
316 2293 481 2382 Domine,
504 2292 739 2370 concordiam
755 2315 864 2390 quam
877 2293 1094 2390 inspiravisti
1120 2293 1349 2392 patriarchis,
1365 2317 1445 2392 pre-

103 2419 277 2492 dicavisti
297 2417 454 2516 populis,
476 2417 654 2493 tradidisti
675 2417 861 2512 apostolis
876 2418 1090 2492 mandavisti
1108 2416 1315 2506 victoribus.
1332 2419 1446 2495 Bene-

104 2545 183 2630 dic,
218 2543 388 2634 Domine,
410 2565 621 2638 quesumus,
645 2541 742 2616 hunc
762 2541 1050 2620 confalonerium
1068 2547 1245 2634 nostrum,
1268 2564 1379 2638 quem
1401 2543 1444 2618 ad

105 2669 269 2740 salutem
289 2666 409 2763 populi
429 2665 533 2738 nobis
552 2689 573 2738 a
590 2673 625 2738 le
644 2666 827 2739 credimus
847 2689 926 2737 esse
946 2665 1249 2754 concessum3sae
1262 2688 1345 2738 eum
1367 2689 1447 2740 essu

104 2792 216 2868 aunis
234 2791 487 2888 multiplicem,
508 2789 643 2887 vigenti
662 2797 770 2886 atque
790 2789 922 2866 salubri
936 2791 1098 2888 corporis
1118 2789 1376 2886 ruboremque
1396 2791 1439 2864 ad

104 2923 337 2992 senectutem
356 2923 528 3012 optatam,
542 2921 648 3011 etque
665 2916 812 2988 demum
831 2917 877 2988 ad
888 2915 999 2988 finem
1014 2915 1202 3012 peruenire
1215 2914 1374 2990 felicem.
1390 2916 1441 2992 Sit

105 3041 216 3118 nobis
239 3041 375 3114 fiducia
402 3063 483 3114 cam
510 3041 676 3115 obtinere
700 3040 856 3136 gratiam
874 3063 942 3136 pro
975 3040 1110 3136 populo
1129 3061 1237 3134 quam
1257 3041 1379 3114 daron
1406 3039 1441 3114 in
1556 3043 1558 3049 ’

106 3166 364 3247 tabernaculo,
386 3165 524 3241 Eliseus
544 3165 580 3238 in
597 3164 718 3252 ssurio,
744 3163 916 3238 Ezechias
936 3164 972 3236 in
991 3163 1140 3252 lectule,
1163 3163 1358 3240 Zacharias
1381 3187 1438 3238 re-

106 3293 209 3368 tulus
228 3291 436 3388 impetrarit
459 3290 663 3387 intemplo.
686 3289 739 3366 Sit
758 3289 808 3364 illi
821 3289 1099 3386 regendivirtus
1117 3295 1224 3386 atque
1241 3291 1442 3364 auctoritas

104 3417 376 3514 qualemlosue
388 3416 596 3513 suscepitis
609 3415 752 3504 casinis,
767 3416 917 3490 Godeon
934 3414 1092 3511 suscepit
1104 3415 1139 3488 in
1157 3415 1296 3512 preliis
1312 3418 1441 3490 Petrus

105 3541 253 3638 accepit
274 3541 312 3614 in
334 3541 447 3629 clave,
478 3541 612 3618 Paulus
639 3545 694 3616 ost
722 3563 807 3614 usus
825 3539 861 3612 in
889 3540 1079 3636 dogmate3
1110 3544 1147 3612 et
1174 3540 1224 3615 ita
1251 3543 1441 3635 postorum

104 3689 200 3738 rura
218 3665 387 3762 proliciat
408 3666 444 3737 in
468 3666 573 3754 ovile,
596 3667 689 3740 sicut
714 3664 816 3738 Isaac
836 3665 990 3761 proiecit
1008 3664 1043 3740 in
1063 3663 1168 3761 iruge
1187 3669 1222 3736 et
1245 3664 1358 3741 Jacob
1386 3669 1440 3742 est

102 3790 280 3869 dilatatus
297 3790 332 3864 in
352 3814 483 3888 grege;
504 3791 602 3886 quod
620 3791 697 3886 ipse
717 3793 883 3886 prestare
903 3790 1088 3886 dignetur,
1103 3789 1164 3884 qui
1185 3811 1268 3862 crim
1283 3791 1440 3864 Petraei

103 3916 247 4012 Spiritu
266 3917 399 3990 Sancto
416 3914 499 3990 vivit
517 3920 553 3988 et
571 3919 702 4013 regnat
719 3915 755 3990 in
775 3913 899 3990 secula
918 3915 1139 3994 seculorum.
1166 3945 1182 3986 u

156 4040 222 4116 His
239 4040 358 4127 dictis,
380 4039 472 4116 sedit
490 4039 666 4129 Pontifex,
689 4041 973 4138 occeptamitra,
988 4046 1024 4117 ot
1042 4063 1111 4136 ego
1129 4040 1255 4136 occepi
1273 4043 1438 4115 mantum

105 4166 153 4238 de
173 4165 340 4240 manibus
357 4165 454 4241 illius
472 4164 634 4240 scutiferi
655 4171 691 4240 ct
709 4165 792 4240 dedi
812 4189 896 4242 eum
914 4170 1018 4240 Rmo.
1041 4169 1082 4240 D.
1109 4165 1286 4240 cardinali
1310 4189 1338 4238 s.
1361 4163 1440 4238 Gle-

107 4287 242 4362 mentis
259 4289 453 4378 assistenti,
476 4296 512 4364 et
529 4291 777 4398 exuitlducera
797 4296 895 4366 reste
913 4315 979 4364 sua
996 4313 1106 4386 quam
1134 4289 1278 4386 accepi;
1310 4294 1346 4368 et
1372 4313 1438 4385 per

108 4434 232 4488 meum
250 4414 332 4488 misi
351 4437 432 4492 eam
449 4414 486 4488 in
504 4415 654 4491 domum
673 4438 794 4492 meam
812 4415 996 4502 celeriter,
1019 4419 1215 4510 antequam
1239 4419 1438 4511 poneretur

107 4537 144 4610 in
164 4537 405 4633 questionem.
427 4543 514 4618 Erat
531 4541 628 4614 enim
645 4540 753 4636 pretii
772 4539 1127 4636 quadringentorum
1141 4539 1360 4616 ducatorum
1383 4538 1438 4617 rel

106 4661 222 4734 circa.
243 4665 354 4759 Papa,
375 4669 528 4762 accepto
545 4665 590 4737 de
608 4665 776 4738 manibus
795 4665 889 4739 timi.
911 4668 953 4740 D.
976 4663 1174 4741 cardinalis
1192 4688 1221 4741 s.
1242 4664 1438 4744 Clementis

105 4791 246 4878 manto,
268 4771 540 4885 imposuissem
559 4788 661 4878 duci3
683 4790 791 4868 itaut
809 4795 984 4886 apertura
1003 4789 1081 4887 ejus
1108 4794 1204 4864 esset
1230 4813 1341 4885 supor
1367 4788 1437 4862 hu-

103 4933 251 4988 merum
269 4913 462 4992 dexterum
481 4914 596 5004 ducis,
619 4915 745 4990 dicens
766 4939 773 4988 ε
797 4944 815 4982 u
829 4914 958 4991 induat
977 4918 1013 4988 te
1034 4913 1436 4994 Dominusvostimento

103 5033 232 5114 solutis
251 5043 289 5112 ct
313 5037 526 5116 indumento
543 5039 658 5115 letitie
677 5038 942 5127 circumdette,
959 5037 1152 5116 innomine
1171 5037 1289 5120 Patris
1301 5042 1337 5118 ct
1355 5035 1435 5120 Filii

104 5165 140 5234 et
157 5160 319 5256 Spiritus
337 5163 474 5239 Sancti.
494 5166 623 5239 Amen.
647 5194 664 5230 u

153 5286 347 5374 Posthac,
380 5287 476 5368 idam
505 5289 608 5384 prior
635 5287 890 5374 cardinalium,
913 5291 1065 5381 accepto
1085 5287 1130 5365 do
1150 5288 1319 5368 manibus
1347 5288 1438 5366 meis
