3554 6042
382 598 433 652 111
837 593 1013 652 sonamus
1033 595 1256 665 1111111111,
1512 595 1697 660 [11111111]

377 749 471 844 jore,
499 751 597 844 Papa
618 753 802 844 presente,
828 750 889 846 qui
914 750 1053 824 creavit
1074 755 1230 845 quatuor
1249 748 1460 823 assistentes
1483 746 1544 843 qui
1564 747 1697 822 fuerunt

380 873 550 945 adstatim
576 873 726 969 recepti,
748 873 920 948 videlicet
941 874 1143 948 Ludovicus
1166 875 1359 972 episcopus
1382 872 1571 969 Aquensis,
1590 877 1693 946 Anto

379 997 459 1070 nius
479 997 620 1070 electus
632 998 791 1071 Civitatis
811 999 970 1090 Castelti,
990 1003 1119 1072 Petrus
1139 999 1276 1072 electus
1288 999 1551 1086 Anconitanus
1564 997 1693 1070 auditor

378 1127 472 1211 rote,
494 1126 531 1195 et
546 1122 767 1196 Franciscus
783 1123 977 1221 episcopus
993 1127 1215 1215 Suessanus3
1235 1125 1308 1198 aliu
1324 1147 1426 1199 more
1442 1125 1565 1198 solito.

987 1619 1104 1691 MDVI

429 1878 539 1966 Jovis,
576 1883 590 1948 1
624 1873 805 1974 januarii,
840 1875 974 1947 festum
1004 1873 1291 1948 circumcisionis
1317 1873 1482 1964 Domini,
1517 1873 1694 1948 celebravit

383 1999 533 2074 missam
556 2001 759 2075 solemnem
781 1998 974 2073 cardinalis
992 2021 1021 2071 s.
1043 1997 1172 2075 Vitatis
1196 1997 1232 2071 iu
1258 1997 1399 2094 capella
1419 1998 1590 2085 secunda,
1610 2001 1694 2092 Papa

381 2131 562 2222 presente.
590 2126 805 2200 Orationem
830 2124 918 2198 fecit
942 2124 1099 2198 Jacobus
1104 2179 1177 2198 .....
1196 2121 1256 2222 (t),
1275 2122 1465 2196 familiaris
1487 2147 1518 2195 s.
1546 2121 1635 2196 Petri
1653 2121 1693 2194 ad

384 2249 552 2326 Vincula.
570 2249 652 2324 Alia
666 2273 770 2325 more
787 2249 907 2324 solito.

431 2379 543 2466 Luna,
566 2376 773 2474 5januarii,
797 2375 944 2450 suerunt
967 2395 1118 2473 vespere
1140 2373 1301 2472 papales,
1327 2373 1365 2447 in
1388 2372 1529 2470 capella
1554 2373 1690 2469 majore,

384 2503 482 2598 Papa
500 2502 667 2592 absente;
688 2501 776 2574 fecit
794 2501 955 2575 osticium
973 2525 1002 2574 s.
1022 2500 1179 2596 Georgii.

430 2627 560 2699 Martis
587 2628 784 2723 sequentis,
810 2626 943 2702 festum
969 2625 1163 2723 epiphanie
1191 2624 1348 2714 Domini,
1383 2623 1481 2698 idem
1517 2621 1693 2698 cardinalis

383 2751 580 2826 celebravit
606 2753 755 2826 missam
779 2752 981 2826 solemnem
1005 2752 1042 2826 in
1065 2751 1215 2825 basilica
1236 2776 1263 2826 s.
1284 2750 1394 2840 Petri,
1419 2752 1519 2846 Papa
1542 2748 1690 2832 absente,

383 2876 467 2970 quia
489 2877 602 2951 111111
629 2877 690 2951 1111
718 2877 855 2951 ordinis
883 2880 1081 2952 Servorum
1108 2875 1170 2973 qui
1192 2875 1311 2951 tacere
1332 2873 1477 2950 volebat
1506 2873 1694 2947 orationem

381 3001 581 3095 egrotavit:
601 3001 681 3074 Alia
695 3025 799 3074 more
818 3002 939 3076 solito.

429 3128 538 3221 Papa,
554 3125 652 3199 intra
672 3127 834 3218 missam,
858 3128 895 3199 in
914 3151 1062 3202 camera
1085 3151 1151 3202 sua
1166 3125 1303 3200 creavit
1318 3125 1473 3200 militem
1489 3129 1532 3200 D.
1553 3127 1692 3198 Bernar-

378 3249 504 3322 dinum
533 3252 784 3342 Gozzadinum,
809 3252 924 3326 civem
947 3253 1230 3342 Bononiensem,
1256 3251 1408 3326 fratrem
1427 3249 1598 3324 iohannis
1612 3251 1689 3320 Goz-

376 3375 508 3465 zadini,
527 3375 668 3467 datarii,
690 3386 727 3451 et
743 3378 910 3452 similiter
930 3401 1014 3452 eum
1030 3378 1117 3452 fecit
1130 3377 1302 3452 comitem
1319 3377 1532 3474 palatinum.

321 3545 322 3548 =
424 3501 533 3591 Jovis,
555 3506 600 3574 11
616 3502 788 3598 januarii,
805 3503 903 3576 circa
916 3503 1046 3577 horam
1062 3502 1275 3599 vigesimam
1291 3499 1472 3598 quartam,
1485 3501 1685 3574 intraverunt

377 3647 442 3721 per
457 3631 599 3722 portam
611 3626 656 3698 de
672 3626 807 3724 Populo
817 3634 962 3700 eentum
979 3626 1240 3723 quinquaginta
1253 3626 1465 3700 Suissences
1478 3626 1523 3698 (11
1536 3622 1687 3697 mandato

378 3749 523 3820 Domini
548 3750 684 3839 Nostri,
707 3774 774 3846 per
792 3754 835 3824 D.
864 3751 1168 3824 Leithestiensem
1193 3750 1457 3825 cubicularium
1484 3749 1687 3823 111111111-

379 3895 479 3944 mere
512 3853 800 3946 Constantiensis
830 3876 868 3947 in
900 3875 1104 3948 Allemania
1134 3875 1319 3966 conducti,
1356 3883 1393 3949 et
1426 3897 1554 3948 omnes
1587 3867 1689 3944 vestiti

379 4017 493 4088 usque
511 3994 557 4066 ad
580 3995 697 4068 calsas
720 3997 894 4072 inclusive
916 3999 1084 4096 expensis
1109 3999 1254 4073 Domini
1279 3999 1415 4089 Nostri,
1435 4019 1588 4095 quorum
1605 3991 1690 4088 capi-

379 4121 508 4189 taneus
535 4142 621 4191 suus
649 4123 678 4192 D
686 4175 759 4195 .....
782 4125 1008 4197 intraverunt
1031 4146 1097 4221 per
1120 4130 1265 4220 portam
1292 4123 1337 4196 de
1361 4122 1512 4220 Populo,
1532 4126 1687 4214 Campum

377 4241 485 4316 Flore
500 4243 545 4315 ad
571 4243 744 4340 palatium
769 4271 797 4318 s.
822 4249 931 4338 Petri,
959 4248 1017 4322 ubi
1037 4273 1102 4322 sua
1124 4248 1315 4322 Beatitudo
1332 4255 1433 4321 stans
1450 4270 1559 4345 super
1572 4241 1688 4317 lodiom

378 4367 479 4440 Pauli
500 4367 684 4444 benedixit
712 4371 777 4462 eis,
806 4373 938 4448 deinde
962 4373 1184 4448 intraverunt
1212 4373 1459 4448 habitationes
1484 4365 1690 4465 111111111-

376 4492 468 4564 tium
482 4517 549 4590 pro
566 4496 733 4568 custodia
752 4497 877 4592 palatii
893 4499 1070 4595 deputati.

425 4617 598 4706 Sabbata,
614 4623 659 4690 11
669 4620 842 4716 januarii,
856 4621 989 4695 testum
1004 4623 1251 4697 conversionis
1263 4647 1291 4695 s.
1311 4623 1427 4714 Pauli,
1446 4625 1511 4696 SS.
1527 4625 1568 4695 D.
1586 4625 1690 4694 noster

374 4746 457 4836 post
479 4742 611 4816 horam
635 4749 801 4840 quartam
828 4747 1009 4820 decimam
1033 4747 1208 4844 equitavit
1230 4749 1276 4822 ad
1305 4771 1334 4822 s.
1359 4747 1529 4838 Paulum,
1555 4747 1590 4820 in
1616 4740 1691 4816 stota

411 4998 436 5054 1.
456 4997 529 5054 Telte
541 5003 584 5055 est
599 4999 624 5055 11
638 4998 714 5069 lacon
729 5000 779 5056 des
791 5018 873 5070 msa,
889 5002 972 5074 qu'on
996 5009 1062 5077 peut
1083 5003 1204 5078 corrigar
1223 5022 1289 5061 avec
1302 5004 1328 5062 11
1351 5010 1428 5063 texts
1442 5005 1477 5062 de
1491 5006 1525 5064 P.
1541 5005 1574 5062 de
1589 4997 1690 5060 orasis.

375 5108 390 5138 o
406 5087 481 5142 Hane
495 5086 606 5143 missam
620 5089 739 5146 cantavit
753 5089 780 5144 in
793 5089 899 5163 capella
913 5092 1010 5148 Rmus.
1029 5093 1066 5149 D.
1085 5093 1232 5150 cardinalis
1242 5093 1405 5167 Eugubinus
1422 5095 1481 5152 sive
1496 5112 1520 5151 s.
1534 5093 1653 5151 Vitatis...
1667 5087 1691 5142 ln

374 5196 407 5234 ea
420 5178 487 5234 nihil
500 5177 564 5234 novi
578 5177 637 5246 suit,
652 5177 707 5233 nisi
720 5179 793 5250 quod
812 5179 897 5236 oratio
913 5179 968 5236 sive
984 5199 1073 5238 sermo
1086 5183 1285 5257 pulcherrimus
1299 5201 1349 5257 per
1362 5183 1508 5258 quemdam
1523 5185 1558 5242 D.
1573 5184 1689 5241 tasonem

374 5265 526 5339 Baptistam
538 5267 573 5322 de
587 5266 730 5336 Leonissa,
746 5265 906 5339 secularem,
920 5268 1030 5327 habitus
1044 5269 1106 5328 tuit.
1123 5293 1137 5324 1
1151 5271 1182 5329 F.
1199 5273 1262 5330 275.
