3502 6036
95 602 238 668 [Decembre
250 603 319 667 1⁵⁰2]
416 602 542 662 RERUM
566 601 793 662 UHBANARUM
812 603 1073 662 COMMENTAHII.
1359 607 1411 666 185

93 769 173 836 tum.
187 757 379 856 Adiectum
397 780 477 832 esse
493 757 579 832 huic
596 757 752 855 imperio
771 759 816 832 de
835 757 1040 833 civitatibus
1055 757 1218 834 Ecclesia
1234 763 1412 834 desonam

91 893 121 959 et
141 887 291 956 Fortnne
318 886 457 957 Fanum
485 906 569 956 cum
592 883 827 972 Briolinorio‚
855 890 894 956 ut
917 884 1079 982 largiore
1102 885 1250 958 lieentia
1274 891 1310 962 et
1334 909 1412 959 am-

90 1009 194 1106 pliore
220 1008 298 1106 ejus
324 1006 422 1080 filius
446 1007 544 1105 patri
573 1007 701 1082 similis
726 1015 977 1106 grassaretur3
1011 1009 1072 1106 qui
1096 1009 1242 1083 interim
1269 1011 1412 1108 majora

89 1133 233 1207 moliens
247 1131 386 1205 bobum
404 1133 634 1207 camertibus
653 1139 762 1229 atque
781 1133 1015 1208 Urbinatibus
1034 1133 1265 1209 machinatur
1283 1140 1335 1224 ut,
1354 1135 1413 1210 his

87 1256 260 1354 depressis
281 1257 380 1330 omni
405 1257 551 1348 Piceno,
578 1258 804 1332 concedente
833 1258 1018 1355 pontifice,
1052 1259 1155 1360 solus¹
1173 1259 1348 1356 potiatur,
1378 1265 1414 1332 et

88 1383 240 1471 demum,
269 1379 414 1454 altliotis
445 1381 626 1470 omnibus,
656 1388 781 1456 cetera
807 1383 931 1455 omnia
958 1382 1119 1456 Ecclesia
1145 1406 1298 1457 romane
1328 1385 1414 1481 jura

88 1511 187 1600 atque
203 1505 360 1601 imperia
378 1505 424 1578 ad
444 1528 482 1577 se
499 1504 635 1578 trahat.
656 1507 746 1578 Num
766 1528 871 1578 arces
891 1529 1017 1578 omnes
1035 1506 1230 1579 validiores
1250 1507 1413 1580 Ecclesie
1470 1597 1473 1606 ἱ

88 1634 120 1702 et
133 1628 318 1702 firmiores
342 1629 380 1702 in
399 1630 477 1728 ejus
496 1631 573 1727 jam
597 1653 677 1703 esse
701 1630 874 1704 dicuntur
898 1636 1094 1727 potestate,
1123 1631 1326 1727 Spoletum,
1348 1635 1415 1705 Ur-

88 1754 162 1826 bem
174 1757 363 1836 Veterem.
381 1753 504 1845 VeioS,
520 1756 717 1850 Nepesum,
735 1754 984 1846 Terracinam,
999 1755 1134 1829 Molem
1149 1754 1300 1828 Adriani
1317 1755 1413 1828 illius

87 1877 240 1974 presidio
261 1879 402 1965 teneri;
427 1883 464 1951 et
486 1879 633 1952 demum
656 1903 700 1952 eo
723 1883 870 1954 uentum
889 1879 1010 1970 luisse,
1032 1885 1072 1952 ut
1089 1881 1168 1978 ejus
1191 1880 1346 1954 arbitrio
1367 1881 1413 1954 ed

87 2001 220 2075 libitum
239 1993 364 2076 omnia
380 2002 646 2099 gubernentur,
666 2004 728 2100 qui
747 2027 821 2077 non
840 2009 1015 2101 tanquam
1032 2003 1142 2102 hujus
1161 2003 1304 2102 imperii
1327 2027 1413 2100 pro-

88 2130 195 2199 tector
214 2131 277 2200 aut
294 2127 381 2216 dux,
403 2126 467 2198 sed
484 2126 581 2200 velut
603 2127 721 2200 hostis
743 2127 995 2224 apertissimus
1013 2129 1138 2202 omnia
1155 2127 1354 2225 dilapidat;
1375 2128 1411 2200 in

87 2251 149 2324 boc
170 2251 406 2325 solummodo
430 2252 575 2349 agnitus
593 2249 700 2347 alque
723 2253 936 2326 carissimus
959 2253 1044 2349 quie
1062 2253 1260 2350 persimilis
1278 2253 1315 2325 in
1333 2275 1412 2326 om-

89 2399 146 2448 nes
164 2376 255 2450 adeo
273 2376 503 2472 perniciosus
522 2381 558 2449 et
576 2399 693 2466 sevus,
716 2383 754 2450 ut
769 2377 936 2473 judicare
951 2377 997 2450 sit
1016 2375 1270 2451 difficillimum
1288 2383 1412 2450 utrum

90 2523 209 2572 eorum
225 2499 538 2574 detestabiliorem
554 2505 685 2574 natura
697 2502 922 2598 produxerit.

131 2655 146 2690 u
164 2625 362 2722 Superiora
378 2647 486 2714 anno,
508 2648 592 2698 oum
611 2625 826 2698 exercituin
843 2625 1058 2698 Flaminiam
1078 2623 1326 2722 proficiscens,
1344 2647 1410 2721 per

89 2755 200 2822 terras
218 2748 382 2854 Ecclesie
399 2755 572 2846 tanquam
591 2773 659 2847 per
672 2772 801 2848 agrum
816 2749 987 2824 hostilem
999 2749 1277 2847 populabundus
1293 2749 1412 2824 inoes-

92 2879 202 2963 serat;
227 2873 375 2948 demum
398 2874 562 2971 spoliatis
585 2880 694 2972 atque
717 2876 755 2948 111
779 2875 930 2972 predam
950 2874 1043 2948 datis
1064 2873 1205 2971 oppidis
1230 2873 1409 2972 pluribus,

92 2998 129 3070 ad
143 2999 347 3072 Fauentiam
366 2999 574 3073 devenerat.
594 3004 746 3076 Vesteta
765 3004 843 3074 erat
860 2999 897 3073 in
914 2998 1142 3096 protectione
1160 2998 1309 3072 Umbria
1328 3021 1411 3070 cum

92 3121 200 3195 Piceni
219 3130 324 3219 parte
342 3127 379 3198 et
397 3129 473 3197 tota
494 3123 682 3198 Flaminia.
706 3128 848 3221 Equum
868 3125 1061 3200 uidebatur
1081 3123 1296 3220 protectioni
1317 3123 1414 3196 redi-

92 3249 158 3317 tum
173 3247 394 3344 persimilem
410 3249 617 3339 ostendere,
638 3256 746 3347 atque
766 3250 942 3324 reductus
958 3255 1014 3323 est
1029 3247 1212 3323 exercitus
1228 3247 1275 3321 ad
1289 3247 1413 3321 Plum-

92 3367 202 3446 biuum
231 3373 391 3470 primurn
421 3373 553 3448 deinde
585 3375 631 3448 ad
662 3375 792 3448 urbem
822 3373 1144 3464 Florentinorum3
1175 3373 1223 3446 ibi
1256 3372 1410 3469 placatis

93 3495 266 3586 omnibus,
295 3521 364 3570 neo
395 3499 590 3594 quiequam
621 3497 867 3574 metuentibus
902 3497 1142 3588 Florentiola,
1174 3520 1241 3593 per
1272 3495 1410 3590 aliquot

93 3616 157 3691 dies
184 3621 384 3718 predarum
413 3621 563 3697 lieentia
591 3627 727 3698 statuta
757 3623 896 3714 habita,
931 3627 968 3697 et
998 3621 1168 3695 omnibus
1195 3613 1410 3694 concessum

95 3746 219 3818 tantum
236 3769 371 3844 repere
390 3751 426 3821 et
446 3748 605 3844 diripere
624 3755 800 3844 quantum
819 3747 1014 3844 unicuique
1037 3746 1214 3821 libuisset.
1237 3745 1326 3819 Boni
1345 3745 1412 3818 du·
1483 3775 1499 3788 ·

94 3866 136 3940 cis
151 3869 345 3967 imperium
366 3873 478 3946 secuti
499 3872 633 3947 milites
651 3873 773 3946 omnia
792 3872 942 3968 rapinis,
963 3870 1110 3968 stupris,
1129 3869 1279 3945 cedibus
1300 3874 1336 3942 et
1354 3869 1412 3944 in-

95 3993 217 4067 cendiis
236 3995 416 4069 miscuere
439 4021 447 4071 :
473 3998 604 4094 serpsit
626 3997 734 4094 hujus
758 3997 844 4070 mali
867 3976 969 4070 labes
991 3997 1037 4070 ad
1057 3995 1221 4070 subditos
1238 3994 1407 4092 populos,

96 4119 251 4214 tanquam
277 4120 451 4194 morbosa
475 4122 659 4220 contagio,
685 4127 794 4218 atque
821 4121 1036 4210 Tudertum‚
1060 4118 1279 4208 Viterbium,
1306 4123 1408 4207 Rota,

96 4239 202 4331 Tibur,
227 4243 390 4341 insignes
412 4245 586 4336 ciuitates,
613 4269 697 4320 eum
722 4251 850 4319 contra
867 4245 957 4318 alios
978 4245 1122 4319 adesset
1142 4243 1328 4340 pugnandi
1350 4247 1412 4316 aut

97 4366 246 4462 rapiendi
262 4369 427 4460 materia,
445 4370 543 4443 intra
558 4394 596 4443 se
618 4379 760 4444 vertere
776 4393 897 4460 arma,
917 4369 977 4444 ubi
995 4369 1099 4443 ducis
1114 4367 1291 4442 sactiones
1302 4366 1411 4464 hujus

97 4491 379 4568 subordinatione
402 4501 439 4570 et
460 4496 624 4572 facinore
647 4501 684 4569 et
711 4501 881 4592 preterea
904 4500 1113 4592 temporum
1135 4493 1283 4568 licentia
1310 4492 1407 4580 nixe,

96 4619 263 4712 oppressis
282 4619 511 4712 adversariis,
540 4621 640 4694 ferro
665 4627 702 4696 et
727 4621 878 4694 oedibus
903 4625 1035 4694 cuneta
1059 4618 1314 4714 impleverunt,
1336 4615 1410 4688 cesi

96 4743 189 4836 atque
204 4741 407 4817 obtruncati
429 4745 613 4819 innumeri
633 4767 762 4820 eorum
779 4745 875 4819 cives
896 4749 936 4816 ut
958 4767 1001 4815 ex
1024 4742 1093 4815 illis
1112 4741 1197 4814 editi
1218 4745 1356 4837 pertua,
1383 4739 1411 4812 si

95 4883 203 4938 mares
223 4868 357 4956 forent,
382 4892 428 4943 ne
448 4869 521 4944 dati
540 4870 577 4942 111
595 4870 729 4959 lucem,
757 4869 864 4942 simul
887 4873 922 4941 et
945 4868 980 4940 in
1003 4872 1160 4940 mortem
1182 4869 1410 4961 raperentur.

95 4987 172 5063 Cum
197 4992 345 5064 interim
371 4992 488 5066 bonus
516 4993 680 5090 pontifex
710 4995 783 5071 suis
811 4992 1022 5066 lihidinibus
1048 4991 1221 5077 intentus,
1250 5010 1414 5085 gemmas

96 5112 239 5210 undique
260 5121 297 5188 et
320 5117 473 5190 monilia
493 5119 700 5215 conquirat,
725 5118 857 5214 quibus
875 5115 1002 5204 liliam,
1023 5137 1090 5211 per
1113 5113 1233 5187 scelus
1253 5112 1414 5210 nephan-

96 5233 170 5310 dum
187 5239 253 5313 sibi
270 5241 516 5332 conciliatam,
538 5241 625 5328 luxu
643 5241 806 5316 inaudito
828 5244 1057 5328 exornatam,
1081 5238 1118 5312 in
1139 5237 1414 5312 matrimonium
