3520 6036
314 625 367 681 362
773 618 948 679 JOHANNIS
972 618 1195 694 BURCHARDI,
1463 622 1563 685 lludlet
1577 623 1652 684 tout]

315 779 403 855 dixit
420 777 510 854 mihi
528 778 624 874 quod
641 781 763 850 orator
779 775 1012 851 Florentinus
1037 775 1193 851 debebat
1215 778 1286 854 hcc
1311 802 1419 856 mene
1447 781 1649 879 precedere

316 909 499 980 oratorem
515 902 789 992 lllontislerrati3
808 907 842 977 et
858 901 911 976 sic
926 901 1065 976 lactum
1082 906 1150 977 est.
1169 903 1312 979 Primus
1332 929 1463 1004 aquam
1485 905 1651 980 manibus

315 1035 412 1128 Papo
433 1030 532 1103 dedit
547 1028 757 1127 capitaneus
776 1027 912 1126 palatii,
933 1051 1048 1126 nepos
1069 1031 1187 1126 Pape;
1208 1032 1389 1106 secundus
1411 1036 1535 1106 orator
1548 1035 1652 1105 Mon·

317 1151 504 1244 tislerrati;
534 1155 661 1229 tertius
692 1157 816 1228 orator
847 1153 1157 1246 Florentinorum;
1183 1163 1331 1253 quartus
1359 1165 1505 1232 senator
1530 1157 1647 1231 Urbis,
1756 1157 1757 1250 3

316 1281 433 1356 Finita
447 1279 558 1353 missa
573 1287 608 1353 et
624 1279 855 1376 indulgentiis
885 1279 1057 1377 plenariis
1084 1305 1149 1378 per
1176 1283 1398 1358 cardinalem
1426 1307 1455 1356 s.
1478 1283 1649 1358 Praxedis

318 1407 547 1481 assistentem
568 1405 762 1496 nunciatiS,
791 1409 889 1502 Papa
913 1405 1076 1479 ascendit
1097 1405 1143 1480 ad
1172 1407 1349 1505 palatium
1372 1407 1434 1482 ubi
1456 1415 1558 1482 erant
1580 1409 1650 1482 due

317 1533 447 1606 chinee
485 1555 568 1605 oum
597 1529 826 1604 iurnimentis
855 1534 893 1603 et
921 1531 1145 1605 ornamentis
1176 1533 1459 1630 pulcherrimis:
1498 1534 1649 1631 primam
1756 1519 1757 1584 Ῐ

316 1657 489 1756 prestavit
506 1660 548 1731 D.
570 1657 763 1747 RoDertus,
781 1655 972 1753 episcopus
989 1657 1229 1747 Redonensis,
1251 1663 1373 1732 orator
1388 1659 1485 1756 regis
1503 1659 1649 1733 Francie

317 1781 466 1858 nomine
485 1781 649 1879 ejusdem
671 1779 768 1877 regis
794 1803 860 1876 pro
884 1803 997 1855 censu
1020 1782 1126 1879 regni
1157 1783 1374 1880 Napolitani.
1411 1787 1509 1880 Papa
1539 1783 1646 1856 dixit:

321 1939 338 1977 «
368 1909 608 2004 Acceptamus
622 1906 698 1980 sine
714 1905 830 1978 nostri
847 1910 884 1980 et
903 1906 1010 1979 alieni
1029 1907 1124 2004 juris
1146 1907 1351 2006 prejudicio
1370 1933 1409 1996 »3
1436 1908 1522 1983 inde
1544 1909 1648 1982 eliam

320 2037 362 2109 D.
382 2033 594 2107 Franciscus
610 2035 742 2130 RoyaS,
761 2035 884 2105 orator
899 2031 996 2129 regis
1014 2032 1269 2130 Hispaniarum
1285 2033 1345 2130 qui
1360 2034 1449 2133 legit
1461 2058 1507 2108 ex
1526 2033 1649 2108 cedula

321 2157 516 2256 quamdam
531 2155 832 2256 protestationem
851 2157 953 2253 quasi
970 2157 1079 2232 medii
1092 2157 1182 2232 lolii.
1201 2161 1300 2255 Papa
1314 2159 1506 2256 respondit
1525 2159 1649 2231 simili-

320 2292 398 2360 ter:
421 2309 440 2358 c
456 2287 696 2382 acceptamus
710 2279 915 2356 sinenostri
927 2287 963 2356 et
974 2281 1081 2356 alieni
1092 2281 1186 2380 juris
1197 2283 1402 2382 prejudicio
1418 2314 1435 2352 a
1449 2285 1540 2358 :alia
1550 2307 1648 2357 more

319 2411 441 2485 solito.

369 2541 480 2627 Lune,
503 2542 515 2609 l
535 2535 630 2634 julii,
652 2535 719 2610 luit
735 2531 991 2608 consistorium
1009 2538 1192 2608 secretum
1210 2534 1246 2606 in
1268 2560 1339 2632 quo
1363 2541 1406 2610 D.
1432 2533 1651 2608 Benedictus

319 2663 497 2754 deSenis‚
518 2669 732 2760 procurator
758 2685 787 2733 s.
814 2659 983 2756 Spiritus,
1012 2659 1078 2733 luit
1101 2659 1216 2732 lactus
1242 2661 1353 2734 abbas
1378 2659 1591 2734 monasterii
1620 2685 1648 2732 s.

320 2788 482 2887 Gregorii
498 2789 544 2861 de
564 2787 659 2862 Urbe
678 2810 745 2884 per
765 2785 905 2860 obitum
924 2785 1021 2859 Petri
1038 2786 1081 2859 de
1100 2784 1320 2883 Migonibus,
1338 2787 1536 2860 inromane
1553 2786 1653 2860 curia

317 2913 491 3004 defuncti,
512 2935 596 2986 cum
612 2913 761 2986 decreto
778 2912 872 3010 quod
897 2911 1126 3009 preceptoria
1142 2915 1246 2985 vacet
1264 2917 1347 2986 ante
1368 2911 1647 2986 consistorium:

316 3039 508 3137 episcopus
524 3037 728 3127 NaulensiS,
747 3037 1010 3134 majordomus,
1028 3037 1073 3110 de
1105 3037 1254 3134 speciali
1277 3037 1539 3128 commissioni,
1568 3059 1649 3110 ora·
1756 3125 1757 3142 ,

317 3163 399 3238 culo
415 3163 490 3236 vive
505 3163 602 3237 vocis
621 3162 688 3236 sibi
704 3161 814 3252 lacto,
833 3161 997 3260 spoliavit
1014 3162 1134 3259 ipsum
1154 3165 1196 3235 D.
1216 3163 1453 3238 Benedictum
1472 3167 1600 3240 habitu
1617 3192 1646 3238 s.
1756 3235 1757 3240 ,

318 3288 472 3386 Spiritus
487 3287 644 3380 etinduit
659 3311 743 3362 eum
759 3287 886 3362 habitu
910 3313 940 3361 s.
974 3287 1174 3378 Benedicti,
1196 3294 1365 3385 presente
1391 3293 1433 3365 D.
1463 3291 1642 3378 Gutterio‚

316 3414 376 3511 qui
391 3411 549 3488 restituit
564 3411 684 3487 eidem
699 3417 741 3486 D.
761 3411 957 3488 Benedicta
978 3411 1094 3510 spolia
1108 3415 1145 3486 et
1160 3413 1311 3504 mulam,
1335 3413 1421 3512 quie
1440 3439 1513 3490 non
1537 3415 1648 3492 debe-

315 3539 377 3615 bat
390 3563 427 3614 se
439 3540 476 3614 in
493 3539 551 3612 his
570 3537 810 3614 intromittere
824 3539 862 3611 in
876 3536 1119 3636 prejudicium
1132 3545 1314 3613 nostrum.

364 3666 549 3758 Mercurii,
571 3669 590 3739 3
604 3664 697 3763 julii,
716 3664 783 3765 fuit
797 3663 1051 3738 consistorium
1067 3663 1251 3762 publicum
1269 3666 1304 3739 in
1324 3689 1395 3764 quo
1411 3667 1650 3745 Venerabiles

314 3795 389 3868 DD.
408 3793 566 3866 lacobus
581 3794 699 3881 Betto,
718 3790 890 3864 diaconus
916 3789 1069 3864 ecclesie
1097 3791 1359 3888 Guasquensis,
1374 3793 1513 3866 electus
1542 3792 1652 3867 abbas

313 3917 527 3993 monasterii
547 3918 591 3991 de
608 3915 812 3990 Dumlernil
826 3939 854 3988 s.
874 3916 1017 3990 Andree
1037 3915 1191 3990 diecesis
1207 3923 1244 3990 et
1259 3920 1446 3992 Garronus
1470 3919 1647 4008 Dumbar,

315 4041 476 4115 decanus
492 4041 742 4133 Moravieusis,
758 4043 924 4114 oratores
937 4040 1168 4131 illustrissimi
1183 4045 1202 4114 J
1205 4041 1309 4115 acobi
1321 4043 1439 4140 quarti
1452 4045 1649 4118 Scotorum

256 4260 258 4264 j
314 4167 410 4266 regis
427 4166 663 4265 prestiterunt
679 4166 861 4266 publicam
877 4169 913 4238 et
930 4163 1073 4239 solitam
1093 4165 1341 4242 obedientiam
1361 4169 1424 4242 SS.
1443 4171 1487 4243 D.
1506 4177 1646 4243 nostro.

312 4301 352 4372 ln
373 4297 494 4394 prima
515 4295 599 4370 aula
617 4295 687 4394 ipsi
718 4296 999 4392 expectaverunt
1023 4292 1061 4365 in
1089 4317 1238 4367 camera
1268 4294 1349 4368 Rmi
1378 4299 1420 4368 D.
1455 4296 1650 4370 cardinalis

314 4421 488 4498 Grimani.
503 4421 779 4496 Primuseorum
790 4417 1101 4510 fecitorationom,
1116 4423 1159 4493 D.
1173 4421 1358 4495 lohannes
1368 4421 1650 4495 Bartholomeus

315 4547 359 4622 de
374 4549 497 4624 Rossis
510 4546 700 4646 proposuit
714 4545 868 4644 primam
884 4543 1194 4635 commissionem,
1218 4545 1403 4620 lohannes
1426 4548 1649 4620 Gozzadinus

315 4673 527 4748 secundam.
546 4673 655 4747 Lecte
671 4670 817 4746 luerunt
832 4670 951 4746 littere
974 4670 1013 4744 in
1034 4694 1234 4768 personam
1259 4695 1401 4762 eorum,
1424 4672 1560 4746 deinde
1577 4673 1650 4745 ins-

315 4805 535 4874 trumentum
551 4796 736 4896 puhlicum
751 4819 818 4893 per
833 4795 1017 4869 notarium
1036 4797 1298 4894 subscriptum,
1313 4797 1343 4870 si
1361 4802 1460 4872 recte
1482 4797 1647 4886 memini,

315 4925 437 5022 inquo
454 4929 560 4999 erant
577 4924 684 4998 ambo
705 4922 894 4997 nominati.
913 4921 1163 4997 Interluerunt
1182 4922 1307 5020 viginti
1329 4947 1421 4996 unus
1447 4924 1651 4998 cardinales

314 5049 480 5123 videlicet
510 5047 779 5147 Neapolitanae,
810 5046 1075 5140 UlixboneusiS,
1098 5047 1371 5138 Rccanatensis,
1404 5073 1433 5121 s.
1460 5047 1647 5136 Praxedis,

315 5174 554 5266 camerarius,
571 5174 850 5264 Alexandrinus,
871 5173 1077 5266 Grimanus,
1101 5174 1303 5272 Regiensis,
1329 5174 1562 5264 Gusentinus,
1590 5176 1651 5248 Sa·

314 5301 530 5390 lernitanus,
557 5303 844 5391 Beneventanus,
876 5300 1128 5392 Bononiensis,
1152 5301 1425 5390 volaterranus,
1443 5297 1488 5374 de
1515 5299 1645 5390 Flisco,
