3590 6042
344 553 379 606 38
509 628 513 636 ι
793 550 969 608 JOHANNlS
994 547 1216 617 BUHCHARDI,
1508 548 1591 610 [Avril
1609 549 1689 612 15⁰⁰]

346 727 443 794 eum,
463 709 574 800 prout
595 703 776 792 consuevi,
799 707 838 776 ut
860 701 965 776 nobis
988 706 1024 774 et
1047 702 1288 776 servientibus
1310 723 1501 776 armorum
1523 702 1569 774 de
1590 725 1689 775 con-

347 828 458 901 suetis
476 829 609 902 strenis
627 828 871 918 satisfaceret;
893 851 1001 922 quem
1026 851 1149 899 ensem
1172 825 1369 900 servientes
1387 849 1578 900 armorum
1598 832 1689 924 post

347 977 404 1025 me
427 957 627 1045 currentes,
648 977 803 1025 numere
826 951 1020 1024 duedecim
1041 952 1098 1023 vel
1121 951 1229 1040 circa,
1251 975 1365 1047 usque
1390 952 1435 1024 ad
1460 951 1584 1024 aulam
1602 974 1689 1024 ma·

347 1101 455 1173 gnam
474 1077 598 1174 palatii
617 1077 704 1150 milri
722 1079 754 1150 vi
773 1101 817 1149 ex
833 1075 1000 1149 manibus
1024 1075 1166 1172 eripere
1184 1076 1380 1150 voluerunt
1396 1079 1434 1149 et
1455 1099 1530 1148 non
1549 1081 1689 1172 potue-

346 1207 448 1290 runt3
473 1201 682 1298 supervenit
706 1201 952 1274 Bernardinus
976 1201 1021 1272 de
1043 1199 1207 1289 Tiburte,
1230 1199 1473 1274 cancellarius
1498 1201 1688 1298 capitanei

291 1372 293 1376 -
348 1331 453 1422 perte
481 1327 604 1422 palatii
631 1326 691 1422 qui
719 1349 802 1398 eum
826 1325 967 1421 recepit
993 1349 1014 1397 a
1041 1348 1100 1396 me
1126 1324 1163 1396 in
1190 1325 1396 1423 depositum
1425 1327 1470 1398 de
1500 1348 1689 1399 consensu

347 1451 509 1540 illorum,
531 1456 670 1548 etpost
692 1452 886 1548 prandium
910 1473 1034 1522 ensem
1056 1449 1176 1546 ipsum
1200 1451 1245 1522 ad
1269 1473 1327 1522 me
1348 1450 1503 1523 remisit.
1524 1454 1690 1524 —Note
1793 1523 1794 1538 ,

349 1575 583 1648 servientium
617 1599 807 1648 armerum
840 1573 1097 1649 bestialitatem
1130 1579 1166 1648 et
1198 1574 1491 1670 injuriam-mibi
1522 1575 1687 1660 iactam
1793 1661 1794 1682 ,

349 1705 485 1788 tamen,
508 1699 593 1795 quia
609 1705 737 1798 postea
752 1724 811 1772 me
829 1705 1064 1796 rogaverunt,
1086 1700 1207 1772 remisi
1227 1699 1279 1773 eis
1298 1699 1432 1773 omnia.
1793 1773 1794 1776 ,

400 1823 558 1898 Sabbate
582 1825 619 1897 in
642 1825 745 1911 albis,
768 1829 812 1898 25
831 1823 986 1921 predicti
1005 1823 1153 1915 mensis,
1176 1824 1267 1897 leste
1288 1849 1316 1897 s.
1338 1825 1464 1914 Marci,
1485 1829 1528 1898 R.
1550 1829 1593 1898 D.
1616 1829 1690 1898 Pe·

350 1954 442 2034 trus
462 1950 655 2046 episeopus
671 1950 883 2037 Calmensis‚
900 1949 1098 2022 celebravit
1110 1949 1257 2022 missam
1272 1949 1475 2024 solemnem
1487 1951 1525 2022 in
1541 1951 1690 2046 capella
1793 1943 1794 1996 t

352 2075 492 2170 mejero
513 2074 651 2170 palatii,
673 2079 772 2170 Papa
794 2080 983 2171 presente;
1005 2075 1128 2148 emnie
1143 2075 1687 2164 observatasuntmereselite,
1793 2091 1794 2172 ,

352 2204 388 2271 et
411 2199 509 2271 dicta
530 2199 641 2272 missa
666 2199 746 2296 ipsa
773 2201 818 2271 de
846 2199 995 2292 sabbato
1024 2199 1203 2296 predicte,
1230 2204 1267 2272 et
1295 2224 1367 2272 non
1395 2200 1441 2272 de
1470 2200 1575 2291 leste,
1600 2223 1689 2272 cum

353 2325 764 2397 commemorationibus
795 2325 937 2420 inipso
970 2323 1122 2398 sabbate
1154 2324 1343 2398 ordinatis.
1375 2326 1565 2398 Processio
1594 2325 1688 2398 cleri

330 2450 460 2534 ¹Urbis
487 2450 548 2522 ivit
575 2450 621 2522 ad
650 2450 842 2524 eeclesiam
871 2475 900 2522 s.
930 2450 1056 2540 llerci,
1088 2454 1125 2522 ut
1151 2450 1264 2522 moris
1293 2454 1370 2536 est3
1401 2451 1465 2522 sed
1492 2450 1528 2522 in
1556 2451 1689 2522 eadem

354 2575 509 2648 ecclesia
536 2574 647 2648 missa
670 2576 779 2648 etiam
805 2575 903 2649 dicta
930 2580 985 2647 est
1012 2576 1056 2647 de
1086 2575 1236 2648 sabbate
1266 2575 1432 2672 predicte
1460 2579 1497 2647 et
1524 2573 1690 2647 efficium

353 2725 382 2774 s.
407 2701 521 2774 Marci
550 2701 766 2774 translatum
792 2701 828 2772 in
853 2701 980 2774 leriam
1004 2701 1202 2775 secundam
1231 2704 1459 2796 sequentem,
1485 2700 1542 2772 cui
1564 2700 1690 2774 nullus

354 2825 550 2899 cardinalis
566 2825 732 2897 interfuit
748 2829 873 2921 preter
893 2829 1202 2898 Beneventanum.
1793 2911 1794 2914 Ἴ

403 2949 540 3022 Eadem
564 2948 637 3039 die,
663 2949 761 3022 circa
787 2950 918 3023 horam
945 2951 1158 3048 vigesimam
1183 2955 1364 3048 quartam,
1389 2952 1479 3026 obiit
1504 2957 1629 3026 Rmus.
1654 2953 1689 3025 in

355 3072 499 3148 Christo
519 3077 558 3146 P.
580 3077 621 3146 D.
644 3074 937 3166 Bartholomeus,
961 3076 1056 3150 tituli
1074 3102 1102 3150 s.
1121 3078 1261 3173 Agathe
1280 3079 1473 3176 presbyter
1491 3079 1690 3152 cardinalis
1793 3059 1794 3068 ἵ

356 3197 642 3294 Segobricensis‚
661 3203 787 3288 Rome,
803 3199 840 3272 in
857 3201 966 3272 deme
982 3225 1059 3291 sua,
1076 3201 1113 3274 in
1129 3204 1266 3298 Campe
1282 3203 1425 3276 Martio.
1442 3206 1540 3300 Papa
1556 3203 1689 3276 eodem
1793 3249 1794 3294 ,

356 3347 439 3396 sero
456 3323 556 3396 misit
577 3324 664 3396 illue
683 3325 822 3398 socium
845 3349 968 3398 meum
991 3332 1031 3400 ut
1054 3327 1245 3400 ordinaret
1266 3327 1401 3419 emnia,
1421 3333 1457 3401 et
1478 3327 1578 3402 lecit.
1598 3329 1690 3402 lnti-
1793 3367 1794 3430 3

356 3453 495 3522 matum
521 3449 588 3522 luit
614 3473 682 3546 pre
709 3454 813 3548 parte
842 3456 1062 3526 RRmerum.
1090 3455 1165 3526 be.
1187 3453 1416 3549 Agrigentini
1445 3457 1482 3528 et
1509 3455 1687 3550 Capuam,

355 3581 621 3673 exequuturum
650 3577 857 3650 testamenti
888 3577 1085 3662 cardinalis
1121 3577 1296 3666 defuncti,
1323 3578 1491 3651 omnibus
1518 3579 1690 3653 cardina·

356 3702 449 3776 libus
470 3700 605 3774 familie
629 3705 725 3798 Pape
754 3702 963 3774 oratoribus
991 3707 1028 3775 et
1055 3702 1147 3788 aliis,
1169 3725 1273 3776 more
1302 3703 1422 3792 solite,
1444 3708 1480 3777 et
1501 3705 1690 3777 conventi·
1793 3757 1794 3798 3

356 3827 436 3915 bue,
459 3825 602 3899 decima
618 3849 716 3898 nona
732 3825 837 3914 here,
859 3825 1106 3900 dominicale
1130 3827 1216 3900 dieti
1236 3828 1372 3900 mensis
1394 3828 1532 3926 aprilis,
1553 3829 1690 3903 vellent

358 3952 536 4024 interesse
557 3950 690 4048 vigiliis
714 3956 750 4023 et
774 3951 961 4048 sepulture
987 3953 1185 4026 cardinalis
1209 3953 1379 4050 predicti.
1402 3957 1608 4028 Conventus
1630 3979 1691 4027 ve-

357 4080 492 4150 nerunt
520 4077 662 4150 tardius
688 4099 796 4172 quam
827 4077 1033 4150 cardinales
1059 4101 1067 4150 :
1092 4083 1293 4151 cenventus
1321 4103 1350 4150 s.
1377 4079 1571 4177 Augustini
1599 4081 1690 4153 dixit
1793 4063 1794 4068 ¹

357 4225 545 4299 vesperes;
569 4202 865 4290 Carmelitarum‚
884 4203 1046 4298 primum
1063 4207 1305 4292 nocturnum;
1324 4204 1525 4278 secundum
1542 4210 1692 4279 noctur-

358 4351 447 4402 num
472 4327 644 4400 dixerunt
666 4327 800 4400 iratres
826 4327 1000 4419 Minerve,
1027 4332 1063 4402 et
1091 4329 1212 4401 clerus
1236 4353 1265 4400 s.
1297 4327 1410 4418 Petri,
1440 4329 1573 4404 laedes,
1599 4331 1691 4404 Dedi

359 4450 512 4550 singulis
534 4451 796 4525 comitantibus
820 4455 896 4525 tres
918 4453 1104 4543 candelas,
1130 4458 1166 4526 et
1190 4477 1258 4550 pre
1282 4432 1414 4526 itinere
1438 4455 1521 4528 date
1543 4455 1692 4528 luerunt

358 4578 429 4650 due
452 4581 594 4650 tantum
618 4576 783 4675 singulis.
808 4579 1058 4652 lnterluerunt
1080 4577 1251 4652 undecim
1275 4578 1495 4668 cardinales
1521 4579 1691 4654 videlieet

358 4701 632 4793 Reeanetensis,
659 4725 688 4774 e.
714 4701 924 4794 Clementis
947 4706 1237 4792 Beneventanus,
1257 4729 1286 4776 s.
1310 4705 1498 4793 praxedis,
1521 4705 1688 4790 Ursinus,
1793 4717 1794 4726 ³

357 4826 638 4916 Alexandrinus,
661 4851 689 4898 s.
717 4827 855 4916 Crucis,
878 4831 1083 4925 Capuanus,
1110 4829 1294 4919 Senensis
1319 4829 1515 4904 Cesarinus
1543 4833 1580 4903 et
1603 4832 1693 4902 Far-

358 4956 494 5028 nesius.

405 5083 445 5151 In
464 5081 560 5169 aula,
576 5081 681 5176 juxta
703 5079 872 5169 cadaver,
895 5079 1015 5177 posita
1032 5081 1179 5153 luerunt
1202 5103 1223 5152 a
1246 5080 1411 5176 quelibet
1434 5079 1551 5154 latere
1575 5081 1694 5154 unde·

359 5205 430 5278 cim
450 5203 649 5290 intorticia,
670 5211 705 5278 et
724 5229 837 5278 unum
856 5206 902 5278 ad
921 5209 1086 5302 caputet
1105 5206 1204 5278 aliud
1222 5207 1267 5278 ad
1287 5206 1399 5301 pedes
1409 5231 1419 5296 λ;
1441 5205 1692 5281 interfuerunt
