3590 6042
104 567 285 634 [1010011000]
429 563 555 622 RERUM
582 563 807 634 URBANARUM
831 566 1094 627 COMMENTARll.
1390 574 1424 628 67

105 721 169 809 nis,
186 723 356 792 cantores
372 721 408 790 et
422 717 636 792 subdiaconi
653 742 696 792 ac
711 719 888 793 diaconus
902 721 1056 817 capelle,
1076 721 1286 795 celebrante
1301 725 1427 797 nescio

105 869 181 942 quo,
206 845 403 916 cantarunt
424 841 576 916 missam
602 843 805 918 solemnem
833 845 880 918 ad
903 845 1052 918 laudem
1082 846 1241 944 gloriose
1262 848 1428 945 Virginis
1493 817 1499 830 ⁸

105 969 210 1044 llarie
227 993 298 1066 que
316 969 380 1042 SS.
401 970 444 1041 D.
465 971 634 1042 nostrum
653 994 675 1043 a
691 971 860 1067 periculo
878 971 1093 1067 supradicto
1117 971 1263 1046 illesum
1280 997 1428 1070 preser-

106 1100 227 1170 rasset.
926 1095 927 1103 ’

148 1221 319 1309 Sabbata,
341 1225 362 1292 0
385 1218 473 1294 dicti
496 1219 634 1292 mensis
651 1219 747 1316 julii,
770 1222 832 1294 SS.
860 1225 902 1294 D.
925 1225 1065 1310 noster,
1082 1220 1222 1294 vocatis
1242 1222 1344 1296 circa
1361 1221 1429 1298 bo·

106 1369 177 1419 ram
201 1345 295 1442 (1)...
322 1346 369 1420 01
396 1370 434 1418 00
461 1345 608 1418 RRmis.
634 1349 708 1418 DD.
737 1345 988 1420 cardinalibus
1015 1371 1044 1419 s.
1075 1349 1268 1436 Praxedis,
1294 1351 1429 1424 Montis

106 1472 253 1570 Regalis,
272 1471 537 1559 Alexandrino,
552 1470 791 1568 Agrigentino
808 1475 844 1544 et
861 1473 1048 1569 Capuano,
1067 1474 1112 1546 de
1129 1498 1257 1547 eorum
1274 1476 1428 1550 consilio

107 1596 254 1694 prandit
271 1596 430 1670 ecclesie
448 1595 616 1672 Valentie
640 1620 707 1692 per
726 1595 868 1670 obitum
885 1597 1084 1672 cardinalis
1102 1599 1249 1697 Burgie,
1271 1601 1429 1696 pastoris

107 1723 226 1795 solatio
248 1722 428 1794 destitute
449 1724 492 1795 D.
518 1721 703 1795 Ludovico
726 1721 874 1820 Borgic,
900 1723 1008 1795 militi
1033 1724 1175 1797 ordinis
1198 1751 1226 1797 s.
1251 1727 1429 1800 tohannis

107 1847 436 1946 Hierosolymitani,
457 1846 562 1920 tratri
581 1847 667 1920 dicti
688 1847 887 1920 cardinalis
906 1848 1082 1923 defuncti.

147 1972 249 2047 Faria
265 1972 409 2070 quinta,
431 1977 452 2044 9
472 1971 637 2070 ejusdem
657 1971 806 2062 mensis,
828 1971 1006 2063 inmane,
1028 1975 1065 2046 in
1090 1977 1214 2049 castro
1233 2001 1263 2048 s.
1282 1977 1425 2075 Angeli‚

107 2098 187 2170 obiit
208 2101 251 2171 D.
277 2098 442 2172 lacobus
469 2099 514 2171 dc
538 2099 769 2186 Sermoneta,
789 2098 887 2170 sedis
908 2099 1111 2196 apostolice
1135 2103 1427 2197 protonotarius,

106 2223 157 2318 qui
168 2222 260 2297 hora
275 2245 517 2320 vesperarum
528 2221 599 2295 diei
612 2222 767 2319 predicti
784 2227 954 2319 portatus
968 2223 1034 2297 luit
1047 2225 1091 2298 de
1105 2225 1204 2299 dicto
1217 2232 1353 2318 castro,
1368 2251 1431 2325 po-

107 2349 187 2420 situs
205 2349 241 2422 in
258 2353 362 2422 reste
381 2348 488 2447 nigra
506 2347 647 2444 quanti
667 2351 908 2422 consueverat
926 2373 1038 2446 super
1062 2351 1296 2441 catalectum,
1318 2353 1430 2449 pallio

110 2479 311 2570 coopertus,
330 2472 722 2548 associatus'alamilia
738 2473 832 2546 Rmi.
845 2476 885 2546 D.
898 2475 1096 2548 cardinalis
1114 2476 1159 2548 de
1179 2477 1366 2566 Daroecla,
1384 2479 1429 2550 ad

109 2599 290 2674 ecclesiam
315 2623 346 2672 s.
366 2599 618 2673 Bar-tholomei
642 2597 680 2671 in
704 2599 791 2688 sala,
816 2598 878 2672 ubi
897 2599 1155 2697 discoopertus
1177 2600 1245 2674 luit
1268 2626 1289 2673 a
1311 2607 1430 2676 matre

108 2729 138 2795 et
158 2725 347 2798 sororibus
370 2731 406 2798 et
428 2725 649 2814 allionicus,
677 2724 810 2799 deinde
838 2725 874 2796 in
902 2725 1031 2798 cadem
1055 2725 1212 2799 ecclesia
1234 2727 1426 2823 sepultus:

108 2851 301 2946 requiescat
320 2850 357 2924 in
376 2853 482 2949 pace!

150 2981 267 3050 ltmus.
300 2981 346 3050 D.
375 2974 576 3050 cardinalis
609 2975 865 3048 Ulixbonensis
897 2976 959 3072 qui
991 2976 1050 3048 die
1082 2976 1229 3066 martis,
1261 2979 1305 3048 13
1335 2975 1428 3072 junii

111 3104 260 3199 proxime
287 3101 460 3200 preteriti
487 3101 524 3174 in
551 3123 658 3174 mane
687 3101 912 3197 equitaverat
940 3101 986 3175 od
1013 3101 1203 3198 palatium,
1232 3101 1429 3200 prandium

110 3227 258 3302 tacturus
281 3253 369 3302 cum
391 3231 497 3302 Rmo.
520 3229 561 3300 D.
583 3226 762 3301 cardinali
785 3253 814 3300 0.
837 3227 1029 3318 Praxedis;
1052 3232 1088 3300 et
1110 3233 1193 3324 post
1215 3228 1426 3324 prandium,

110 3352 187 3428 bora
202 3355 392 3452 vigesima,
412 3353 607 3428 habiturus
626 3353 852 3426 audientiam
872 3377 893 3426 a
911 3356 974 3427 SS.
997 3357 1039 3426 D.
1059 3357 1201 3442 nostro,
1218 3353 1429 3451 hujusmodi

110 3481 279 3574 quoddam
296 3479 470 3554 accidens
491 3482 755 3575 supervenerat
772 3483 928 3576 proptor
947 3479 1044 3575 quod
1068 3501 1141 3552 non
1160 3483 1306 3574 poterat
1326 3501 1364 3550 se
1384 3479 1429 3550 de

112 3605 184 3678 sede
208 3607 243 3678 in
267 3629 345 3703 qua
371 3609 451 3678 erat
473 3627 640 3692 movere;
666 3608 702 3678 et
725 3607 837 3700 Papa,
857 3604 928 3676 hoc
948 3603 1150 3692 intellecto,
1174 3627 1240 3699 per
1259 3625 1429 3676 cameras

112 3730 261 3828 magistri
290 3733 425 3805 domus
452 3755 516 3803 sue
543 3729 737 3819 transiens,
765 3729 810 3801 ad
839 3752 924 3802 eum
941 3732 1092 3800 venerat
1119 3733 1168 3816 et,
1193 3728 1280 3801 data
1306 3728 1339 3826 ei
1363 3751 1428 3800 au-

106 3854 247 3947 dientia,
265 3857 452 3932 Sanctitas
475 3880 541 3929 sua
563 3854 787 3952 pastoralem
810 3858 1030 3944 mutaverat,
1051 3854 1088 3926 in
1111 3878 1183 3950 qua
1205 3854 1283 3950 ipse
1308 3853 1428 3926 cardi-

112 3981 191 4054 nalis
215 3982 472 4076 Ulixbonensis
499 4007 537 4054 se
563 3981 702 4054 lecerat
730 3981 871 4076 portari
900 3980 946 4054 ad
973 3980 1125 4055 domum
1153 4004 1256 4052 suam
1281 3979 1341 4077 (1).
1362 3971 1428 4052 Die

109 4104 201 4200 juris,
220 4107 391 4182 videlicet
408 4114 430 4182 0
448 4107 630 4204 presentis
648 4106 797 4196 mensio,
817 4105 1005 4178 infirmum
1028 4110 1064 4178 et
1086 4105 1188 4178 valde
1214 4103 1371 4177 debilem
1389 4127 1428 4175 sc

114 4232 271 4325 sentiens,
292 4232 492 4331 supplicari
519 4231 605 4334 fecit
636 4233 698 4305 SS.
725 4233 768 4304 D.
793 4235 961 4304 nostrum
983 4255 1050 4328 pro
1074 4229 1223 4303 licentia
1251 4227 1425 4318 testandi,

113 4379 208 4450 quam
223 4361 287 4433 SS.
309 4362 351 4433 D.
370 4362 496 4432 noster
520 4355 724 4430 concedere
747 4356 908 4452 negavit3
930 4380 1001 4452 quo
1026 4379 1098 4429 non
1123 4357 1305 4441 obstante,
1328 4353 1427 4425 idem

115 4479 353 4558 t'lixbonensis
375 4487 530 4558 testatus
553 4481 759 4555 esteadom
782 4480 840 4554 dic
864 4485 900 4554 ct
918 4479 1098 4554 ordinavit
1116 4483 1333 4554 executores
1357 4483 1429 4550 tes-

113 4729 128 4779 1..
143 4725 186 4796 111,
198 4726 247 4784 001.
266 4727 365 4796 tlt-D,
382 4725 450 4784 Jean
465 4725 594 4794 d'Auton,
610 4725 689 4799 chap.
707 4739 751 4791 xc,
766 4741 794 4798 p.
813 4723 873 4794 127,
890 4729 917 4780 et
936 4725 953 4779 a
971 4721 1141 4798 l’oppendice
1165 4730 1195 4776 n⁰
1221 4722 1244 4784 1,
1260 4719 1286 4776 la
1300 4717 1428 4776 curiense

114 4811 211 4870 relation
221 4814 254 4871 de
269 4816 421 4873 Francesco
435 4814 557 4890 Capella,
571 4813 626 4872 010
641 4813 806 4888 Seigneurie
818 4815 853 4870 de
868 4813 1007 4871 Florence.

138 4901 162 4959 1.
181 4903 219 4959 En
233 4903 314 4962 blanc
325 4906 395 4962 dans
410 4911 472 4962 tous
487 4906 526 4962 les
540 4922 621 4962 mss..

138 4993 162 5050 2.
179 4991 249 5051 Tella
262 5000 306 5052 cst
318 4994 344 5052 10
357 4995 434 5065 lacon
448 4996 484 5052 du
499 5011 566 5052 mss.
582 4995 669 5050 11909
683 4992 754 5050 snivi
769 4993 820 5062 ici;
834 4992 944 5050 letaxte
958 4991 1026 5049 dans
1038 4999 1100 5049 tous
1110 4988 1151 5046 les
1162 4993 1257 5044 autres
1268 4991 1425 5061 mssetant

111 5077 274 5140 tridemment
288 5088 401 5158 tranquo
421 5103 427 5140 :
444 5107 459 5136 «
525 5089 553 5140 et
569 5083 655 5158 Papa,
670 5084 723 5140 hoc
738 5082 885 5149 intellecta,
907 5100 954 5157 per
969 5097 1090 5139 cameras
1112 5077 1236 5152 magistri
1256 5077 1354 5133 domus
1374 5093 1424 5132 sue

112 5169 242 5242 transiens,
257 5173 293 5230 ad
309 5191 369 5231 eum
385 5181 505 5245 venerat,
526 5174 555 5230 in
576 5191 633 5248 qua
652 5173 750 5231 limus.
777 5175 814 5232 D.
833 5171 980 5230 cardinalis
1001 5168 1195 5227 Ulixbonensis
1216 5185 1246 5223 se
1269 5167 1370 5223 fecerat
1390 5165 1425 5220 ad

114 5255 209 5317 domum
219 5278 296 5319 suam
310 5262 420 5337 portari.
436 5287 449 5316 a
