3506 6034
102 571 172 632 [aaut
185 565 249 629 15⁰3]
415 563 540 620 RERUM
565 561 793 622 URBANARUM
817 568 1079 630 conluanraan.
1359 572 1409 626 241

93 724 170 794 duos
187 717 342 815 capellos
367 741 479 790 novos
500 719 544 790 de
568 719 770 794 cremosino
798 744 881 794 cum
914 722 1059 796 limbria
1089 721 1256 795 inaurata
1273 723 1409 818 portavi

95 845 133 920 ad
152 844 307 918 domum.
335 846 557 939 Goopertum
579 847 700 938 tapete
723 845 875 940 pulchro
899 870 982 919 cum
1007 869 1080 918 uno
1105 849 1228 942 tapete
1251 845 1411 920 braccati

95 975 266 1066 portarunt
303 966 501 1040 familiares
535 968 650 1040 nostri
681 977 715 1040 el
748 970 1023 1066 assignaverunt
1052 971 1241 1066 capellano
1270 970 1407 1067 palatii,

96 1093 252 1189 episcopo
278 1093 473 1180 Suessano,
507 1091 723 1178 custodiam,
751 1069 919 1166 timentes
951 1118 995 1166 aa
1023 1118 1095 1166 non
1127 1118 1231 1190 posse
1266 1099 1411 1189 portare

95 1225 184 1290 extra
200 1215 374 1313 palatium
392 1217 489 1312 quod
511 1221 633 1288 tamen
652 1216 786 1312 optime
817 1218 1032 1312 potuissent.
1064 1219 1252 1290 Posuimus
1274 1221 1412 1314 Papam

94 1342 131 1414 ad
153 1341 324 1437 capellam
344 1342 538 1437 majorem,
567 1365 638 1437 quo
663 1349 838 1414 venerunt
866 1343 1029 1440 religiosi
1053 1344 1158 1417 Urbis
1184 1349 1219 1415 et
1238 1343 1356 1415 clerus
1380 1370 1409 1413 s.

95 1464 178 1538 Petri
196 1469 231 1537 et
247 1465 413 1538 canonici
436 1489 519 1536 cum
538 1489 661 1554 cruce,
682 1471 719 1537 et
745 1471 982 1560 portaverunt
1002 1491 1085 1540 eum
1105 1466 1148 1538 do
1169 1467 1309 1563 capella
1336 1491 1413 1538 rna-

89 1591 149 1687 jori
170 1613 280 1685 usque
301 1591 346 1663 ad
365 1590 524 1664 medium
548 1589 694 1664 basilice
714 1615 743 1662 s.
765 1591 874 1680 Petri,
896 1592 942 1663 ad
957 1591 1078 1664 locum
1096 1593 1241 1664 solitum
1261 1592 1413 1664 descen·
1436 1586 1439 1592 ’

92 1715 204 1787 dentes
221 1739 290 1811 per
309 1715 444 1788 scalam
463 1739 583 1787 versus
599 1722 755 1810 portam,
777 1721 812 1788 ct
833 1715 914 1788 inde
933 1740 997 1812 per
1016 1717 1107 1788 viam
1131 1717 1190 1788 ubi
1209 1716 1415 1789 cardinales

94 1839 255 1935 equitant,
276 1863 343 1936 per
360 1847 500 1938 portam
518 1840 753 1937 principalem
765 1840 886 1936 palatii
905 1841 960 1912 ria
977 1847 1075 1914 recta
1089 1843 1133 1914 ad
1149 1842 1288 1914 iontem
1301 1847 1416 1914 trans-

96 1989 223 2038 versum
249 1989 367 2062 usque
389 1966 435 2038 ad
458 1967 641 2054 tabernac,
663 1966 747 2038 inde
773 1973 874 2040 recta
899 1968 957 2040 via
975 1991 1040 2064 per
1059 1968 1177 2040 scalas
1196 1995 1225 2040 s.
1254 1967 1352 2040 Petri
1371 1968 1416 2040 ad

96 2092 268 2164 basilicam
294 2092 474 2189 processit
491 2115 580 2165 crux
600 2117 608 2164 :
631 2091 744 2165 secuti
764 2097 846 2164 sunt
866 2093 994 2166 iratres
1011 2118 1039 2165 s.
1061 2093 1240 2182 Honulrii,
1261 2092 1413 2178 blinimi,

97 2239 120 2286 s.
137 2217 329 2306 Francisci,
351 2241 380 2288 s.
397 2216 599 2314 Augustini,
619 2215 908 2304 carmelitarum
931 2222 1003 2289 tros
1020 2217 1151 2291 iratres
1170 2221 1309 2289 tantum
1321 2215 1417 2288 ordi-

98 2339 144 2408 nis
173 2341 462 2434 predicatorum,
496 2341 613 2412 clerus
638 2363 666 2410 s.
698 2341 794 2412 Petri
828 2345 864 2412 et
888 2342 1110 2412 camerarius
1134 2341 1223 2412 cleri
1250 2341 1355 2413 Urbis
1384 2339 1418 2410 in

98 2463 177 2536 stola
194 2470 229 2537 el
249 2465 410 2562 pluuiali,
432 2465 492 2560 qui
511 2465 578 2536 suit
595 2487 678 2536 cum
694 2465 819 2561 paucis
837 2465 1079 2562 presbyteris3
1099 2472 1244 2537 centum
1266 2465 1421 2560 quadra-

11 2593 12 2596 ’
97 2588 184 2684 ginta
202 2590 389 2662 intorticia
404 2589 458 2662 vel
469 2591 579 2676 circa,
594 2613 677 2684 que,
694 2590 890 2685 premajuri
905 2598 1022 2686 parte,
1037 2591 1234 2686 portabant
1248 2588 1373 2662 clerici
1386 2597 1422 2660 ct

99 2713 293 2788 beneficiali
315 2739 344 2787 s.
366 2715 478 2804 Patri,
498 2715 690 2787 servitores
707 2719 742 2786 et
761 2715 958 2788 familiares
982 2719 1077 2811 l'ape
1095 2716 1156 2810 qui
1173 2715 1421 2812 precedebant

99 2839 206 2912 luuus.
225 2841 440 2914 Beneficiati
460 2846 495 2914 et
510 2839 633 2912 clerici
645 2840 745 2913 ibant
758 2839 845 2912 hinc
860 2840 945 2912 iude
958 2841 1054 2913 circa
1066 2841 1173 2912 sunus
1188 2841 1265 2912 siue
1282 2840 1420 2913 ordine.

100 2964 208 3036 Funus
230 2964 426 3060 portabant
445 2988 624 3061 pauperes
646 2965 705 3060 qui
726 2971 906 3038 steterunt
928 2965 964 3037 in
986 2965 1125 3062 capella
1146 2965 1243 3038 circu
1266 2965 1367 3055 illud,
1390 2972 1423 3036 et

101 3094 246 3182 quatuor
262 3089 319 3161 rel
336 3112 398 3162 sex
410 3115 454 3162 ex
463 3091 648 3162 canonicis
660 3115 689 3162 s.
705 3090 803 3163 Petri
816 3090 916 3162 ibant
935 3091 1033 3164 circa
1047 3115 1110 3165 eos
1123 3090 1342 3188 [paupercsl
1359 3115 1424 3186 ap-

102 3217 269 3306 ponentes
287 3236 416 3286 mauus
434 3213 848 3288 sc1·etr0.uun11ssecuri
866 3225 949 3287 sunt
963 3221 1120 3310 quatuor
1136 3215 1265 3312 prelati
1286 3221 1422 3288 tautum

103 3338 212 3414 biniet
230 3341 322 3429 bini,
338 3342 506 3416 videlicet
523 3343 767 3431 Zamorcnsis,
780 3344 954 3438 magister
973 3345 1118 3432 domna,
1141 3344 1353 3432 Calmeusis,
1374 3343 1426 3414 ri-

104 3466 212 3540 carius
231 3491 333 3558 suus,
351 3468 565 3540 Narniensis
584 3473 619 3542 et
636 3471 851 3542 Suessanus.
872 3473 986 3555 Quam
1005 3469 1164 3564 primum
1183 3469 1304 3556 cessit,
1321 3469 1426 3539 t'unus

105 3588 134 3662 in
144 3590 221 3666 loco
235 3597 393 3688 suopost
403 3591 564 3664 medium
574 3591 720 3665 basilice
732 3593 1012 3680 collocaverunt,
1025 3591 1248 3664 etdebueral
1258 3591 1328 3662 dici
1339 3618 1345 3662 :
1356 3615 1428 3662 non

105 3715 199 3788 intras
215 3716 547 3812 injudicando,
562 3723 596 3790 et
611 3740 685 3790 non
701 3724 779 3790 orat
793 3717 904 3807 liber;
919 3719 992 3813 qui,
1013 3699 1238 3812 expectatus,
1257 3739 1341 3787 cum
1355 3739 1428 3788 nou

106 3841 249 3928 reniret,
271 3841 392 3914 clerus
414 3841 548 3939 incepit
560 3843 841 3940 'responsorium
861 3842 989 3915 Libera
1009 3867 1076 3927 rna,
1100 3843 1267 3947 Domine,
1286 3842 1425 3915 dicere.
1462 3859 1464 3863 ·

109 3967 245 4052 luterim
263 3969 360 4064 quod
378 3973 601 4056 cantaretur,
618 3968 728 4064 aliqui
741 3969 882 4065 pedites
894 3969 1057 4042 custodie
1074 3968 1197 4064 palatii
1210 3973 1430 4064 acceperunt

109 4099 200 4166 certa
215 4093 415 4167 interlicia.
434 4093 560 4168 Clarus
578 4094 741 4167 defendit
754 4103 1021 4182 secontraeos3
1043 4093 1176 4166 milites
1193 4101 1430 4166 cucurrerunt

111 4216 149 4288 ad
174 4241 278 4292 arma
306 4225 436 4292 contra
463 4218 600 4292 clerum
627 4220 687 4316 qui
710 4220 850 4317 aulugit
870 4243 998 4292 uersus
1033 4219 1249 4306 sacristiam,
1282 4218 1430 4291 dimisso

112 4347 225 4432 cantu,
244 4349 281 4414 et
298 4345 397 4440 Papa
414 4343 517 4438 quasi
539 4343 649 4416 solus
671 4347 746 4440 Ego
767 4368 849 4417 cum
874 4344 987 4417 tribus
1006 4343 1084 4416 aliis
1102 4343 1240 4439 arripui
1259 4343 1431 4415 teretrum

112 4487 185 4538 cum
202 4469 299 4564 Papa
312 4473 349 4538 et
368 4467 589 4562 portavimus
606 4467 701 4540 iuter
717 4467 831 4540 altaro
849 4468 968 4563 majus
988 4475 1022 4540 et
1040 4467 1162 4540 sedem
1178 4491 1292 4554 suam,
1313 4467 1432 4560 capite

111 4587 205 4662 altari
223 4614 343 4680 verso,
363 4597 399 4664 et
418 4591 563 4664 clausus
577 4593 645 4664 fuit
664 4602 742 4690 post
757 4592 1029 4666 luuusclrorus.
1048 4596 1248 4666 Suessanus
1260 4590 1434 4663 dubitauit

112 4713 137 4785 si
152 4716 305 4814 populus
324 4718 541 4791 ascenderet
564 4719 609 4790 ad
633 4742 731 4807 eum,
756 4717 854 4814 quod
878 4718 1018 4791 veniret
1042 4717 1254 4790 scandalum
1275 4716 1357 4813 (hoc
1379 4718 1434 4786 est

112 4838 242 4936 aliquis,
262 4843 361 4915 lesus
378 4843 424 4916 ab
443 4866 501 4932 eo,
522 4850 695 4939 possetse
706 4842 913 4940 uindicare),
933 4849 967 4916 ct
984 4843 1069 4916 lecit
1082 4842 1260 4938 reportari
1272 4838 1435 4912 l'unusde

113 4962 197 5038 dicto
215 4967 298 5040 loco
317 4973 352 5041 el
371 4967 455 5064 poni
469 4967 506 5038 in
521 4967 670 5041 introitu
688 4967 825 5064 capelle
837 4968 933 5040 inter
950 4967 1077 5057 scalas,
1092 4965 1246 5062 pedibus
1263 4965 1435 5036 serratam

115 5093 146 5160 ct
172 5097 312 5188 portam
336 5116 461 5166 versus
477 5092 526 5166 ita
541 5093 801 5190 approximatis
824 5093 921 5189 quod
939 5093 1050 5190 podes
1069 5098 1261 5188 potuerunt
1285 5113 1351 5187 per
1368 5088 1437 5162 ler-

11 5249 13 5328 g
120 5222 224 5288 ratam
241 5241 351 5290 manu
367 5217 460 5291 bene
479 5217 591 5314 terrigi.
610 5219 661 5291 lbi
674 5217 773 5292 stetit
788 5223 864 5291 tota
881 5217 954 5306 die,
974 5219 1112 5290 serrata
1129 5213 1219 5290 benc
1237 5215 1370 5290 clausa.

247 5387 272 5426 r.
293 5386 332 5426 ιιι.
1267 5366 1299 5420 lli
