<?xml version="1.0" encoding="UTF-8"?>
<!DOCTYPE html PUBLIC "-//W3C//DTD XHTML 1.0 Transitional//EN"
    "http://www.w3.org/TR/xhtml1/DTD/xhtml1-transitional.dtd">
<html xmlns="http://www.w3.org/1999/xhtml" xml:lang="en" lang="en">
 <head>
  <title>
</title>
<meta http-equiv="Content-Type" content="text/html;charset=utf-8" />
  <meta name='ocr-system' content='tesseract 3.04.00' />
  <meta name='ocr-capabilities' content='ocr_page ocr_carea ocr_par ocr_line ocrx_word'/>
</head>
<body>
  <div class='ocr_page' id='page_1' title='image "./johannisburchar03burcgoog/johannisburchar03burcgoog_0097.png"; bbox 0 0 3612 6064; ppageno 0'>
   <div class='ocr_carea' id='block_1_1' title="bbox 96 539 1438 606">
    <p class='ocr_par' dir='ltr' id='par_1_1' title="bbox 96 539 1438 606">
     <span class='ocr_line' id='line_1_1' title="bbox 96 539 1438 606; baseline 0.002 -11"><span class='ocrx_word' id='word_1_1' title='bbox 96 545 224 606; x_wconf 73' lang='lat' dir='ltr'><strong>[Ferrier</strong></span> <span class='ocrx_word' id='word_1_2' title='bbox 238 545 310 604; x_wconf 82' lang='lat'>15⁰⁰]</span> <span class='ocrx_word' id='word_1_3' title='bbox 443 540 567 598; x_wconf 84' lang='lat' dir='ltr'>RERUM</span> <span class='ocrx_word' id='word_1_4' title='bbox 591 539 816 596; x_wconf 74' lang='lat' dir='ltr'>URBANARUM</span> <span class='ocrx_word' id='word_1_5' title='bbox 837 540 1099 598; x_wconf 70' lang='lat' dir='ltr'><strong>COblblENTAllll.</strong></span> <span class='ocrx_word' id='word_1_6' title='bbox 1407 549 1438 600; x_wconf 78' lang='lat'><strong>17</strong></span> 
     </span>
    </p>
   </div>
   <div class='ocr_carea' id='block_1_2' title="bbox 96 694 1521 5292">
    <p class='ocr_par' dir='ltr' id='par_1_2' title="bbox 96 694 1521 5292">
     <span class='ocr_line' id='line_1_2' title="bbox 97 694 1441 792; baseline 0 -22"><span class='ocrx_word' id='word_1_7' title='bbox 97 697 312 772; x_wconf 87' lang='lat' dir='ltr'><strong>vulneribus</strong></span> <span class='ocrx_word' id='word_1_8' title='bbox 330 697 478 769; x_wconf 84' lang='lat' dir='ltr'><strong>allicere</strong></span> <span class='ocrx_word' id='word_1_9' title='bbox 494 719 535 768; x_wconf 92' lang='lat' dir='ltr'><strong>ac</strong></span> <span class='ocrx_word' id='word_1_10' title='bbox 552 695 765 792; x_wconf 89' lang='lat' dir='ltr'><strong>plerumque</strong></span> <span class='ocrx_word' id='word_1_11' title='bbox 784 694 955 767; x_wconf 91' lang='lat' dir='ltr'><strong>atrociter</strong></span> <span class='ocrx_word' id='word_1_12' title='bbox 973 696 1177 768; x_wconf 85' lang='lat' dir='ltr'><strong>interlicere</strong></span> <span class='ocrx_word' id='word_1_13' title='bbox 1198 719 1270 770; x_wconf 93' lang='lat' dir='ltr'><strong>non</strong></span> <span class='ocrx_word' id='word_1_14' title='bbox 1289 696 1441 792; x_wconf 91' lang='lat' dir='ltr'><strong>perhor-</strong></span> 
     </span>
     <span class='ocr_line' id='line_1_3' title="bbox 97 819 1439 920; baseline 0 -26"><span class='ocrx_word' id='word_1_15' title='bbox 97 827 254 896; x_wconf 87' lang='lat' dir='ltr'><strong>rescunt</strong></span> <span class='ocrx_word' id='word_1_16' title='bbox 283 820 469 896; x_wconf 81' lang='lat' dir='ltr'><strong>invasione</strong></span> <span class='ocrx_word' id='word_1_17' title='bbox 492 825 555 893; x_wconf 91' lang='lat' dir='ltr'><strong>aut</strong></span> <span class='ocrx_word' id='word_1_18' title='bbox 579 819 755 917; x_wconf 89' lang='lat' dir='ltr'><strong>periculo,</strong></span> <span class='ocrx_word' id='word_1_19' title='bbox 783 824 818 891; x_wconf 86' lang='lat' dir='ltr'><strong>et</strong></span> <span class='ocrx_word' id='word_1_20' title='bbox 842 819 1028 892; x_wconf 92' lang='lat' dir='ltr'><strong>redeundo</strong></span> <span class='ocrx_word' id='word_1_21' title='bbox 1056 823 1274 917; x_wconf 89' lang='lat' dir='ltr'><strong>pertransire</strong></span> <span class='ocrx_word' id='word_1_22' title='bbox 1303 822 1439 920; x_wconf 91' lang='lat' dir='ltr'><strong>possint</strong></span> 
     </span>
     <span class='ocr_line' id='line_1_4' title="bbox 98 943 1442 1044; baseline 0 -26"><span class='ocrx_word' id='word_1_23' title='bbox 98 948 221 1022; x_wconf 88' lang='lat' dir='ltr'><strong>valeat</strong></span> <span class='ocrx_word' id='word_1_24' title='bbox 238 947 437 1021; x_wconf 72' lang='lat' dir='ltr'>salubriter</span> <span class='ocrx_word' id='word_1_25' title='bbox 448 945 641 1044; x_wconf 91' lang='lat' dir='ltr'><strong>provideri.</strong></span> <span class='ocrx_word' id='word_1_26' title='bbox 654 945 710 1017; x_wconf 73' lang='lat' dir='ltr'><strong>Ad</strong></span> <span class='ocrx_word' id='word_1_27' title='bbox 727 967 831 1018; x_wconf 89' lang='lat' dir='ltr'><strong>aures</strong></span> <span class='ocrx_word' id='word_1_28' title='bbox 844 943 1020 1038; x_wconf 80' lang='lat' dir='ltr'>siquidem</span> <span class='ocrx_word' id='word_1_29' title='bbox 1037 951 1192 1028; x_wconf 89' lang='lat' dir='ltr'><strong>nostras,</strong></span> <span class='ocrx_word' id='word_1_30' title='bbox 1207 948 1304 1042; x_wconf 92' lang='lat' dir='ltr'><strong>quod</strong></span> <span class='ocrx_word' id='word_1_31' title='bbox 1321 947 1442 1019; x_wconf 89' lang='lat' dir='ltr'><strong>dolen-</strong></span> 
     </span>
     <span class='ocr_line' id='line_1_5' title="bbox 99 1069 1441 1172; baseline -0.001 -28"><span class='ocrx_word' id='word_1_32' title='bbox 99 1079 155 1144; x_wconf 91' lang='lat' dir='ltr'><strong>ter</strong></span> <span class='ocrx_word' id='word_1_33' title='bbox 166 1073 378 1160; x_wconf 80' lang='lat' dir='ltr'><strong>referimus,</strong></span> <span class='ocrx_word' id='word_1_34' title='bbox 392 1071 555 1168; x_wconf 91' lang='lat' dir='ltr'><strong>pervenit</strong></span> <span class='ocrx_word' id='word_1_35' title='bbox 567 1070 665 1166; x_wconf 93' lang='lat' dir='ltr'><strong>quod</strong></span> <span class='ocrx_word' id='word_1_36' title='bbox 681 1069 846 1142; x_wconf 86' lang='lat' dir='ltr'><strong>nonnulli</strong></span> <span class='ocrx_word' id='word_1_37' title='bbox 864 1069 1053 1167; x_wconf 85' lang='lat' dir='ltr'><strong>peregrini</strong></span> <span class='ocrx_word' id='word_1_38' title='bbox 1071 1076 1105 1143; x_wconf 90' lang='lat' dir='ltr'><strong>et</strong></span> <span class='ocrx_word' id='word_1_39' title='bbox 1123 1071 1309 1172; x_wconf 88' lang='lat' dir='ltr'><strong>Romipete</strong></span> <span class='ocrx_word' id='word_1_40' title='bbox 1326 1095 1368 1144; x_wconf 94' lang='lat' dir='ltr'><strong>ac</strong></span> <span class='ocrx_word' id='word_1_41' title='bbox 1384 1071 1441 1144; x_wconf 87' lang='lat' dir='ltr'><strong>alii</strong></span> 
     </span>
     <span class='ocr_line' id='line_1_6' title="bbox 96 1194 1443 1294; baseline -0.001 -24"><span class='ocrx_word' id='word_1_42' title='bbox 96 1199 143 1270; x_wconf 89' lang='lat' dir='ltr'><strong>ad</strong></span> <span class='ocrx_word' id='word_1_43' title='bbox 157 1199 299 1272; x_wconf 79' lang='lat' dir='ltr'><strong>[rbem</strong></span> <span class='ocrx_word' id='word_1_44' title='bbox 312 1203 348 1270; x_wconf 92' lang='lat' dir='ltr'><strong>et</strong></span> <span class='ocrx_word' id='word_1_45' title='bbox 358 1197 496 1271; x_wconf 92' lang='lat' dir='ltr'><strong>curiam</strong></span> <span class='ocrx_word' id='word_1_46' title='bbox 511 1195 705 1293; x_wconf 76' lang='lat' dir='ltr'><strong>predictae,</strong></span> <span class='ocrx_word' id='word_1_47' title='bbox 724 1199 798 1267; x_wconf 90' lang='lat' dir='ltr'><strong>tam</strong></span> <span class='ocrx_word' id='word_1_48' title='bbox 810 1217 875 1290; x_wconf 93' lang='lat' dir='ltr'><strong>pro</strong></span> <span class='ocrx_word' id='word_1_49' title='bbox 887 1194 1119 1290; x_wconf 84' lang='lat' dir='ltr'><strong>indulgentiis</strong></span> <span class='ocrx_word' id='word_1_50' title='bbox 1134 1195 1341 1294; x_wconf 86' lang='lat' dir='ltr'><strong>hujusmodi</strong></span> <span class='ocrx_word' id='word_1_51' title='bbox 1360 1221 1443 1270; x_wconf 90' lang='lat' dir='ltr'><strong>con-</strong></span> 
     </span>
     <span class='ocr_line' id='line_1_7' title="bbox 97 1319 1439 1419; baseline -0.001 -25"><span class='ocrx_word' id='word_1_52' title='bbox 97 1323 304 1419; x_wconf 84' lang='lat' dir='ltr'><strong>sequendis</strong></span> <span class='ocrx_word' id='word_1_53' title='bbox 315 1345 423 1418; x_wconf 93' lang='lat' dir='ltr'><strong>quam</strong></span> <span class='ocrx_word' id='word_1_54' title='bbox 436 1321 543 1394; x_wconf 88' lang='lat' dir='ltr'><strong>etiam</strong></span> <span class='ocrx_word' id='word_1_55' title='bbox 556 1320 634 1393; x_wconf 90' lang='lat' dir='ltr'><strong>aliis</strong></span> <span class='ocrx_word' id='word_1_56' title='bbox 646 1341 772 1391; x_wconf 88' lang='lat' dir='ltr'><strong>corum</strong></span> <span class='ocrx_word' id='word_1_57' title='bbox 784 1319 938 1414; x_wconf 81' lang='lat' dir='ltr'><strong>negotiis</strong></span> <span class='ocrx_word' id='word_1_58' title='bbox 950 1321 1225 1415; x_wconf 69' lang='lat' dir='ltr'><strong>pertractandis</strong></span> <span class='ocrx_word' id='word_1_59' title='bbox 1240 1322 1439 1401; x_wconf 85' lang='lat' dir='ltr'><strong>venientes,</strong></span> 
     </span>
     <span class='ocr_line' id='line_1_8' title="bbox 97 1443 1442 1542; baseline -0.001 -22"><span class='ocrx_word' id='word_1_60' title='bbox 97 1472 165 1520; x_wconf 88' lang='lat' dir='ltr'><strong>seu</strong></span> <span class='ocrx_word' id='word_1_61' title='bbox 182 1448 273 1520; x_wconf 92' lang='lat' dir='ltr'><strong>inde</strong></span> <span class='ocrx_word' id='word_1_62' title='bbox 293 1447 519 1534; x_wconf 90' lang='lat' dir='ltr'><strong>recedentes,</strong></span> <span class='ocrx_word' id='word_1_63' title='bbox 541 1444 704 1542; x_wconf 89' lang='lat' dir='ltr'><strong>pecuniis</strong></span> <span class='ocrx_word' id='word_1_64' title='bbox 721 1449 757 1517; x_wconf 94' lang='lat' dir='ltr'><strong>et</strong></span> <span class='ocrx_word' id='word_1_65' title='bbox 773 1443 934 1539; x_wconf 90' lang='lat' dir='ltr'><strong>aliisque</strong></span> <span class='ocrx_word' id='word_1_66' title='bbox 951 1469 1075 1518; x_wconf 90' lang='lat' dir='ltr'><strong>secum</strong></span> <span class='ocrx_word' id='word_1_67' title='bbox 1096 1445 1316 1535; x_wconf 82' lang='lat' dir='ltr'><strong>deserebant,</strong></span> <span class='ocrx_word' id='word_1_68' title='bbox 1336 1447 1442 1519; x_wconf 87' lang='lat' dir='ltr'><strong>rebus</strong></span> 
     </span>
     <span class='ocr_line' id='line_1_9' title="bbox 98 1569 1446 1669; baseline -0.001 -25"><span class='ocrx_word' id='word_1_69' title='bbox 98 1579 133 1644; x_wconf 85' lang='lat' dir='ltr'><strong>et</strong></span> <span class='ocrx_word' id='word_1_70' title='bbox 154 1571 270 1645; x_wconf 90' lang='lat' dir='ltr'><strong>bonis</strong></span> <span class='ocrx_word' id='word_1_71' title='bbox 293 1570 448 1669; x_wconf 87' lang='lat' dir='ltr'><strong>spoliati,</strong></span> <span class='ocrx_word' id='word_1_72' title='bbox 473 1595 514 1643; x_wconf 89' lang='lat' dir='ltr'><strong>ac</strong></span> <span class='ocrx_word' id='word_1_73' title='bbox 538 1569 648 1664; x_wconf 82' lang='lat' dir='ltr'><strong>aliqui</strong></span> <span class='ocrx_word' id='word_1_74' title='bbox 674 1569 782 1642; x_wconf 90' lang='lat' dir='ltr'><strong>etiam</strong></span> <span class='ocrx_word' id='word_1_75' title='bbox 805 1569 986 1642; x_wconf 84' lang='lat' dir='ltr'><strong>interlecti</strong></span> <span class='ocrx_word' id='word_1_76' title='bbox 1009 1570 1165 1658; x_wconf 88' lang='lat' dir='ltr'><strong>luerunt,</strong></span> <span class='ocrx_word' id='word_1_77' title='bbox 1193 1571 1289 1666; x_wconf 93' lang='lat' dir='ltr'><strong>quod</strong></span> <span class='ocrx_word' id='word_1_78' title='bbox 1308 1570 1345 1642; x_wconf 92' lang='lat' dir='ltr'><strong>in</strong></span> <span class='ocrx_word' id='word_1_79' title='bbox 1364 1595 1446 1643; x_wconf 86' lang='lat' dir='ltr'><strong>nos-</strong></span> 
     </span>
     <span class='ocr_line' id='line_1_10' title="bbox 99 1693 1444 1792; baseline -0.001 -23"><span class='ocrx_word' id='word_1_80' title='bbox 99 1703 202 1770; x_wconf 86' lang='lat' dir='ltr'><strong>tram</strong></span> <span class='ocrx_word' id='word_1_81' title='bbox 226 1701 261 1769; x_wconf 92' lang='lat' dir='ltr'><strong>et</strong></span> <span class='ocrx_word' id='word_1_82' title='bbox 281 1696 378 1768; x_wconf 92' lang='lat' dir='ltr'><strong>sedis</strong></span> <span class='ocrx_word' id='word_1_83' title='bbox 396 1693 594 1792; x_wconf 88' lang='lat' dir='ltr'><strong>apostolice</strong></span> <span class='ocrx_word' id='word_1_84' title='bbox 611 1694 808 1766; x_wconf 90' lang='lat' dir='ltr'><strong>maximum</strong></span> <span class='ocrx_word' id='word_1_85' title='bbox 823 1693 1065 1790; x_wconf 76' lang='lat' dir='ltr'><strong>prejudicium</strong></span> <span class='ocrx_word' id='word_1_86' title='bbox 1083 1698 1119 1768; x_wconf 92' lang='lat' dir='ltr'><strong>et</strong></span> <span class='ocrx_word' id='word_1_87' title='bbox 1135 1694 1265 1782; x_wconf 77' lang='lat' dir='ltr'><strong>Christi</strong></span> <span class='ocrx_word' id='word_1_88' title='bbox 1283 1695 1444 1768; x_wconf 89' lang='lat' dir='ltr'><strong>fidelium</strong></span> 
     </span>
     <span class='ocr_line' id='line_1_11' title="bbox 98 1817 1445 1918; baseline -0.001 -23"><span class='ocrx_word' id='word_1_89' title='bbox 98 1821 345 1918; x_wconf 89' lang='lat' dir='ltr'><strong>populorum,</strong></span> <span class='ocrx_word' id='word_1_90' title='bbox 370 1821 495 1892; x_wconf 87' lang='lat' dir='ltr'><strong>sedem</strong></span> <span class='ocrx_word' id='word_1_91' title='bbox 508 1819 623 1916; x_wconf 90' lang='lat' dir='ltr'><strong>ipsam</strong></span> <span class='ocrx_word' id='word_1_92' title='bbox 642 1817 786 1892; x_wconf 91' lang='lat' dir='ltr'><strong>visitare</strong></span> <span class='ocrx_word' id='word_1_93' title='bbox 806 1817 1040 1914; x_wconf 84' lang='lat' dir='ltr'><strong>cupientium,</strong></span> <span class='ocrx_word' id='word_1_94' title='bbox 1063 1819 1263 1892; x_wconf 88' lang='lat' dir='ltr'><strong>devotionis</strong></span> <span class='ocrx_word' id='word_1_95' title='bbox 1283 1820 1445 1894; x_wconf 91' lang='lat' dir='ltr'><strong>deminu-</strong></span> 
     </span>
     <span class='ocr_line' id='line_1_12' title="bbox 100 1942 1443 2040; baseline -0.001 -22"><span class='ocrx_word' id='word_1_96' title='bbox 100 1945 205 2018; x_wconf 91' lang='lat' dir='ltr'><strong>tione</strong></span> <span class='ocrx_word' id='word_1_97' title='bbox 235 1945 441 2018; x_wconf 86' lang='lat' dir='ltr'><strong>redundare</strong></span> <span class='ocrx_word' id='word_1_98' title='bbox 470 1949 606 2040; x_wconf 84' lang='lat' dir='ltr'><strong>pessel,</strong></span> <span class='ocrx_word' id='word_1_99' title='bbox 636 1943 703 2015; x_wconf 91' lang='lat' dir='ltr'><strong>nisi</strong></span> <span class='ocrx_word' id='word_1_100' title='bbox 733 1942 918 2040; x_wconf 87' lang='lat' dir='ltr'><strong>premissis</strong></span> <span class='ocrx_word' id='word_1_101' title='bbox 942 1967 1006 2040; x_wconf 92' lang='lat' dir='ltr'><strong>per</strong></span> <span class='ocrx_word' id='word_1_102' title='bbox 1030 1968 1092 2016; x_wconf 89' lang='lat' dir='ltr'><strong>eos</strong></span> <span class='ocrx_word' id='word_1_103' title='bbox 1116 1945 1161 2016; x_wconf 92' lang='lat' dir='ltr'><strong>ad</strong></span> <span class='ocrx_word' id='word_1_104' title='bbox 1179 1967 1270 2039; x_wconf 88' lang='lat' dir='ltr'><strong>quos</strong></span> <span class='ocrx_word' id='word_1_105' title='bbox 1289 1945 1443 2040; x_wconf 90' lang='lat' dir='ltr'><strong>pertinet</strong></span> 
     </span>
     <span class='ocr_line' id='line_1_13' title="bbox 101 2068 1445 2167; baseline 0 -23"><span class='ocrx_word' id='word_1_106' title='bbox 101 2096 168 2167; x_wconf 90' lang='lat' dir='ltr'><strong>per</strong></span> <span class='ocrx_word' id='word_1_107' title='bbox 200 2075 409 2167; x_wconf 87' lang='lat' dir='ltr'><strong>opportuna</strong></span> <span class='ocrx_word' id='word_1_108' title='bbox 439 2069 653 2166; x_wconf 82' lang='lat' dir='ltr'><strong>provisionis</strong></span> <span class='ocrx_word' id='word_1_109' title='bbox 679 2069 841 2141; x_wconf 89' lang='lat' dir='ltr'><strong>remedia</strong></span> <span class='ocrx_word' id='word_1_110' title='bbox 868 2068 1042 2142; x_wconf 90' lang='lat' dir='ltr'><strong>obiretur.</strong></span> <span class='ocrx_word' id='word_1_111' title='bbox 1074 2073 1147 2143; x_wconf 89' lang='lat' dir='ltr'><strong>llos</strong></span> <span class='ocrx_word' id='word_1_112' title='bbox 1164 2069 1286 2166; x_wconf 85' lang='lat' dir='ltr'><strong>igitur,</strong></span> <span class='ocrx_word' id='word_1_113' title='bbox 1318 2069 1445 2165; x_wconf 88' lang='lat' dir='ltr'><strong>quibus</strong></span> 
     </span>
     <span class='ocr_line' id='line_1_14' title="bbox 102 2193 1447 2293; baseline -0.001 -25"><span class='ocrx_word' id='word_1_114' title='bbox 102 2198 138 2268; x_wconf 91' lang='lat' dir='ltr'><strong>in</strong></span> <span class='ocrx_word' id='word_1_115' title='bbox 156 2218 360 2293; x_wconf 89' lang='lat' dir='ltr'><strong>personam</strong></span> <span class='ocrx_word' id='word_1_116' title='bbox 378 2195 476 2268; x_wconf 88' lang='lat' dir='ltr'><strong>beati</strong></span> <span class='ocrx_word' id='word_1_117' title='bbox 502 2193 598 2268; x_wconf 92' lang='lat' dir='ltr'><strong>Petri</strong></span> <span class='ocrx_word' id='word_1_118' title='bbox 625 2194 762 2267; x_wconf 93' lang='lat' dir='ltr'><strong>dictum</strong></span> <span class='ocrx_word' id='word_1_119' title='bbox 788 2198 842 2266; x_wconf 92' lang='lat' dir='ltr'><strong>est</strong></span> <span class='ocrx_word' id='word_1_120' title='bbox 864 2218 871 2265; x_wconf 92' lang='lat'>:</span> <span class='ocrx_word' id='word_1_121' title='bbox 896 2195 950 2266; x_wconf 86' lang='grc' dir='ltr'><strong>Τιι</strong></span> <span class='ocrx_word' id='word_1_122' title='bbox 970 2219 1005 2266; x_wconf 84' lang='lat' dir='ltr'><strong>es</strong></span> <span class='ocrx_word' id='word_1_123' title='bbox 1021 2195 1153 2268; x_wconf 78' lang='lat' dir='ltr'><strong>Petrus</strong></span> <span class='ocrx_word' id='word_1_124' title='bbox 1176 2207 1212 2268; x_wconf 84' lang='lat' dir='ltr'><strong>et</strong></span> <span class='ocrx_word' id='word_1_125' title='bbox 1227 2220 1332 2292; x_wconf 82' lang='lat' dir='ltr'><strong>super</strong></span> <span class='ocrx_word' id='word_1_126' title='bbox 1354 2197 1447 2268; x_wconf 75' lang='lat' dir='ltr'><strong>barte</strong></span> 
     </span>
     <span class='ocr_line' id='line_1_15' title="bbox 97 2319 1445 2418; baseline 0.001 -25"><span class='ocrx_word' id='word_1_127' title='bbox 97 2333 246 2418; x_wconf 80' lang='lat' dir='ltr'><strong>petram</strong></span> <span class='ocrx_word' id='word_1_128' title='bbox 269 2320 435 2416; x_wconf 76' lang='lat' dir='ltr'><strong>edificabo</strong></span> <span class='ocrx_word' id='word_1_129' title='bbox 464 2319 643 2392; x_wconf 80' lang='lat' dir='ltr'><strong>ecclesium</strong></span> <span class='ocrx_word' id='word_1_130' title='bbox 671 2340 785 2390; x_wconf 67' lang='lat' dir='ltr'><strong>cereum</strong></span> <span class='ocrx_word' id='word_1_131' title='bbox 808 2343 818 2390; x_wconf 91' lang='lat'><em>:</em></span> <span class='ocrx_word' id='word_1_132' title='bbox 840 2343 947 2414; x_wconf 71' lang='lat' dir='ltr'><strong>praece</strong></span> <span class='ocrx_word' id='word_1_133' title='bbox 973 2345 1049 2392; x_wconf 79' lang='lat' dir='ltr'><strong>ores</strong></span> <span class='ocrx_word' id='word_1_134' title='bbox 1076 2345 1187 2409; x_wconf 73' lang='grc' dir='ltr'><strong>ιιιιαις</strong></span> <span class='ocrx_word' id='word_1_135' title='bbox 1221 2327 1256 2394; x_wconf 91' lang='lat' dir='ltr'><strong>et</strong></span> <span class='ocrx_word' id='word_1_136' title='bbox 1283 2322 1328 2394; x_wconf 88' lang='lat' dir='ltr'><strong>ad</strong></span> <span class='ocrx_word' id='word_1_137' title='bbox 1356 2343 1445 2416; x_wconf 89' lang='lat' dir='ltr'><strong>quos</strong></span> 
     </span>
     <span class='ocr_line' id='line_1_16' title="bbox 102 2443 1446 2544; baseline -0.001 -26"><span class='ocrx_word' id='word_1_138' title='bbox 102 2451 251 2542; x_wconf 89' lang='lat' dir='ltr'><strong>spectat</strong></span> <span class='ocrx_word' id='word_1_139' title='bbox 286 2445 471 2544; x_wconf 90' lang='lat' dir='ltr'><strong>premissis</strong></span> <span class='ocrx_word' id='word_1_140' title='bbox 503 2443 670 2542; x_wconf 87' lang='lat' dir='ltr'><strong>periculis</strong></span> <span class='ocrx_word' id='word_1_141' title='bbox 705 2445 849 2516; x_wconf 89' lang='lat' dir='ltr'><strong>obviare</strong></span> <span class='ocrx_word' id='word_1_142' title='bbox 883 2445 1084 2541; x_wconf 88' lang='lat' dir='ltr'><strong>cupientes,</strong></span> <span class='ocrx_word' id='word_1_143' title='bbox 1119 2451 1158 2518; x_wconf 93' lang='lat' dir='ltr'><strong>ut</strong></span> <span class='ocrx_word' id='word_1_144' title='bbox 1187 2446 1374 2535; x_wconf 71' lang='lat' dir='ltr'><strong>dehemus</strong></span> <span class='ocrx_word' id='word_1_145' title='bbox 1408 2453 1446 2520; x_wconf 95' lang='lat' dir='ltr'><strong>ut</strong></span> 
     </span>
     <span class='ocr_line' id='line_1_17' title="bbox 105 2568 1445 2667; baseline -0.001 -24"><span class='ocrx_word' id='word_1_146' title='bbox 105 2570 310 2667; x_wconf 83' lang='lat' dir='ltr'><strong>peregrini,</strong></span> <span class='ocrx_word' id='word_1_147' title='bbox 342 2569 530 2666; x_wconf 87' lang='lat' dir='ltr'><strong>Romipete</strong></span> <span class='ocrx_word' id='word_1_148' title='bbox 563 2569 684 2642; x_wconf 88' lang='lat' dir='ltr'><strong>etalii</strong></span> <span class='ocrx_word' id='word_1_149' title='bbox 712 2568 864 2665; x_wconf 91' lang='lat' dir='ltr'><strong>predicti</strong></span> <span class='ocrx_word' id='word_1_150' title='bbox 889 2568 1023 2666; x_wconf 89' lang='lat' dir='ltr'><strong>ubique</strong></span> <span class='ocrx_word' id='word_1_151' title='bbox 1046 2569 1223 2658; x_wconf 87' lang='lat' dir='ltr'><strong>locorum,</strong></span> <span class='ocrx_word' id='word_1_152' title='bbox 1253 2570 1445 2666; x_wconf 76' lang='lat' dir='ltr'><strong>presertim</strong></span> 
     </span>
     <span class='ocr_line' id='line_1_18' title="bbox 104 2693 1446 2783; baseline 0.001 -17"><span class='ocrx_word' id='word_1_153' title='bbox 104 2695 139 2767; x_wconf 89' lang='lat' dir='ltr'><strong>in</strong></span> <span class='ocrx_word' id='word_1_154' title='bbox 169 2695 422 2783; x_wconf 69' lang='lat' dir='ltr'><strong>comitatibus</strong></span> <span class='ocrx_word' id='word_1_155' title='bbox 454 2693 645 2767; x_wconf 87' lang='lat' dir='ltr'><strong>territoriis</strong></span> <span class='ocrx_word' id='word_1_156' title='bbox 669 2699 705 2766; x_wconf 88' lang='lat' dir='ltr'><strong>et</strong></span> <span class='ocrx_word' id='word_1_157' title='bbox 728 2693 952 2766; x_wconf 80' lang='lat' dir='ltr'><strong>districtibus</strong></span> <span class='ocrx_word' id='word_1_158' title='bbox 975 2694 1174 2782; x_wconf 89' lang='lat' dir='ltr'><strong>civitatum,</strong></span> <span class='ocrx_word' id='word_1_159' title='bbox 1209 2699 1385 2768; x_wconf 84' lang='lat' dir='ltr'><strong>terrarum</strong></span> <span class='ocrx_word' id='word_1_160' title='bbox 1411 2701 1446 2768; x_wconf 93' lang='lat' dir='ltr'><strong>et</strong></span> 
     </span>
     <span class='ocr_line' id='line_1_19' title="bbox 105 2817 1446 2916; baseline 0.001 -24"><span class='ocrx_word' id='word_1_161' title='bbox 105 2821 278 2894; x_wconf 89' lang='lat' dir='ltr'><strong>locorum</strong></span> <span class='ocrx_word' id='word_1_162' title='bbox 297 2823 476 2892; x_wconf 90' lang='lat' dir='ltr'><strong>nostroet</strong></span> <span class='ocrx_word' id='word_1_163' title='bbox 492 2817 682 2916; x_wconf 89' lang='lat' dir='ltr'><strong>temporali</strong></span> <span class='ocrx_word' id='word_1_164' title='bbox 702 2817 862 2890; x_wconf 89' lang='lat' dir='ltr'><strong>dominio</strong></span> <span class='ocrx_word' id='word_1_165' title='bbox 881 2823 943 2891; x_wconf 88' lang='lat' dir='ltr'><strong>aut</strong></span> <span class='ocrx_word' id='word_1_166' title='bbox 960 2818 1050 2891; x_wconf 87' lang='lat' dir='ltr'><strong>alios</strong></span> <span class='ocrx_word' id='word_1_167' title='bbox 1069 2819 1279 2892; x_wconf 89' lang='lat' dir='ltr'><strong>immediato</strong></span> <span class='ocrx_word' id='word_1_168' title='bbox 1303 2819 1446 2916; x_wconf 88' lang='lat' dir='ltr'><strong>subjec-</strong></span> 
     </span>
     <span class='ocr_line' id='line_1_20' title="bbox 109 2943 1446 3042; baseline 0.001 -24"><span class='ocrx_word' id='word_1_169' title='bbox 109 2953 248 3035; x_wconf 93' lang='lat' dir='ltr'><strong>torum,</strong></span> <span class='ocrx_word' id='word_1_170' title='bbox 277 2949 352 3018; x_wconf 93' lang='lat' dir='ltr'><strong>tute</strong></span> <span class='ocrx_word' id='word_1_171' title='bbox 372 2951 408 3018; x_wconf 91' lang='lat' dir='ltr'><strong>et</strong></span> <span class='ocrx_word' id='word_1_172' title='bbox 425 2968 552 3017; x_wconf 91' lang='lat' dir='ltr'><strong>secure</strong></span> <span class='ocrx_word' id='word_1_173' title='bbox 574 2943 793 3040; x_wconf 87' lang='lat' dir='ltr'><strong>pertransire</strong></span> <span class='ocrx_word' id='word_1_174' title='bbox 814 2943 968 3032; x_wconf 83' lang='lat' dir='ltr'><strong>valeant,</strong></span> <span class='ocrx_word' id='word_1_175' title='bbox 991 2945 1035 3017; x_wconf 93' lang='lat' dir='ltr'><strong>de</strong></span> <span class='ocrx_word' id='word_1_176' title='bbox 1059 2948 1262 3042; x_wconf 90' lang='lat' dir='ltr'><strong>opportuno</strong></span> <span class='ocrx_word' id='word_1_177' title='bbox 1285 2945 1446 3019; x_wconf 89' lang='lat' dir='ltr'><strong>remedio</strong></span> 
     </span>
     <span class='ocr_line' id='line_1_21' title="bbox 106 3068 1521 3172; baseline -0.001 -28"><span class='ocrx_word' id='word_1_178' title='bbox 106 3071 318 3169; x_wconf 88' lang='lat' dir='ltr'><strong>providere,</strong></span> <span class='ocrx_word' id='word_1_179' title='bbox 342 3074 443 3144; x_wconf 93' lang='lat' dir='ltr'><strong>motu</strong></span> <span class='ocrx_word' id='word_1_180' title='bbox 461 3068 619 3166; x_wconf 92' lang='lat' dir='ltr'><strong>proprio,</strong></span> <span class='ocrx_word' id='word_1_181' title='bbox 646 3093 719 3141; x_wconf 91' lang='lat' dir='ltr'><strong>non</strong></span> <span class='ocrx_word' id='word_1_182' title='bbox 737 3069 782 3141; x_wconf 88' lang='lat' dir='ltr'><strong>ad</strong></span> <span class='ocrx_word' id='word_1_183' title='bbox 801 3069 952 3166; x_wconf 86' lang='lat' dir='ltr'><strong>alicujus</strong></span> <span class='ocrx_word' id='word_1_184' title='bbox 977 3069 1082 3143; x_wconf 91' lang='lat' dir='ltr'><strong>nobis</strong></span> <span class='ocrx_word' id='word_1_185' title='bbox 1107 3095 1215 3167; x_wconf 90' lang='lat' dir='ltr'><strong>super</strong></span> <span class='ocrx_word' id='word_1_186' title='bbox 1231 3071 1302 3144; x_wconf 94' lang='lat' dir='ltr'><strong>hoc</strong></span> <span class='ocrx_word' id='word_1_187' title='bbox 1327 3071 1446 3144; x_wconf 84' lang='lat' dir='ltr'><strong>oblate</strong></span> <span class='ocrx_word' id='word_1_188' title='bbox 1515 3159 1521 3172; x_wconf 29' lang='grc' dir='ltr'>ι</span> 
     </span>
     <span class='ocr_line' id='line_1_22' title="bbox 105 3193 1447 3293; baseline 0 -23"><span class='ocrx_word' id='word_1_189' title='bbox 105 3195 301 3293; x_wconf 89' lang='lat' dir='ltr'><strong>petitionis</strong></span> <span class='ocrx_word' id='word_1_190' title='bbox 319 3193 528 3268; x_wconf 80' lang='lat' dir='ltr'><strong>instantiam</strong></span> <span class='ocrx_word' id='word_1_191' title='bbox 546 3195 610 3266; x_wconf 91' lang='lat' dir='ltr'><strong>sed</strong></span> <span class='ocrx_word' id='word_1_192' title='bbox 628 3194 673 3266; x_wconf 91' lang='lat' dir='ltr'><strong>de</strong></span> <span class='ocrx_word' id='word_1_193' title='bbox 692 3199 816 3267; x_wconf 87' lang='lat' dir='ltr'><strong>nostra</strong></span> <span class='ocrx_word' id='word_1_194' title='bbox 834 3217 935 3268; x_wconf 91' lang='lat' dir='ltr'><strong>mera</strong></span> <span class='ocrx_word' id='word_1_195' title='bbox 953 3195 1213 3268; x_wconf 84' lang='lat' dir='ltr'><strong>deliberatione</strong></span> <span class='ocrx_word' id='word_1_196' title='bbox 1232 3200 1329 3269; x_wconf 90' lang='lat' dir='ltr'><strong>etex</strong></span> <span class='ocrx_word' id='word_1_197' title='bbox 1348 3203 1447 3270; x_wconf 89' lang='lat' dir='ltr'><strong>certa</strong></span> 
     </span>
     <span class='ocr_line' id='line_1_23' title="bbox 109 3318 1444 3416; baseline 0.001 -23"><span class='ocrx_word' id='word_1_198' title='bbox 109 3325 242 3395; x_wconf 90' lang='lat' dir='ltr'><strong>nostra</strong></span> <span class='ocrx_word' id='word_1_199' title='bbox 269 3320 432 3408; x_wconf 88' lang='lat' dir='ltr'><strong>scientia,</strong></span> <span class='ocrx_word' id='word_1_200' title='bbox 462 3319 647 3392; x_wconf 89' lang='lat' dir='ltr'><strong>universos</strong></span> <span class='ocrx_word' id='word_1_201' title='bbox 670 3323 705 3391; x_wconf 93' lang='lat' dir='ltr'><strong>et</strong></span> <span class='ocrx_word' id='word_1_202' title='bbox 729 3318 889 3415; x_wconf 85' lang='lat' dir='ltr'><strong>singulos</strong></span> <span class='ocrx_word' id='word_1_203' title='bbox 918 3319 1191 3416; x_wconf 85' lang='lat' dir='ltr'><strong>gubernatores,</strong></span> <span class='ocrx_word' id='word_1_204' title='bbox 1224 3325 1384 3395; x_wconf 90' lang='lat' dir='ltr'><strong>rectores</strong></span> <span class='ocrx_word' id='word_1_205' title='bbox 1412 3328 1444 3394; x_wconf 90' lang='lat' dir='ltr'><strong>et</strong></span> 
     </span>
     <span class='ocr_line' id='line_1_24' title="bbox 108 3444 1446 3542; baseline 0.003 -28"><span class='ocrx_word' id='word_1_206' title='bbox 108 3445 266 3520; x_wconf 84' lang='lat' dir='ltr'><strong>vicarios</strong></span> <span class='ocrx_word' id='word_1_207' title='bbox 288 3445 326 3517; x_wconf 92' lang='lat' dir='ltr'><strong>in</strong></span> <span class='ocrx_word' id='word_1_208' title='bbox 348 3444 606 3541; x_wconf 86' lang='lat' dir='ltr'><strong>temporalibus</strong></span> <span class='ocrx_word' id='word_1_209' title='bbox 627 3447 771 3516; x_wconf 90' lang='lat' dir='ltr'><strong>nostros</strong></span> <span class='ocrx_word' id='word_1_210' title='bbox 795 3447 830 3516; x_wconf 95' lang='lat' dir='ltr'><strong>et</strong></span> <span class='ocrx_word' id='word_1_211' title='bbox 853 3444 1017 3542; x_wconf 90' lang='lat' dir='ltr'><strong>ejusdem</strong></span> <span class='ocrx_word' id='word_1_212' title='bbox 1039 3444 1198 3518; x_wconf 87' lang='lat' dir='ltr'><strong>Ecclesie</strong></span> <span class='ocrx_word' id='word_1_213' title='bbox 1224 3445 1379 3518; x_wconf 90' lang='lat' dir='ltr'><strong>barones</strong></span> <span class='ocrx_word' id='word_1_214' title='bbox 1405 3471 1446 3518; x_wconf 89' lang='lat' dir='ltr'><strong>ac</strong></span> 
     </span>
     <span class='ocr_line' id='line_1_25' title="bbox 109 3568 1442 3659; baseline 0 -17"><span class='ocrx_word' id='word_1_215' title='bbox 109 3569 350 3657; x_wconf 83' lang='lat' dir='ltr'><strong>feudatarius,</strong></span> <span class='ocrx_word' id='word_1_216' title='bbox 381 3568 659 3643; x_wconf 88' lang='lat' dir='ltr'><strong>communitates</strong></span> <span class='ocrx_word' id='word_1_217' title='bbox 683 3573 719 3641; x_wconf 89' lang='lat' dir='ltr'><strong>et</strong></span> <span class='ocrx_word' id='word_1_218' title='bbox 745 3568 995 3642; x_wconf 83' lang='lat' dir='ltr'><strong>universitates</strong></span> <span class='ocrx_word' id='word_1_219' title='bbox 1025 3568 1223 3656; x_wconf 87' lang='lat' dir='ltr'><strong>civitatum,</strong></span> <span class='ocrx_word' id='word_1_220' title='bbox 1250 3574 1442 3659; x_wconf 88' lang='lat' dir='ltr'><strong>terrarum,</strong></span> 
     </span>
     <span class='ocr_line' id='line_1_26' title="bbox 112 3693 1446 3782; baseline -0.001 -12"><span class='ocrx_word' id='word_1_221' title='bbox 112 3700 335 3782; x_wconf 89' lang='lat' dir='ltr'><strong>castrorum,</strong></span> <span class='ocrx_word' id='word_1_222' title='bbox 361 3694 523 3768; x_wconf 87' lang='lat' dir='ltr'><strong>villarum</strong></span> <span class='ocrx_word' id='word_1_223' title='bbox 547 3699 584 3767; x_wconf 93' lang='lat' dir='ltr'><strong>et</strong></span> <span class='ocrx_word' id='word_1_224' title='bbox 600 3694 764 3768; x_wconf 91' lang='lat' dir='ltr'><strong>locorum</strong></span> <span class='ocrx_word' id='word_1_225' title='bbox 787 3699 912 3767; x_wconf 91' lang='lat' dir='ltr'><strong>nostro</strong></span> <span class='ocrx_word' id='word_1_226' title='bbox 937 3699 973 3768; x_wconf 91' lang='lat' dir='ltr'><strong>et</strong></span> <span class='ocrx_word' id='word_1_227' title='bbox 995 3695 1090 3768; x_wconf 91' lang='lat' dir='ltr'><strong>dicte</strong></span> <span class='ocrx_word' id='word_1_228' title='bbox 1114 3716 1263 3769; x_wconf 88' lang='lat' dir='ltr'><strong>romane</strong></span> <span class='ocrx_word' id='word_1_229' title='bbox 1287 3693 1446 3768; x_wconf 86' lang='lat' dir='ltr'><strong>Ecclesie</strong></span> 
     </span>
     <span class='ocr_line' id='line_1_27' title="bbox 114 3805 1446 3917; baseline -0.002 -23"><span class='ocrx_word' id='word_1_230' title='bbox 114 3819 310 3917; x_wconf 88' lang='lat' dir='ltr'><strong>temporali</strong></span> <span class='ocrx_word' id='word_1_231' title='bbox 322 3805 484 3892; x_wconf 90' lang='lat' dir='ltr'><strong>dominio</strong></span> <span class='ocrx_word' id='word_1_232' title='bbox 494 3817 707 3916; x_wconf 88' lang='lat' dir='ltr'><strong>hujusmodi</strong></span> <span class='ocrx_word' id='word_1_233' title='bbox 722 3818 879 3891; x_wconf 88' lang='lat' dir='ltr'><strong>mediate</strong></span> <span class='ocrx_word' id='word_1_234' title='bbox 894 3818 949 3891; x_wconf 94' lang='lat' dir='ltr'><strong>vel</strong></span> <span class='ocrx_word' id='word_1_235' title='bbox 967 3818 1175 3893; x_wconf 89' lang='lat' dir='ltr'><strong>immediate</strong></span> <span class='ocrx_word' id='word_1_236' title='bbox 1187 3819 1446 3916; x_wconf 88' lang='lat' dir='ltr'><strong>subjectorum,</strong></span> 
     </span>
     <span class='ocr_line' id='line_1_28' title="bbox 114 3943 1447 4033; baseline -0.001 -15"><span class='ocrx_word' id='word_1_237' title='bbox 114 3969 186 4018; x_wconf 91' lang='lat' dir='ltr'><strong>uec</strong></span> <span class='ocrx_word' id='word_1_238' title='bbox 198 3967 272 4018; x_wconf 93' lang='lat' dir='ltr'><strong>non</strong></span> <span class='ocrx_word' id='word_1_239' title='bbox 283 3944 447 4032; x_wconf 88' lang='lat' dir='ltr'><strong>ducatus,</strong></span> <span class='ocrx_word' id='word_1_240' title='bbox 467 3943 749 4032; x_wconf 89' lang='lat' dir='ltr'><strong>marchionatus,</strong></span> <span class='ocrx_word' id='word_1_241' title='bbox 768 3943 972 4032; x_wconf 87' lang='lat' dir='ltr'><strong>comitatus,</strong></span> <span class='ocrx_word' id='word_1_242' title='bbox 995 3944 1168 4033; x_wconf 83' lang='lat' dir='ltr'><strong>civitates,</strong></span> <span class='ocrx_word' id='word_1_243' title='bbox 1188 3949 1295 4032; x_wconf 90' lang='lat' dir='ltr'><strong>terre,</strong></span> <span class='ocrx_word' id='word_1_244' title='bbox 1315 3949 1447 4032; x_wconf 90' lang='lat' dir='ltr'><strong>castra,</strong></span> 
     </span>
     <span class='ocr_line' id='line_1_29' title="bbox 114 4042 1456 4166; baseline 0 -24"><span class='ocrx_word' id='word_1_245' title='bbox 114 4070 203 4144; x_wconf 92' lang='lat' dir='ltr'><strong>ville</strong></span> <span class='ocrx_word' id='word_1_246' title='bbox 215 4069 341 4144; x_wconf 90' lang='lat' dir='ltr'><strong>etloca</strong></span> <span class='ocrx_word' id='word_1_247' title='bbox 359 4092 585 4164; x_wconf 87' lang='lat' dir='ltr'><strong>quecumque</strong></span> <span class='ocrx_word' id='word_1_248' title='bbox 601 4093 623 4141; x_wconf 91' lang='lat' dir='ltr'><strong>a</strong></span> <span class='ocrx_word' id='word_1_249' title='bbox 638 4069 735 4142; x_wconf 90' lang='lat' dir='ltr'><strong>dicta</strong></span> <span class='ocrx_word' id='word_1_250' title='bbox 752 4068 913 4142; x_wconf 88' lang='lat' dir='ltr'><strong>Ecclesia</strong></span> <span class='ocrx_word' id='word_1_251' title='bbox 929 4093 1159 4166; x_wconf 91' lang='lat' dir='ltr'><strong>quocumque</strong></span> <span class='ocrx_word' id='word_1_252' title='bbox 1177 4069 1281 4143; x_wconf 92' lang='lat' dir='ltr'><strong>titulo</strong></span> <span class='ocrx_word' id='word_1_253' title='bbox 1293 4042 1456 4142; x_wconf 84' lang='lat' dir='ltr'><strong>mediate</strong></span> 
     </span>
     <span class='ocr_line' id='line_1_30' title="bbox 117 4193 1452 4290; baseline 0 -23"><span class='ocrx_word' id='word_1_254' title='bbox 117 4194 173 4268; x_wconf 91' lang='lat' dir='ltr'><strong>vel</strong></span> <span class='ocrx_word' id='word_1_255' title='bbox 205 4194 418 4268; x_wconf 89' lang='lat' dir='ltr'><strong>immediate</strong></span> <span class='ocrx_word' id='word_1_256' title='bbox 463 4193 682 4282; x_wconf 70' lang='lat' dir='ltr'><strong>obtinentes</strong></span> <span class='ocrx_word' id='word_1_257' title='bbox 728 4197 853 4266; x_wconf 91' lang='lat' dir='ltr'><strong>tenore</strong></span> <span class='ocrx_word' id='word_1_258' title='bbox 893 4195 1116 4290; x_wconf 91' lang='lat' dir='ltr'><strong>presentium</strong></span> <span class='ocrx_word' id='word_1_259' title='bbox 1160 4194 1374 4290; x_wconf 91' lang='lat' dir='ltr'><strong>requirimus</strong></span> <span class='ocrx_word' id='word_1_260' title='bbox 1416 4201 1452 4267; x_wconf 91' lang='lat' dir='ltr'><strong>et</strong></span> 
     </span>
     <span class='ocr_line' id='line_1_31' title="bbox 121 4318 1450 4414; baseline -0.002 -20"><span class='ocrx_word' id='word_1_261' title='bbox 121 4321 355 4408; x_wconf 88' lang='lat' dir='ltr'><strong>mandamus,</strong></span> <span class='ocrx_word' id='word_1_262' title='bbox 378 4319 502 4414; x_wconf 91' lang='lat' dir='ltr'><strong>eisque</strong></span> <span class='ocrx_word' id='word_1_263' title='bbox 522 4323 701 4392; x_wconf 89' lang='lat' dir='ltr'><strong>eteorum</strong></span> <span class='ocrx_word' id='word_1_264' title='bbox 724 4318 873 4398; x_wconf 88' lang='lat' dir='ltr'><strong>cuilibet</strong></span> <span class='ocrx_word' id='word_1_265' title='bbox 894 4319 932 4392; x_wconf 95' lang='lat' dir='ltr'><strong>in</strong></span> <span class='ocrx_word' id='word_1_266' title='bbox 949 4319 1080 4393; x_wconf 90' lang='lat' dir='ltr'><strong>virtute</strong></span> <span class='ocrx_word' id='word_1_267' title='bbox 1099 4324 1223 4394; x_wconf 89' lang='lat' dir='ltr'><strong>sancte</strong></span> <span class='ocrx_word' id='word_1_268' title='bbox 1246 4319 1450 4393; x_wconf 90' lang='lat' dir='ltr'><strong>obedientie</strong></span> 
     </span>
     <span class='ocr_line' id='line_1_32' title="bbox 118 4443 1451 4541; baseline -0.001 -23"><span class='ocrx_word' id='word_1_269' title='bbox 118 4453 156 4518; x_wconf 88' lang='lat' dir='ltr'><strong>et</strong></span> <span class='ocrx_word' id='word_1_270' title='bbox 187 4445 254 4518; x_wconf 91' lang='lat' dir='ltr'><strong>sub</strong></span> <span class='ocrx_word' id='word_1_271' title='bbox 281 4443 666 4518; x_wconf 85' lang='lat' dir='ltr'><strong>excommunicationis</strong></span> <span class='ocrx_word' id='word_1_272' title='bbox 692 4445 728 4516; x_wconf 93' lang='lat' dir='ltr'><strong>in</strong></span> <span class='ocrx_word' id='word_1_273' title='bbox 756 4443 914 4541; x_wconf 85' lang='lat' dir='ltr'><strong>singulos</strong></span> <span class='ocrx_word' id='word_1_274' title='bbox 941 4468 983 4518; x_wconf 85' lang='lat' dir='ltr'><strong>ac</strong></span> <span class='ocrx_word' id='word_1_275' title='bbox 1007 4444 1188 4518; x_wconf 89' lang='lat' dir='ltr'><strong>interdicti</strong></span> <span class='ocrx_word' id='word_1_276' title='bbox 1217 4444 1451 4519; x_wconf 85' lang='lat' dir='ltr'><strong>ecelesiastici</strong></span> 
     </span>
     <span class='ocr_line' id='line_1_33' title="bbox 119 4569 1451 4668; baseline -0.002 -24"><span class='ocrx_word' id='word_1_277' title='bbox 119 4573 156 4644; x_wconf 94' lang='lat' dir='ltr'><strong>iu</strong></span> <span class='ocrx_word' id='word_1_278' title='bbox 190 4570 472 4644; x_wconf 88' lang='lat' dir='ltr'><strong>communitates</strong></span> <span class='ocrx_word' id='word_1_279' title='bbox 499 4573 535 4643; x_wconf 90' lang='lat' dir='ltr'><strong>et</strong></span> <span class='ocrx_word' id='word_1_280' title='bbox 562 4569 811 4642; x_wconf 88' lang='lat' dir='ltr'><strong>universitates</strong></span> <span class='ocrx_word' id='word_1_281' title='bbox 842 4570 914 4642; x_wconf 90' lang='lat' dir='ltr'><strong>late</strong></span> <span class='ocrx_word' id='word_1_282' title='bbox 943 4571 1122 4643; x_wconf 91' lang='lat' dir='ltr'><strong>sententie</strong></span> <span class='ocrx_word' id='word_1_283' title='bbox 1156 4571 1258 4668; x_wconf 91' lang='lat' dir='ltr'><strong>penis</strong></span> <span class='ocrx_word' id='word_1_284' title='bbox 1288 4569 1451 4643; x_wconf 91' lang='lat' dir='ltr'><strong>districte</strong></span> 
     </span>
     <span class='ocr_line' id='line_1_34' title="bbox 119 4693 1452 4793; baseline -0.002 -25"><span class='ocrx_word' id='word_1_285' title='bbox 119 4694 361 4793; x_wconf 90' lang='lat' dir='ltr'><strong>precipiendo</strong></span> <span class='ocrx_word' id='word_1_286' title='bbox 383 4694 611 4782; x_wconf 90' lang='lat' dir='ltr'><strong>mandamus,</strong></span> <span class='ocrx_word' id='word_1_287' title='bbox 638 4698 815 4790; x_wconf 90' lang='lat' dir='ltr'><strong>quatenus</strong></span> <span class='ocrx_word' id='word_1_288' title='bbox 838 4693 906 4791; x_wconf 89' lang='lat' dir='ltr'><strong>ipsi</strong></span> <span class='ocrx_word' id='word_1_289' title='bbox 924 4699 1102 4768; x_wconf 89' lang='lat' dir='ltr'><strong>eteorum</strong></span> <span class='ocrx_word' id='word_1_290' title='bbox 1122 4695 1251 4792; x_wconf 84' lang='lat' dir='ltr'><strong>singuli</strong></span> <span class='ocrx_word' id='word_1_291' title='bbox 1269 4695 1305 4767; x_wconf 96' lang='lat' dir='ltr'><strong>in</strong></span> <span class='ocrx_word' id='word_1_292' title='bbox 1324 4716 1452 4767; x_wconf 91' lang='lat' dir='ltr'><strong>eorum</strong></span> 
     </span>
     <span class='ocr_line' id='line_1_35' title="bbox 118 4818 1452 4919; baseline -0.004 -25"><span class='ocrx_word' id='word_1_293' title='bbox 118 4820 327 4919; x_wconf 87' lang='lat' dir='ltr'><strong>provinciis,</strong></span> <span class='ocrx_word' id='word_1_294' title='bbox 363 4818 566 4905; x_wconf 87' lang='lat' dir='ltr'><strong>territoriis,</strong></span> <span class='ocrx_word' id='word_1_295' title='bbox 601 4819 833 4893; x_wconf 89' lang='lat' dir='ltr'><strong>comitatibus</strong></span> <span class='ocrx_word' id='word_1_296' title='bbox 863 4823 899 4891; x_wconf 92' lang='lat' dir='ltr'><strong>et</strong></span> <span class='ocrx_word' id='word_1_297' title='bbox 928 4819 1163 4908; x_wconf 86' lang='lat' dir='ltr'><strong>districtibus,</strong></span> <span class='ocrx_word' id='word_1_298' title='bbox 1194 4819 1387 4915; x_wconf 84' lang='lat' dir='ltr'><strong>barigellos</strong></span> <span class='ocrx_word' id='word_1_299' title='bbox 1416 4823 1452 4890; x_wconf 93' lang='lat' dir='ltr'><strong>et</strong></span> 
     </span>
     <span class='ocr_line' id='line_1_36' title="bbox 118 4943 1453 5041; baseline -0.006 -21"><span class='ocrx_word' id='word_1_300' title='bbox 118 4945 354 5020; x_wconf 81' lang='lat' dir='ltr'><strong>marescallus</strong></span> <span class='ocrx_word' id='word_1_301' title='bbox 372 4967 413 5018; x_wconf 86' lang='lat' dir='ltr'><strong>ac</strong></span> <span class='ocrx_word' id='word_1_302' title='bbox 435 4943 525 5018; x_wconf 85' lang='lat' dir='ltr'><strong>alios</strong></span> <span class='ocrx_word' id='word_1_303' title='bbox 543 4943 717 5018; x_wconf 78' lang='lat' dir='ltr'><strong>officiales</strong></span> <span class='ocrx_word' id='word_1_304' title='bbox 735 4949 771 5016; x_wconf 90' lang='lat' dir='ltr'><strong>et</strong></span> <span class='ocrx_word' id='word_1_305' title='bbox 789 4944 1056 5018; x_wconf 89' lang='lat' dir='ltr'><strong>commissarios</strong></span> <span class='ocrx_word' id='word_1_306' title='bbox 1079 4945 1140 5041; x_wconf 92' lang='lat' dir='ltr'><strong>qui</strong></span> <span class='ocrx_word' id='word_1_307' title='bbox 1162 4943 1344 5031; x_wconf 88' lang='lat' dir='ltr'><strong>continue,</strong></span> <span class='ocrx_word' id='word_1_308' title='bbox 1373 4964 1453 5038; x_wconf 92' lang='lat' dir='ltr'><strong>pre-</strong></span> 
     </span>
     <span class='ocr_line' id='line_1_37' title="bbox 120 5068 1454 5172; baseline -0.006 -25"><span class='ocrx_word' id='word_1_309' title='bbox 120 5073 226 5172; x_wconf 91' lang='lat' dir='ltr'><strong>cipue</strong></span> <span class='ocrx_word' id='word_1_310' title='bbox 246 5093 343 5146; x_wconf 91' lang='lat' dir='ltr'><strong>anno</strong></span> <span class='ocrx_word' id='word_1_311' title='bbox 362 5069 520 5166; x_wconf 91' lang='lat' dir='ltr'><strong>presenti</strong></span> <span class='ocrx_word' id='word_1_312' title='bbox 530 5069 656 5167; x_wconf 92' lang='lat' dir='ltr'><strong>jubilei</strong></span> <span class='ocrx_word' id='word_1_313' title='bbox 668 5071 835 5158; x_wconf 88' lang='lat' dir='ltr'><strong>durante,</strong></span> <span class='ocrx_word' id='word_1_314' title='bbox 854 5071 912 5142; x_wconf 91' lang='lat' dir='ltr'><strong>die</strong></span> <span class='ocrx_word' id='word_1_315' title='bbox 928 5075 1110 5166; x_wconf 92' lang='lat' dir='ltr'><strong>noctuque</strong></span> <span class='ocrx_word' id='word_1_316' title='bbox 1129 5093 1170 5142; x_wconf 89' lang='lat' dir='ltr'><strong>ac</strong></span> <span class='ocrx_word' id='word_1_317' title='bbox 1188 5068 1329 5165; x_wconf 90' lang='lat' dir='ltr'><strong>quoties</strong></span> <span class='ocrx_word' id='word_1_318' title='bbox 1348 5091 1454 5165; x_wconf 88' lang='lat' dir='ltr'><strong>expe-</strong></span> 
     </span>
     <span class='ocr_line' id='line_1_38' title="bbox 119 5187 1453 5292; baseline -0.006 -20"><span class='ocrx_word' id='word_1_319' title='bbox 119 5199 223 5272; x_wconf 91' lang='lat' dir='ltr'><strong>diens</strong></span> <span class='ocrx_word' id='word_1_320' title='bbox 242 5195 366 5285; x_wconf 87' lang='lat' dir='ltr'><strong>luerit,</strong></span> <span class='ocrx_word' id='word_1_321' title='bbox 391 5193 466 5270; x_wconf 87' lang='lat' dir='ltr'><strong>vias</strong></span> <span class='ocrx_word' id='word_1_322' title='bbox 484 5200 520 5270; x_wconf 90' lang='lat' dir='ltr'><strong>et</strong></span> <span class='ocrx_word' id='word_1_323' title='bbox 538 5201 668 5270; x_wconf 89' lang='lat' dir='ltr'><strong>stratas</strong></span> <span class='ocrx_word' id='word_1_324' title='bbox 687 5221 727 5269; x_wconf 91' lang='lat' dir='ltr'><strong>ac</strong></span> <span class='ocrx_word' id='word_1_325' title='bbox 752 5195 821 5270; x_wconf 88' lang='lat' dir='ltr'><strong>alia</strong></span> <span class='ocrx_word' id='word_1_326' title='bbox 839 5219 965 5269; x_wconf 88' lang='lat' dir='ltr'><strong>eorum</strong></span> <span class='ocrx_word' id='word_1_327' title='bbox 986 5195 1067 5268; x_wconf 91' lang='lat' dir='ltr'><strong>loca</strong></span> <span class='ocrx_word' id='word_1_328' title='bbox 1083 5217 1148 5292; x_wconf 92' lang='lat' dir='ltr'><strong>per</strong></span> <span class='ocrx_word' id='word_1_329' title='bbox 1170 5218 1240 5290; x_wconf 90' lang='lat' dir='ltr'><strong>que</strong></span> <span class='ocrx_word' id='word_1_330' title='bbox 1263 5187 1453 5290; x_wconf 88' lang='lat' dir='ltr'><strong>Romipete</strong></span> 
     </span>
    </p>
   </div>
   <div class='ocr_carea' id='block_1_3' title="bbox 263 5375 1311 5431">
    <p class='ocr_par' dir='ltr' id='par_1_3' title="bbox 263 5375 1311 5431">
     <span class='ocr_line' id='line_1_39' title="bbox 263 5375 1311 5431; baseline -0.002 -1"><span class='ocrx_word' id='word_1_331' title='bbox 263 5385 287 5431; x_wconf 85' lang='grc' dir='ltr'><strong>τ.</strong></span> <span class='ocrx_word' id='word_1_332' title='bbox 312 5391 350 5430; x_wconf 85' lang='grc' dir='ltr'><strong>ιιι.</strong></span> <span class='ocrx_word' id='word_1_333' title='bbox 1293 5375 1311 5428; x_wconf 77' lang='grc'>2</span> 
     </span>
    </p>
   </div>
   <div class='ocr_carea' id='block_1_4' title="bbox 0 0 1828 6064">
    <p class='ocr_par' dir='ltr' id='par_1_4' title="bbox 0 0 1828 6064">
     <span class='ocr_line' id='line_1_40' title="bbox 0 0 1828 6064; baseline 0 0"><span class='ocrx_word' id='word_1_334' title='bbox 0 0 1828 6064; x_wconf 95' lang='lat' dir='ltr'><strong> </strong></span> 
     </span>
    </p>
   </div>
  </div>
 </body>
</html>
