3506 6034
96 619 170 682 {itm
184 616 258 680 tttSl
416 613 542 672 RERUM
566 611 795 672 URBANARUM
818 609 1081 672 contumatiam
1367 613 1421 672 ²01

140 771 242 845 Faria
264 775 378 861 sexta,
398 769 540 844 veneris
566 773 703 856 sancte,
731 769 775 841 25
799 765 935 840 mensis
955 764 1076 838 martii
1097 764 1264 862 predicti,
1286 768 1349 840 SS.
1371 769 1419 844 D·

94 897 221 984 noster,
236 903 323 994 post
336 896 467 969 horam
477 892 759 992 quindecimam,
774 893 925 987 paratus
936 898 1053 986 cappa
1067 895 1103 963 et
1117 889 1225 962 mitra
1237 889 1415 988 simplice,

91 1029 247 1120 portatus
263 1020 301 1094 in
320 1021 421 1110 sede,
437 1020 534 1094 venit
549 1019 595 1092 ad
615 1017 795 1115 capellam
814 1015 851 1088 in
867 1038 937 1112 qua
954 1013 1115 1089 interfuit
1130 1013 1253 1090 alticio
1271 1014 1417 1112 publico

91 1147 180 1242 quod
197 1144 394 1220 celebravit
412 1149 536 1218 limus.
559 1147 603 1217 l).
630 1139 823 1216 cardinalis
844 1139 1074 1214 cusentinus,
1097 1139 1309 1214 Passionem
1332 1163 1419 1214 oan-

90 1273 205 1364 tarunt
221 1271 265 1343 D.
283 1269 471 1360 Martinus,
488 1268 676 1357 diaconus,
692 1271 729 1340 et
744 1265 816 1340 duo
829 1264 890 1340 alii
906 1271 1077 1338 cantores
1092 1263 1229 1361 capella
1245 1270 1367 1340 nostre
1383 1263 1420 1340 iu

90 1393 309 1492 paramentis
329 1393 453 1491 nigris.
480 1397 694 1468 Sermonem
714 1391 788 1466 sive
813 1389 1017 1464 orationem
1037 1388 1122 1464 lacit
1145 1391 1187 1464 D.
1213 1389 1419 1464 Bernardus

89 1523 214 1610 Penus,
236 1517 535 1616 prothonotarius
558 1516 778 1615 apostolicus
797 1519 971 1592 Venatus.
992 1517 1034 1588 ln
1053 1515 1265 1590 adoratione
1285 1515 1417 1602 crucis,

90 1652 164 1742 post
176 1651 310 1720 omnes
325 1644 528 1742 episcopos,
547 1643 792 1718 adoraverunt
808 1640 919 1716 irater
933 1639 1168 1736 Augustinus,
1192 1640 1341 1715 sacrista
1356 1651 1417 1714 ca-

90 1770 176 1867 pclle
191 1777 229 1845 at
243 1770 436 1845 consessor
456 1773 566 1867 Papa,
583 1767 772 1857 adextris,
789 1772 827 1840 et
843 1764 1155 1864 prothonotarius,
1175 1771 1297 1840 orator
1313 1765 1417 1839 'ducis

89 1895 338 1983 Fermriensis,
357 1917 378 1970 a
395 1894 569 1983 sinistris;
591 1892 698 1966 simul
713 1899 795 1990 post
809 1915 885 1982 eos,
904 1895 1068 1966 oratores
1084 1889 1166 1964 laici
1180 1889 1418 1966 Venatiarum

89 2025 121 2094 at
138 2021 308 2119 eiusdem
331 2021 433 2094 ducis
448 2018 702 2096 Ferrariensis.
724 2019 941 2094 cusentinus
956 2016 1149 2092 celebrans
1165 2015 1260 2092 venit
1275 2015 1323 2090 ad
1338 2039 1419 2114 pan

88 2169 161 2219 ram
177 2147 360 2244 capellam
376 2169 445 2244 pro
463 2153 692 2222 sacramento
708 2169 791 2220 cum
813 2149 923 2242 Papa,
942 2143 1000 2218 cui
1018 2147 1102 2216 anto
1121 2141 1233 2216 altare
1253 2141 1418 2239 ejusdem

89 2271 221 2370 capelle
237 2272 331 2348 illud
345 2272 529 2370 reaccepit
547 2255 592 2346 ab
610 2295 668 2348 eo.
690 2275 822 2348 Parata
842 2271 989 2345 luerunt
1007 2269 1180 2344 duntaxat
1197 2273 1282 2342 anta
1299 2289 1419 2340 sacra-

88 2405 247 2473 mentum
268 2397 398 2474 decem
415 2397 611 2488 interlicia,
629 2421 703 2472 non
718 2396 929 2488 duodecim3
957 2395 1027 2470 alia
1045 2416 1147 2468 more
1162 2392 1282 2468 solito.
1303 2393 1420 2468 Offer-

88 2524 213 2598 torium
228 2523 302 2598 luit
320 2523 358 2597 in
373 2523 513 2600 ducatis
528 2523 565 2598 in
584 2547 676 2598 auro
696 2523 883 2622 sexaginta
899 2522 1027 2611 tribus,
1047 2525 1084 2594 et
1099 2541 1171 2592 uno
1187 2516 1415 2615 alphonsino,

88 2655 119 2722 at
132 2647 276 2722 ducatis
296 2647 499 2723 o'ctodseim
518 2649 574 2722 vel
589 2647 688 2722 cirea
703 2647 747 2722 da
764 2647 917 2724 corlenis
934 2671 941 2720 :
963 2645 1073 2721 habui
1091 2647 1129 2720 in
1141 2655 1281 2746 partem
1296 2657 1417 2722 meam

89 2769 238 2846 ducatos
250 2771 288 2844 in
305 2793 393 2846 auro
408 2769 599 2846 duodecim
615 2778 650 2846 at
667 2770 835 2846 carlenos
851 2776 1008 2867 quatuor
1023 2767 1081 2844 val
1098 2791 1227 2844 eorum
1241 2768 1414 2844 valorem.

90 2901 123 2972 ln
143 2921 245 2989 sero,
270 2898 366 2971 inter
389 2899 600 2995 vigesimam
622 2923 733 2974 unam
758 2907 793 2974 et
816 2899 1028 2997 vigesimam
1050 2897 1249 2972 secundam
1271 2896 1415 2988 horam,

91 3027 191 3121 Papa,
214 3023 368 3100 indutus
392 3048 520 3122 cappa,
543 3025 644 3109 uenit
666 3025 712 3100 ad
734 3025 911 3122 capellam
933 3026 1115 3124 majoram
1132 3025 1356 3124 predictam,
1381 3025 1419 3097 in

92 3149 168 3224 sade
182 3155 364 3248 portatus,
381 3151 419 3224 in
434 3175 507 3247 qua
523 3151 687 3227 interfuit
704 3151 903 3244 matutinis,
923 3152 961 3226 in
978 3151 1109 3248 quihus
1126 3151 1314 3228 observata
1335 3159 1420 3227 sunt

92 3276 206 3350 omnia
225 3285 330 3352 more
345 3276 466 3351 solito.
1151 3274 1154 3284 '

95 3441 98 3478 ;
134 3401 298 3476 Sabbato
313 3407 453 3494 sancto,
473 3407 518 3476 26
539 3402 672 3491 martii,
693 3407 817 3476 Rmu's.
842 3407 884 3477 D.
912 3405 1105 3478 cardinalis
1127 3430 1155 3478 s.
1180 3403 1303 3478 Crucis
1322 3403 1421 3478 'ccle-

92 3524 196 3600 lnarit
219 3524 369 3600 missam
393 3526 574 3622 publicam
599 3527 636 3600 in
656 3527 796 3623 capella
817 3527 1036 3624 supradicta,
1061 3531 1159 3625 Papa
1179 3533 1362 3629 presente,
1384 3525 1422 3600 in

92 3673 156 3745 qua
170 3651 365 3724 observata
380 3657 464 3724 sunt
481 3651 604 3724 omnia
618 3659 724 3749 prout
741 3652 779 3725 iu
795 3652 991 3726 ordinario.
1012 3653 1131 3728 Finita
1149 3652 1274 3741 missa,
1292 3653 1355 3726 SS.
1375 3655 1418 3726 ll.

92 3782 211 3851 noster
237 3775 376 3850 vocavit
399 3775 446 3850 ad
472 3801 511 3850 se
536 3781 681 3850 Rmum.
711 3781 753 3852 D.
783 3777 1005 3854 cardinalem
1033 3803 1063 3852 s.
1091 3775 1275 3868 Praxedis,
1303 3781 1340 3850 et
1362 3789 1421 3851 ms

93 3900 316 3998 interrogans
341 3925 387 3974 an
411 3900 517 3976 nobis
545 3901 731 3978 'videretur
757 3903 862 3977 nobis
886 3904 1002 3978 omitti
1029 3904 1163 3980 debere
1184 3903 1267 4001 [die]
1294 3902 1422 3978 martis

94 4027 253 4121 proxima
266 4025 415 4102 missam
431 4027 650 4102 ordinariam
669 4029 706 4102 in
722 4029 862 4126 capella
880 4030 1043 4126 prodictu
1061 4035 1098 4104 ot
1118 4030 1244 4127 peragi
1260 4028 1423 4102 cilicium

96 4151 384 4228 annunciationis
404 4153 510 4228 beate
536 4153 648 4228 Maria
674 4154 818 4253 virginis
845 4155 881 4228 in
904 4155 1066 4230 Minerva
1087 4165 1124 4230 ct
1150 4155 1201 4228 illi
1226 4155 1421 4238 interesset

99 4278 346 4354 cardinalias.
374 4278 543 4352 Praxedis
568 4279 708 4354 remisit
734 4303 772 4352 se
800 4280 978 4356 sententie
1010 4279 1215 4356 sanctitatis
1239 4304 1316 4354 suo.
1347 4283 1423 4376 Ego

96 4402 263 4500 respondi
292 4403 403 4500 quod,
432 4391 626 4502 postquam
653 4403 785 4478 testum
813 4404 1017 4501 predictum
1044 4411 1123 4480 erat
1148 4405 1363 4500 preteritum
1388 4409 1423 4478 et

96 4535 284 4625 propterea
301 4533 403 4603 extra
425 4527 524 4603 diam
543 4553 649 4604 suum
670 4530 917 4627 paragendum
936 4530 974 4603 in
996 4529 1225 4606 hebdomade
1243 4528 1419 4627 paschali,

95 4653 154 4726 sed
166 4653 259 4728 laria
279 4653 443 4728 secunda
458 4659 540 4751 post
558 4654 827 4730 hebdomadem
842 4655 1056 4754 predictam,
1079 4655 1280 4730 secundum
1296 4675 1423 4727 omnes

98 4777 253 4852 rubricas
270 4803 278 4869 ;
301 4801 426 4852 aarum
445 4779 474 4851 si
491 4778 623 4852 testum
642 4779 850 4878 predictum
870 4785 1084 4855 occurreret
1102 4780 1199 4854 dicta
1219 4779 1277 4853 dic
1296 4776 1423 4852 martis

98 4899 146 4976 vel
162 4903 256 4978 inira
271 4902 539 4978 hebdomadem
556 4903 772 5001 predictam,
790 4912 913 5002 posset
928 4905 1068 4978 facilius
1082 4903 1229 4978 tolerari
1246 4901 1345 4999 quod
1360 4924 1426 4975 sua

100 5023 152 5100 die
167 5033 424 5125 perageretur.
446 5031 537 5102 Tum
555 5029 641 5104 iecit
657 5031 769 5104 etiam
786 5031 905 5104 vocari
925 5029 1106 5104 Sanctitas
1121 5052 1186 5102 sua
1200 5025 1427 5102 cardinalem

99 5151 382 5249 Neapolitanum,
409 5153 446 5226 in
470 5155 575 5252 qu'us
596 5155 780 5252 presentia
800 5154 900 5229 nolui
922 5154 1060 5230 dictum
1085 5176 1208 5228 meum
1230 5152 1423 5250 replicare,

96 5275 157 5349 sed
169 5276 296 5393 reliqui
312 5277 461 5352 arbitrio
477 5281 541 5354 SS.
563 5281 606 5354 D.
624 5281 755 5371 nostri,
773 5280 833 5380 qui
849 5279 1029 5356 ordinavit
1042 5279 1141 5378 quod
1154 5279 1227 5354 sive
1242 5277 1424 5354 Sanctitas
