3554 6042
364 589 417 646 ssa
820 585 997 644 tonsurus
1021 585 1244 657 nunculiam,
1331 657 1335 664 Ι
1490 589 1674 655 [sensnum

365 741 456 813 tium
474 764 541 838 per
560 743 709 837 pontem
726 765 755 813 s.
776 739 902 830 Marie,
921 740 980 813 via
996 743 1099 814 recta
1120 740 1166 812 ad
1186 743 1337 836 pontem
1354 739 1466 830 Sexti,
1490 764 1555 838 per
1570 745 1674 840 Regu-

367 866 439 939 lam
458 865 504 940 ad
519 873 668 963 pontem
687 890 716 937 s.
740 865 882 963 Angeli,
898 864 959 938 ubi
976 864 1070 938 citra
1087 873 1236 962 pontem
1256 865 1356 940 dedit
1373 865 1559 940 licentiam
1573 867 1676 940 cardi-

368 991 508 1066 nalibus
528 998 564 1064 et
576 991 742 1064 rediitad
753 989 940 1088 palatium.
956 990 1082 1064 Eundo
1093 995 1215 1064 autem
1227 990 1291 1066 ivit
1303 1013 1369 1088 per
1383 993 1559 1087 Campum
1570 991 1673 1069 Flore.

335 1103 337 1106 ⁵
367 1115 525 1213 plateam
543 1113 755 1204 iudeorum,
776 1115 977 1189 Piscariam
994 1121 1097 1188 recta
1114 1114 1173 1188 via
1190 1137 1256 1213 per
1273 1113 1532 1204 Prestibulum,
1551 1139 1579 1186 s.
1596 1118 1677 1187 Pau-

368 1239 467 1330 lum3
497 1239 568 1313 alia
592 1263 697 1315 more
725 1239 845 1314 solito.
871 1239 1114 1313 interfuerunt
1141 1239 1446 1338 vigintiquatuor
1475 1239 1676 1328 cardinales,
1756 1301 1757 1354 p

367 1364 537 1440 videlicet
554 1390 584 1439 s.
607 1366 793 1455 Praxedis,
818 1389 847 1438 s.
867 1365 1026 1462 Georgii,
1046 1365 1325 1448 Alexandrinus,
1344 1389 1374 1437 s.
1399 1364 1537 1454 Crucis,
1554 1363 1680 1437 Grima-

369 1513 450 1578 nus,
476 1489 677 1586 Regiensis
699 1489 929 1580 Guseutinus,
950 1489 1152 1580 Comensis,
1175 1487 1427 1578 Bononiensis,
1451 1488 1677 1586 agennensis,

368 1639 397 1686 s.
419 1613 560 1704 Vitalis,
582 1614 781 1712 Papiensis,
800 1614 1063 1705 Urbinatensis‚
1082 1615 1289 1708 Cesarinus,
1311 1614 1501 1705 Columna,
1520 1613 1677 1700 Medicas,

368 1763 398 1811 s.
431 1738 608 1828 Severini,
638 1739 900 1830 Ceseuatensis,
935 1739 1141 1831 Farnesius,
1173 1739 1369 1838 dragonia,
1398 1739 1600 1827 Cornelius,
1631 1738 1681 1810 Fl·

369 1863 505 1952 nensis,
524 1863 657 1937 Finalis
674 1869 711 1939 et
723 1865 924 1940 celebrans.

417 1991 530 2077 Lune,
554 1993 575 2061 2
595 1987 780 2081 februarii,
805 1989 939 2064 festum
965 1989 1244 2081 purificationis,
1267 1995 1350 2088 post
1375 1991 1506 2064 horam
1530 1989 1680 2086 quintam

368 2111 562 2203 decimam,
577 2115 675 2212 Papa
685 2115 850 2188 ascendit
859 2115 996 2189 mulam
1009 2123 1044 2189 et
1054 2114 1227 2212 equitavit
1237 2115 1282 2188 ad
1294 2139 1323 2188 a.
1337 2113 1489 2218 Mariam
1500 2113 1545 2186 de
1557 2112 1681 2210 Populo

370 2237 544 2334 perviam
564 2241 703 2312 rectam
722 2239 826 2336 juxta
847 2241 997 2332 tlumen,
1019 2240 1252 2338 sequentibus
1271 2239 1516 2314 cardinalibus
1530 2237 1679 2336 triginta.

369 2349 621 2436 Ulixbonensis
647 2365 814 2462 pervenit
836 2365 882 2439 ad
899 2365 1109 2455 ecclesiam;
1131 2365 1236 2439 sedes
1260 2368 1357 2462 Pape
1383 2364 1451 2438 luit
1467 2368 1595 2460 parata
1609 2385 1681 2434 cum
1758 2358 1759 2452 l

371 2485 482 2560 tribus
504 2487 674 2584 gradibus
697 2494 781 2564 ante
801 2491 918 2566 altare
940 2490 1248 2582 Salernitanense,
1269 2494 1306 2563 et
1329 2488 1436 2564 sedes
1458 2487 1682 2560 cardinalium
1758 2491 1759 2560 ³

368 2611 553 2686 hincinde
574 2637 641 2711 pro
657 2615 818 2712 prelatis,
843 2616 940 2691 iuter
958 2617 1075 2691 altare
1094 2621 1131 2692 et
1153 2614 1360 2691 sacristiam
1375 2621 1411 2689 et
1429 2617 1681 2697 transversum,

368 2759 472 2810 more
493 2736 612 2828 solito,
631 2762 697 2836 pro
713 2740 967 2815 assistentibus
986 2741 1031 2816 ad
1052 2740 1239 2816 sinistram
1257 2743 1369 2838 Papa.
1392 2739 1499 2812 Prior
1512 2735 1683 2834 presbyte-

366 2883 489 2933 rorum
505 2861 679 2936 assistens
697 2864 791 2939 sedit
808 2865 905 2966 iuter
922 2865 1012 2940 alios
1027 2866 1230 2940 cardinales
1249 2869 1286 2938 et
1303 2871 1471 2961 tempore
1491 2867 1682 2959 opportuno

362 2983 459 3057 venit
480 2984 526 3058 ad
551 2985 779 3062 serviendum
805 2992 917 3087 Pape,
947 2989 1079 3066 deinde
1106 2989 1217 3064 rediit
1243 2990 1289 3062 ad
1315 2989 1438 3064 locum
1464 3010 1568 3060 suum
1598 2985 1683 3057 inter

363 3107 579 3198 cardinales,
602 3117 754 3210 excepto
779 3119 972 3212 postquam
1002 3115 1202 3190 incensavit
1223 3117 1361 3211 Papam
1384 3113 1422 3186 in
1445 3112 1555 3210 plano
1583 3107 1683 3207 primi
1759 3199 1760 3222 ,

361 3230 493 3328 gradus
506 3233 587 3308 solii
607 3239 718 3333 Pape,
739 3237 800 3312 ubi
815 3239 880 3314 luit
896 3239 1107 3315 incensatus
1127 3241 1218 3338 ipse,
1239 3237 1373 3312 deinde
1394 3240 1432 3310 et
1449 3235 1513 3308 alii
1531 3235 1603 3310 duo
1620 3232 1684 3306 dia-
1759 3223 1760 3302 j

362 3356 446 3429 coni
463 3358 697 3452 assistentes,
721 3366 807 3436 tunc
829 3365 940 3438 rediit
963 3366 1008 3438 ad
1025 3365 1147 3439 locum
1170 3386 1275 3437 suum
1299 3363 1523 3435 incensatus.
1544 3357 1683 3432 interim

361 3478 429 3577 ipsi
451 3483 670 3576 cardinales,
689 3488 918 3581 subdiaconi,
941 3490 1130 3564 auditores
1151 3495 1231 3564 rote
1250 3491 1288 3562 et
1309 3486 1441 3585 acolyti
1460 3486 1630 3558 sederunt
1645 3479 1683 3554 ad

359 3605 493 3700 gradus
511 3609 633 3684 altaris
645 3635 772 3686 versus
792 3613 939 3710 Papam,
957 3613 1172 3688 cubicularii
1188 3611 1315 3687 nescio
1330 3610 1407 3700 ubi,
1426 3610 1513 3708 quia
1530 3633 1603 3682 non
1618 3607 1684 3680 iue-

360 3739 446 3804 runt
461 3739 543 3829 post
558 3734 673 3810 dictos
693 3738 876 3812 cancellos
890 3738 927 3812 in
942 3738 1057 3813 cboro
1071 3742 1170 3837 Pape
1190 3743 1226 3812 et
1239 3735 1493 3813 cardinalium.
1509 3735 1564 3808 Ad
1575 3733 1683 3808 eleva·

360 3853 496 3928 tionem
515 3861 748 3950 sacramenti,
771 3861 958 3958 posuimus
976 3862 1223 3938 faldistorium
1241 3863 1287 3936 ad
1307 3883 1417 3936 unam
1435 3883 1592 3934 cannam
1609 3859 1682 3930 ante

360 3977 492 4052 solium
520 3985 629 4079 Pape,
657 3984 694 4057 in
720 3986 841 4082 plano,
874 3987 970 4062 inter
998 3987 1219 4080 cardinales;
1244 3987 1323 4078 sed,
1347 3986 1452 4060 finita
1478 3984 1602 4071 missa,
1624 3979 1682 4052 luit

359 4105 562 4200 repositum
585 4114 668 4182 ante
688 4109 815 4202 altare,
836 4112 898 4186 ubi
918 4117 1028 4209 Papa,
1051 4112 1218 4210 deposito
1237 4111 1382 4210 pluviali
1401 4109 1544 4206 accepit
1562 4105 1680 4181 stolam

358 4233 395 4302 et
412 4231 628 4326 capuccium
639 4257 748 4331 quem
761 4243 844 4312 ante
861 4237 1035 4312 miserant
1048 4237 1182 4312 ibidem
1201 4238 1467 4335 deposuerunt.
1486 4233 1593 4308 Dedit
1611 4229 1682 4328 post

357 4352 652 4433 benedictionem
677 4359 859 4458 plenarias
884 4363 1130 4461 indulgentias
1159 4387 1249 4460 quas
1275 4361 1471 4460 publicavit
1501 4351 1681 4433 cardinalis

357 4503 397 4550 s:
416 4479 546 4556 Vitatis
571 4483 772 4560 celebrans.
798 4488 935 4562 Deinde
962 4489 1213 4586 equitaverunt
1237 4487 1284 4562 ad
1311 4487 1462 4561 domum
1486 4477 1680 4558 cardinales

360 4602 627 4702 Ulixbonensis,
645 4611 921 4706 volaterranus,
939 4613 1017 4688 vice
1036 4612 1286 4702 cancellarius,
1306 4607 1604 4708 Senogslliensis,
1620 4608 1679 4677 Rs-

360 4727 547 4824 donensis,
564 4735 804 4833 Agennensis,
822 4764 849 4814 s.
863 4739 1005 4830 Vitalis,
1024 4738 1226 4836 Papiensis,
1248 4736 1515 4824 Urbinatensis,
1537 4738 1679 4808 Cesena·

361 4854 472 4926 tensis
492 4860 530 4929 et
544 4858 694 4952 Finalis;
713 4869 796 4960 post
808 4862 1022 4962 vigesimam
1037 4864 1236 4938 secundam
1250 4861 1396 4952 horam,
1416 4863 1515 4958 Papa
1531 4849 1678 4933 ascendit

360 4975 497 5050 mulam
517 4985 553 5053 et
565 4981 673 5056 rediit
687 5009 755 5082 per
768 4987 864 5060 viam
880 4988 1004 5060 Turris
1021 4985 1238 5083 Sanguinee,
1258 4987 1411 5058 Pontem
1428 4967 1676 5078 elingatun

361 5097 453 5173 citra
480 5103 580 5181 dedit
605 5107 791 5184 licentiam
815 5113 1080 5202 cardinalibus;
1100 5112 1146 5185 ad
1171 5109 1346 5208 palatium
1369 5108 1518 5182 luerunt
1541 5101 1675 5199 triginta

360 5247 453 5296 unus
471 5231 691 5326 cardinales
711 5236 877 5314 videlicet
896 5261 1025 5350 omnes
1043 5238 1078 5313 in
1097 5236 1195 5313 Urbe
1210 5241 1414 5333 presentes,
1431 5231 1584 5330 demptis
1598 5245 1675 5324 qua·
