3590 6042
88 535 160 594 [llam
175 533 242 594 150⁰]
413 531 538 587 RERUM
565 529 788 590 URBANARUM
812 533 1073 592 COllMENTARll.
1374 542 1408 595 ⁵29

89 693 163 762 cata
178 710 287 782 super
308 685 478 758 brachiis.
500 689 598 758 Unus
615 685 779 783 acolytus
797 687 953 782 portarit
975 687 1201 760 thuribulum
1215 712 1297 762 cum
1313 692 1406 762 mvi-

91 812 163 884 rula
190 811 338 890 incensi,
371 811 464 882 alter
485 834 546 882 vas
573 835 666 906 aque
691 811 882 883 benedicte
911 835 994 886 cum
1022 813 1246 908 aspersorio,
1268 819 1301 886 et
1332 817 1404 888 duo

93 936 209 1033 prelati
231 936 440 1009 assistentes
458 936 594 1008 librum
620 941 655 1008 et
680 937 883 1009 candelam.
915 941 1015 1034 Papa
1041 938 1218 1026 surrexit;
1241 939 1407 1035 deposita

92 1063 150 1132 sibi
169 1062 290 1149 mitra,
316 1061 501 1133 benedixit
523 1061 665 1144 vexilla,
689 1061 840 1135 diceus:
876 1093 891 1128 «
917 1061 1151 1160 Adjutorium
1176 1069 1343 1138 nostrum
1370 1067 1405 1138 iu

93 1186 225 1259 nomine
246 1187 402 1269 Domini,
429 1187 488 1282 qui
520 1185 607 1258 lecit
625 1187 744 1258 celmn
768 1193 801 1260 ct
833 1193 982 1259 terram.
1006 1187 1180 1260 [lominus
1198 1189 1401 1268 vobiscum:

94 1317 211 1384 etcum
223 1311 353 1406 spiritu
374 1317 449 1383 tuo.
471 1315 626 1385 Oremus
647 1314 905 1408 :Omnipotens
922 1312 1145 1409 sempiterne
1158 1317 1267 1399 Deus,
1289 1315 1348 1410 qui
1369 1341 1407 1388 es

92 1425 294 1510 cunctorum
313 1437 520 1512 benedictio
540 1443 575 1510 et
592 1438 898 1534 triumphantium
916 1438 1107 1526 tortitudo,
1129 1439 1270 1535 respice
1283 1441 1407 1538 propi·

96 1563 155 1634 tius
174 1563 215 1636 ad
235 1586 367 1658 preces
388 1562 762 1651 lrumilitatis'nostre,
784 1568 818 1634 et
837 1563 906 1635 hec
926 1562 1055 1635 uexilla
1082 1588 1151 1658 que
1171 1563 1299 1638 bellico
1330 1567 1406 1636 usui

96 1693 278 1783 preparata
299 1692 396 1770 sunt,
419 1712 485 1783 per
505 1687 677 1760 celestem
700 1669 991 1761 benedictionem
1014 1687 1252 1776 sanctificata,
1280 1693 1407 1761 contra

96 1813 308 1886 artrersarios
329 1817 365 1885 et
383 1813 719 1886 1·ebelles11ationrs
738 1815 807 1885 siut
831 1814 948 1886 valida
966 1837 1009 1886 ac
1028 1819 1090 1885 tuo
1113 1813 1315 1886 urummine
1334 1815 1407 1886 cir-

94 1943 278 2034 cumsepta,
303 1937 448 2033 sintque
472 1937 626 2010 inimicis
649 1938 772 2034 populi
794 1937 983 2011 christiani
1005 1937 1182 2011 terribilia
1200 1943 1235 2010 et
1254 1939 1408 2013 interce-

96 2064 247 2135 dentibus
266 2062 403 2134 sanctis
422 2062 491 2134 tuis
514 2063 794 2135 solidamentum
813 2069 848 2135 et
866 2063 1016 2135 victorio
1035 2068 1137 2136 certo
1155 2064 1302 2147 tiduciu,
1325 2065 1410 2160 quia

99 2193 127 2256 tu
144 2211 177 2258 es
193 2190 289 2260 Deus
308 2187 371 2283 qui
390 2187 486 2259 bella
504 2187 665 2260 conteris
684 2193 719 2259 et
738 2187 773 2258 in
794 2191 826 2258 te
845 2188 1078 2284 sperantibus
1097 2187 1242 2260 celestis
1260 2188 1409 2284 presidii

97 2317 221 2406 prestas
239 2311 418 2385 auxilium
435 2337 503 2408 per
519 2312 703 2384 Christum
724 2312 920 2384 Dominum
941 2319 1121 2385 nostrum.
1147 2343 1163 2378 n

136 2439 236 2532 Papa,
272 2437 502 2510 ministrante
537 2435 954 2534 presbytero‘cardinali
991 2437 1154 2531 predicto
1193 2437 1406 2524 traviculam,

96 2562 250 2656 imposuit
267 2562 458 2635 incensum
485 2562 520 2634 iu
550 2561 784 2650 thuribulum,
815 2561 969 2658 aspersit
996 2560 1122 2634 uexilla
1151 2568 1187 2634 et
1212 2562 1410 2635 incensavit

98 2711 147 2774 ea3
165 2688 253 2760 sedit
281 2694 320 2760 et
348 2685 487 2783 accepit
512 2687 674 2773 mitram;
702 2687 773 2760 dux
799 2687 895 2760 veuit
919 2693 1002 2759 ante
1030 2684 1257 2774 Pontiticem,
1287 2709 1409 2760 coram

99 2837 158 2907 quo
174 2811 384 2910 genotlexit,
403 2811 546 2884 detecto
574 2804 704 2908 capite,
726 2821 761 2886 et
778 2811 932 2908 prestitit
957 2811 1139 2885 fidelitatis
1163 2812 1410 2908 juramentum

101 2938 155 3010 sub
169 2937 222 3010 his
238 2937 358 3011 uerbis
380 2962 386 3005 :
412 2967 427 3003 u
448 2941 536 3033 Ego,
560 2943 669 3011 tlesar
688 2938 817 3035 Borgia
834 2939 879 3010 de
899 2937 1062 3028 Francia,
1085 2938 1158 3010 dux
1175 2935 1411 3010 Valentinan-

101 3064 151 3152 sis,
169 3063 448 3154 confalonerius
472 3063 647 3136 vexillifer
665 3089 730 3138 seu
748 3064 956 3161 capitaneus
979 3063 1158 3162 generalis
1177 3088 1205 3135 s.
1227 3067 1267 3135 R.
1289 3066 1347 3152 Ε.,
1367 3062 1411 3136 ab

99 3189 154 3262 bac
169 3190 256 3262 hora
274 3189 312 3262 in
331 3197 438 3262 antea
456 3188 573 3261 tidelis
596 3197 630 3260 et
648 3188 822 3262 obediens
846 3212 908 3262 ero
928 3187 1034 3262 beato
1055 3191 1173 3278 Petro,
1196 3213 1225 3260 s.
1246 3192 1288 3260 R.
1316 3190 1356 3258 Ε.
1378 3193 1414 3260 et

99 3315 195 3404 vobis,
212 3313 443 3390 sanctissimo
472 3313 626 3387 Domino
648 3337 744 3406 meu,
776 3318 818 3386 D.
839 3314 1043 3388 Alexandro
1063 3317 1158 3411 Pape
1188 3317 1246 3404 Vl,
1266 3311 1412 3386 vestris-

98 3461 155 3532 que
175 3440 446 3513 successoribus
467 3439 641 3513 canonice
668 3440 896 3514 intrantibus.
927 3445 1005 3515 Non
1032 3463 1094 3514 ero
1115 3440 1151 3512 in
1174 3438 1326 3512 consilio
1350 3444 1412 3510 aut

99 3587 258 3638 consensu
276 3565 334 3638 vel
352 3565 444 3638 lacto
464 3573 502 3637 ut
520 3565 630 3640 vitam
646 3566 805 3662 perdatis
817 3571 879 3638 aut
894 3565 1112 3654 membrum,
1134 3589 1199 3636 seu
1217 3559 1412 3660 capiamini

100 3689 182 3761 mala
211 3691 393 3787 captione,
424 3695 486 3762 aut
511 3690 547 3762 in
579 3695 718 3764 vestros
750 3715 981 3764 successores
1016 3689 1201 3786 predictos
1235 3686 1413 3759 violenter

102 3837 213 3887 manus
238 3816 515 3912 quomodolibet
540 3815 768 3912 ingerantur,
798 3817 854 3888 vel
879 3816 1013 3912 injurie
1044 3814 1163 3910 alique
1192 3812 1409 3892 interantur,

102 3941 211 4032 quou's
231 3942 374 4038 quesito
397 3941 539 4030 coloro;
565 3941 759 4014 consilium
780 3967 867 4014 vero
891 3941 987 4036 quod
1012 3941 1100 4012 mibi
1127 3937 1304 4012 credituri
1329 3937 1415 4008 estis

103 4062 149 4134 iel
169 4089 395 4140 successores
418 4065 575 4162 predicti
597 4065 776 4138 credituri
800 4069 895 4146 suut,
927 4090 994 4162 per
1016 4090 1054 4136 se
1078 4069 1141 4136 aut
1162 4062 1309 4136 nuntios
1332 4085 1417 4133 suos

105 4211 156 4258 seu
181 4189 331 4278 litteras,
360 4191 406 4262 ad
434 4195 594 4294 vestrum
621 4214 684 4261 seu
717 4212 972 4262 successorum
999 4187 1202 4261 eorundem
1228 4187 1414 4270 damnum,

106 4314 319 4403 nesciente,
350 4313 485 4386 nemini
514 4314 685 4410 pandam.
716 4317 893 4410 Papatum
920 4317 1124 4386 Romanum
1152 4315 1188 4384 et
1219 4309 1415 4407 regalius.

108 4436 190 4510 Petri
206 4440 304 4513 vobis
323 4443 360 4512 et
390 4439 553 4535 ejusdem
573 4439 845 4512 successoribus
867 4439 1013 4537 adjutor
1036 4460 1101 4510 ero
1120 4437 1166 4510 ad
1184 4435 1417 4508 retinendum

108 4563 137 4629 et
160 4561 421 4636 defendendum
454 4568 584 4636 contra
614 4587 761 4636 omnem
790 4563 995 4652 hominem;
1026 4562 1187 4660 legatum
1220 4558 1418 4656 apostolice

109 4685 191 4756 sedis
203 4686 237 4759 in
253 4689 373 4761 eundo
392 4693 429 4760 et
446 4689 636 4760 redeundo
654 4687 856 4760 honorilice
876 4689 1043 4761 tractabo
1061 4711 1103 4760 ac
1121 4687 1157 4759 in
1176 4685 1249 4758 suis
1265 4680 1421 4756 necessi·

112 4809 229 4883 tatibus
250 4814 445 4911 adjurabo;
468 4815 566 4910 jura,
592 4813 764 4902 honores,
795 4813 985 4911 privilegia
1010 4817 1045 4884 et
1074 4809 1331 4885 auctoritatem
1352 4810 1421 4879 Ro·

111 4955 203 5007 mone
235 4939 400 5027 ecclesie,
434 4943 556 5010 vestra
583 4944 619 5012 et
646 4961 901 5012 successorum
925 4943 1145 5010 uestrorum
1184 4955 1416 5015 conservare,

113 5055 306 5150 detondere,
336 5087 470 5160 augere
495 5069 531 5136 et
556 5088 773 5161 promovere
801 5066 951 5152 curabo,
983 5088 1050 5136 nec
1077 5086 1163 5135 vero
1190 5061 1226 5133 in
1253 5057 1418 5146 consilio,

112 5185 159 5256 ut
174 5185 279 5276 tacto,
301 5213 361 5260 seu
380 5193 553 5279 tractatu,
573 5189 609 5262 in
626 5189 756 5286 quibus
773 5195 902 5264 contra
920 5213 981 5264 vos
1000 5189 1056 5262 vel
1074 5188 1222 5261 eosdem
1238 5207 1423 5260 successo·
