3520 6036
98 603 261 664 rxovembre
276 605 346 666 ¹⁵⁰⁴]
432 604 559 662 RERUM
584 605 811 662 URBANARUM
836 603 1099 662 COMtlENTARll.
1382 601 1435 658 369

99 781 182 829 sam
212 757 494 832 subdiaconatus
526 758 707 833 beneficia
740 759 920 856 simplicia
955 763 992 832 et
1030 754 1269 855 prestimouia
1306 753 1435 825 valoris

99 883 213 956 annui
239 883 478 958 ducentorum
510 886 727 960 ducatorum
759 885 816 960 val
853 887 964 972 circa,
994 888 1031 956 et
1071 881 1244 979 imposuit
1268 878 1436 952 habitum

98 1009 383 1105 prothonotarii,
403 1009 571 1086 videlicet
588 1011 698 1086 etiam
714 1011 925 1086 rochettum
938 1007 1169 1105 etcaputium
1184 1029 1191 1078 :
1206 1011 1328 1078 actum
1346 1001 1437 1101 [tuit]

101 1132 139 1204 in
159 1131 295 1229 palatio
315 1134 516 1230 apostolico
542 1137 638 1232 apud
665 1160 693 1209 s.
720 1139 884 1226 Petrum,
909 1131 1140 1232 presentibus
1170 1134 1212 1204 o.
1242 1126 1437 1202 Francisco

101 1254 284 1329 llelitensi
300 1257 580 1354 prothonotario
596 1265 632 1333 et
650 1260 823 1358 episeopo
842 1259 1090 1348 Urbinatensi‚
1106 1257 1321 1332 secretaria.

152 1381 291 1454 Eadem
308 1381 379 1472 dia,
409 1385 564 1458 mutatio
593 1408 790 1482 capparum
817 1389 854 1458 et
880 1406 1031 1481 vespere
1058 1383 1206 1481 papales
1235 1381 1270 1453 in
1298 1379 1439 1477 capella

102 1506 252 1602 maj0ri,
273 1508 377 1604 ¹Papa
395 1515 566 1606 presente
586 1533 593 1582 :
613 1516 776 1584 oratores
804 1509 922 1582 Rhodi
952 1511 1170 1606 acceperunt
1199 1507 1321 1580 locum
1356 1528 1439 1577 cum

103 1630 313 1704 oratoribus
330 1632 536 1732 principum
554 1633 591 1706 in
608 1634 725 1732 primo
744 1657 906 1722 scamno,
927 1639 963 1706 et
981 1639 1064 1730 post
1085 1655 1161 1722 eoa,
1186 1635 1351 1704 oratores
1370 1631 1441 1702 Bo-

104 1754 327 1846 nonienses;
349 1761 385 1830 et
402 1757 486 1850 hoc,
509 1781 552 1833 ax
570 1759 726 1856 eoquod
745 1758 941 1833 cardinalis
956 1783 986 1830 s.
1005 1757 1128 1832 Crucis
1146 1757 1292 1855 pridem
1314 1753 1443 1828 habuit

103 1883 378 1956 mecumverba
396 1883 442 1958 ad
462 1884 611 1982 longum
637 1886 682 1958 de
708 1883 919 1982 hujusmodi
944 1883 1041 1972 loco,
1066 1905 1140 1956 non
1167 1881 1284 1980 primo
1312 1879 1375 1953 sed
1406 1879 1443 1950 in

104 2005 269 2081 secundo
287 2009 522 2084 transversali
539 2009 709 2086 videlicet
723 2009 760 2082 in
779 2011 895 2083 banco
912 2008 958 2083 ab
985 2008 1092 2096 ostio,
1123 2006 1304 2094 veniente,
1336 2026 1443 2078 acce-

103 2130 214 2205 dente
230 2156 410 2210 consensu
429 2141 538 2234 Papa,
565 2139 626 2235 qui
654 2142 795 2236 postea,
826 2159 938 2234 super
964 2133 1035 2205 hoc
1060 2157 1082 2206 a
1103 2155 1161 2206 me
1181 2131 1440 2225 interrogatus,

103 2260 298 2355 respondit
312 2261 404 2335 nihil
421 2261 513 2338 velle
528 2263 717 2362 indulgere
736 2263 800 2336 sed
819 2262 909 2336 mihi
927 2262 998 2336 hoc
1012 2258 1242 2334 committere
1262 2278 1270 2327 :
1291 2256 1442 2350 propte·

104 2405 167 2456 rea
184 2385 259 2458 dixi
276 2407 342 2484 per
358 2386 497 2461 socium
512 2389 717 2463 lohannem
733 2389 830 2485 quod
851 2388 907 2462 vel
931 2411 1005 2461 non
1028 2383 1191 2462 venirent
1216 2379 1272 2454 vol
1303 2381 1443 2452 starent

105 2507 138 2580 in
163 2514 329 2586 seeundo
348 2513 479 2598 banco,
500 2519 536 2590 et
551 2517 687 2591 oratori
707 2513 928 2591 Bononiensi
945 2512 1042 2610 quod
1059 2535 1133 2585 non
1147 2507 1302 2584 veniret.

153 2639 328 2731 Veneris,
352 2643 603 2734 dnovembris,
632 2643 765 2720 testum
790 2641 954 2714 omnium
979 2642 1202 2724 sanctorum,
1236 2631 1304 2704 luit
1330 2631 1442 2703 missa

103 2765 253 2860 publica
268 2766 304 2839 iu
329 2791 359 2839 s.
386 2771 495 2842 Petro
522 2793 631 2866 quam
651 2767 846 2843 celebravit
863 2763 1060 2840 cardinalis
1078 2758 1311 2846 Arborensis,
1342 2757 1442 2852 Papa

103 2897 290 2985 presente,
310 2891 355 2964 de
378 2892 481 2990 cujus
503 2893 652 2967 lieentia
675 2893 755 2967 dedi
779 2893 899 2967 locum
925 2892 967 2962 D.
997 2887 1112 2974 Fatio‚
1142 2884 1259 2958 electo
1284 2883 1441 2954 Cesena-

104 3014 376 3106 tensi‚datario,
399 3017 496 3091 iuter
520 3019 751 3109 assistentem
774 3037 982 3093 sermonem
1000 3013 1087 3115 lecit
1092 3066 1165 3084 .....
1185 3016 1228 3085 Ι).
1247 3007 1440 3103 episcopus

106 3139 421 3232 Brittouoriensis,
440 3143 787 3239 etprothonotarius
803 3143 1050 3238 Lippomauus
1068 3139 1168 3212 eirca
1182 3131 1363 3230 pulpitum
1387 3155 1441 3204 se-

103 3263 234 3338 dentes
244 3269 281 3339 at
289 3267 517 3364 garrulantes
529 3271 765 3344 turbaverunt
777 3290 872 3340 eum.
886 3261 1305 3356 Factaconlessioneper
1318 3255 1441 3330 diaco-

103 3410 203 3480 num,
230 3411 303 3464 non
326 3391 393 3466 tuit
409 3393 593 3490 publicata
615 3393 841 3492 indulgentia
866 3415 933 3489 per
952 3391 1086 3466 testum
1108 3387 1243 3484 duplex
1269 3386 1438 3462 Omnium

102 3515 321 3588 Sanctorum
345 3521 381 3590 et
397 3520 683 3615 assumptionem
707 3521 815 3615 Pape.
848 3518 960 3591 ltlissa
985 3517 1051 3590 tuit
1075 3515 1171 3589 dicta
1192 3513 1238 3587 de
1269 3511 1438 3586 omnibus
1551 3533 1554 3538 ·

102 3640 238 3712 sanctis
267 3624 536 3718 numeratione
561 3645 607 3718 de
634 3644 768 3740 Spiritu
793 3647 933 3728 sancto,
954 3641 1038 3738 quia
1063 3663 1191 3716 omnes
1214 3639 1331 3712 sancti
1364 3661 1437 3712 non

26 3853 29 3862 .
100 3761 239 3838 babent
253 3767 464 3864 proprium;
483 3771 580 3866 quod
597 3773 694 3867 Papa
710 3769 858 3844 admisit
874 3768 922 3843 ad
936 3767 1147 3842 instantiam
1162 3787 1296 3839 meam.
1314 3762 1438 3839 Cardi-

102 3888 203 3962 nales
229 3892 503 3988 Neapolitanus
520 3894 799 3986 Alexandrinus,
823 3920 853 3968 s.
876 3893 1000 3970 Crucis
1019 3895 1255 3968 assenserunt
1275 3887 1434 3980 mecum,

102 4012 328 4090 bernardino
346 4023 383 4091 et
402 4018 531 4092 Paride
547 4019 645 4094 inter
666 4043 705 4096 se
720 4019 1073 4094 contradicentibus

148 4143 1437 4242 lnseroveuitadvesperasPapaetadmatutinasmortuorumincappa

102 4261 143 4336 de
158 4263 330 4340 scarletto
343 4267 420 4340 sine
431 4268 665 4359 mitra‚more
680 4270 798 4362 solito,
808 4271 980 4368 pedester
991 4270 1036 4343 ad
1048 4269 1433 4366 capellam-majorem

102 4393 136 4462 et
149 4394 234 4463 acta
246 4397 329 4466 sunt
344 4392 467 4466 omnia
482 4415 583 4467 more
598 4395 719 4468 solito.
733 4398 838 4494 lgnes
852 4395 998 4468 luerunt
1010 4395 1096 4468 lacti
1110 4393 1188 4468 heri
1200 4399 1237 4467 et
1250 4395 1321 4468 hoc
1337 4417 1432 4467 sero.

147 4517 248 4606 Heri,
271 4517 513 4592 circahoram
528 4543 774 4618 vesperarum,
794 4521 829 4594 in
850 4545 932 4595 arce
951 4520 1060 4594 castri
1085 4519 1222 4609 Stabie,
1246 4517 1435 4592 interfecta

103 4639 170 4716 luit
183 4641 331 4715 domina
348 4644 568 4744 Hieronyma
584 4647 630 4720 de
647 4645 833 4736 Farnesio,
857 4668 949 4718 uxor
975 4645 1020 4718 de
1037 4644 1171 4718 tuliani
1196 4645 1241 4718 de
1258 4643 1394 4731 Stabia‚
1415 4663 1436 4715 a

102 4765 264 4840 lohanne
288 4769 462 4864 Baptista,
484 4769 558 4844 tilio
585 4771 672 4846 dicti
696 4776 738 4845 o.
765 4771 910 4860 tuliani,
930 4776 965 4844 et
989 4771 1206 4844 satellitibus
1225 4769 1313 4842 suis.
1336 4771 1435 4841 llora

103 4890 320 4966 duodecima
337 4893 393 4967 vel
409 4894 520 4986 circa,
539 4895 705 4970 lecerunt
726 4898 907 4970 vocarit).
935 4895 1117 4968 lulianum
1142 4903 1245 4969 entra
1260 4899 1432 4981 castrum,

104 5023 310 5092 asserentes
328 5022 371 5092 o.
390 5022 624 5095 Laurentium
643 5023 687 5095 de
702 5025 793 5096 Cera
811 5021 945 5096 ibidem
967 5028 1159 5118 expectare
1182 5025 1220 5093 ut
1243 5043 1327 5093 eum
1345 5019 1435 5091 allo-

104 5150 287 5238 queretur.
308 5145 373 5218 lllo
398 5152 567 5236 exeunte,
595 5147 744 5222 intravit
768 5147 863 5220 tilius
887 5169 1009 5220 arcem
1034 5170 1117 5220 cum
1145 5145 1219 5220 suis
1244 5153 1281 5218 et
1306 5143 1436 5218 clausit

105 5267 254 5359 ostium;
285 5269 421 5345 invenit
449 5271 634 5347 dominam
663 5273 698 5346 in
725 5297 854 5348 meuse
874 5295 984 5369 quam
1008 5271 1125 5372 primo
1155 5271 1230 5347 ictu
1255 5269 1436 5368 percussit

241 5435 265 5476 r.
289 5436 328 5478 ru.
1240 5423 1276 5477 24
