3502 6036
366 597 418 654 108
820 589 996 648 JOHANNlS
1021 588 1243 660 enecatam,
1493 593 1680 656 {lanvterlmtl

367 750 464 846 quod
487 747 653 821 similiter
674 745 812 822 carnali
840 746 973 843 copula
996 745 1277 834 consummarit3
1302 747 1432 820 deinde
1455 745 1604 820 dimissa
1623 747 1679 820 hac

367 876 488 963 tertia,
509 873 687 947 contraxit
714 852 986 946 matrimonium
1009 895 1093 946 cum
1122 880 1253 967 quarta
1275 872 1442 960 muliere,
1467 871 1679 968 quodetiam

367 1000 565 1073 carnaliter
581 997 860 1086 consummavil3
874 997 1023 1071 tandem
1036 997 1180 1072 etiama
1198 1002 1329 1092 quarta
1344 997 1497 1070 recessit
1511 996 1679 1071 etintravit

367 1126 535 1198 ordinem
569 1125 604 1197 b.
634 1123 750 1198 Maria
777 1121 1061 1196 Teutonicorum
1089 1144 1198 1218 quern
1228 1143 1400 1218 expresse
1419 1122 1607 1218 protessus
1626 1129 1679 1194 est.

367 1252 469 1338 Quod
504 1249 709 1348 intelligens
741 1255 870 1346 quarta
902 1247 1059 1337 mulier,
1090 1248 1243 1320 credens
1277 1270 1361 1321 eum
1389 1272 1469 1320 esse
1505 1247 1678 1334 maritum,

368 1376 523 1450 accessit
545 1375 590 1448 ad
613 1374 872 1448 monasterium
895 1377 931 1445 et
959 1372 1162 1470 professum
1190 1373 1310 1470 ipsum
1332 1377 1510 1468 tanquam
1528 1371 1680 1444 maritum

368 1500 434 1572 sibi
453 1498 531 1573 dari
558 1498 764 1596 postularit,
792 1498 852 1594 qui
878 1497 922 1570 de
947 1496 1110 1594 periculo
1133 1496 1302 1569 dubitans
1326 1497 1464 1594 aufugit
1483 1501 1522 1570 et
1539 1496 1632 1570 venit
1646 1499 1679 1568 ad

369 1626 501 1698 Urbem
520 1627 649 1721 petens
667 1623 711 1696 de
729 1622 894 1696 remedio
916 1629 1119 1720 opportuno
1139 1621 1205 1696 sibi
1226 1621 1423 1718 provideri,
1446 1622 1546 1718 quod
1564 1625 1681 1718 Argen-

368 1748 568 1823 tinensibus
585 1753 713 1822 uotum
731 1753 840 1822 esset.

426 1905 442 1941 u
463 1877 593 1948 Petrus
610 1878 646 1947 et
664 1875 850 1947 lohannes
866 1871 954 1946 socii
972 1877 1195 1946 mercatores
1208 1869 1396 1946 Probalini
1412 1870 1598 1946 habebant
1614 1873 1680 1968 pul-

370 1999 479 2074 chras
499 2020 646 2087 uxores;
669 2001 799 2072 Petrus
817 1997 998 2071 advisatus
1016 2019 1082 2092 per
1099 1995 1274 2070 familiam
1295 2017 1397 2070 suam
1416 1995 1507 2069 dixit
1519 1997 1617 2070 uxori
1634 2019 1683 2068 suo

369 2128 520 2198 secerta
538 2123 596 2197 die
614 2124 757 2218 Bruges
775 2122 911 2198 iturum
922 2122 968 2194 ad
984 2120 1094 2194 tinam
1114 2143 1184 2216 qua
1201 2121 1406 2194 iohannem
1418 2121 1516 2196 adse
1534 2126 1681 2206 vocaret;

367 2249 582 2326 adveniente
600 2249 671 2336 die,
694 2251 823 2320 Petrus
842 2246 944 2321 linxit
965 2271 1003 2320 se
1020 2245 1073 2320 ire
1092 2246 1129 2318 in
1148 2248 1301 2342 BrugoS,
1322 2245 1384 2320 ivit
1401 2246 1447 2320 ad
1467 2247 1616 2319 domum
1630 2269 1680 2318 cu-

363 2375 508 2472 jusdam
541 2373 648 2447 amici
681 2377 718 2446 et
745 2372 921 2446 ordinavit
946 2395 1029 2446 cum
1059 2371 1196 2444 familia
1224 2395 1291 2446 sua
1314 2371 1411 2467 quod
1439 2395 1526 2444 eum
1558 2375 1679 2444 certum

365 2499 501 2574 laceret
519 2506 712 2596 postquam
731 2499 915 2574 lohannes
940 2501 1036 2571 esset
1055 2521 1137 2572 cum
1161 2519 1273 2569 uxore
1293 2520 1359 2570 sua
1375 2497 1581 2586 conclusus,
1600 2495 1680 2592 qued

366 2624 449 2698 lecit
465 2623 600 2698 familia
616 2623 828 2720 diligentem
849 2626 976 2697 Petrus
994 2623 1144 2696 venitin
1162 2623 1313 2696 domum
1333 2645 1449 2711 suam,
1465 2621 1619 2719 pulsavit
1635 2642 1679 2692 os

364 2750 456 2824 tium
473 2747 631 2838 lortiter;
648 2771 740 2822 uxor
753 2748 948 2845 perterrita
962 2746 1092 2820 clausit
1103 2747 1308 2819 lobannem
1333 2747 1406 2820 nud
1417 2769 1477 2820 um
1494 2749 1531 2820 in
1548 2744 1683 2842 quadem

366 2895 477 2970 capsa
491 2873 528 2944 in
543 2894 691 2946 camera
706 2895 787 2960 sua;
807 2875 843 2946 et
859 2871 1113 2946 intromittitur
1129 2873 1260 2944 Petrus
1276 2871 1338 2966 qui
1362 2871 1460 2944 venit
1481 2872 1531 2944 ad
1549 2890 1679 2943 uxorem

362 2997 509 3073 etmisit
525 2997 603 3070 sine
626 3019 732 3070 mora
746 3020 811 3093 pro
833 3019 946 3070 uxore
967 2996 1143 3070 lobannis
1166 3019 1234 3092 que
1250 3001 1378 3070 vocata
1401 2997 1520 3084 venit;
1541 2997 1679 3075 interro·

277 3139 289 3158 ‘
363 3123 459 3220 gavit
474 3145 554 3196 eam
566 3121 610 3196 de
627 3122 758 3196 marito
775 3144 857 3212 suo;
876 3123 1066 3219 respondit
1086 3121 1149 3194 illa
1164 3145 1201 3196 se
1219 3121 1256 3194 id
1271 3121 1426 3210 nescire,
1446 3125 1483 3194 et
1495 3123 1593 3218 quod
1608 3141 1679 3214 sepa

360 3250 395 3321 in
418 3271 526 3323 mane
548 3248 666 3323 exiret
685 3248 835 3322 domum
851 3251 888 3322 et
907 3249 964 3321 vix
983 3250 1020 3320 in
1044 3269 1126 3322 sero
1141 3247 1293 3336 rediret,
1312 3247 1506 3343 aliquando
1522 3247 1567 3320 ad
1582 3246 1675 3326 diem,

360 3374 414 3447 vel
431 3375 522 3448 duos
538 3397 576 3447 se
592 3373 814 3448 absentaret.
835 3349 929 3446 Dixit
944 3375 1073 3450 Petrus
1091 3397 1099 3446 :
1118 3373 1270 3446 maritus
1286 3379 1368 3444 tuus
1382 3379 1437 3444 est
1453 3371 1516 3446 hic
1530 3373 1564 3446 iu
1578 3391 1672 3466 capsa

362 3499 504 3572 clausus
532 3505 569 3573 et
596 3523 682 3595 sepe
711 3498 879 3594 cognovit
905 3497 1098 3572 carnaliter
1121 3519 1270 3570 uxorem
1299 3520 1433 3588 meam,
1461 3497 1551 3571 licet
1577 3500 1610 3567 tu
1635 3493 1674 3563 sis

360 3623 468 3721 longe
488 3623 678 3721 pulchrior
697 3623 769 3698 illa.
801 3627 920 3698 Unum
943 3628 1140 3720 propterea
1164 3621 1228 3696 tibi
1254 3622 1298 3694 de
1325 3622 1471 3696 duobus
1493 3613 1676 3717 elige:on

361 3749 554 3845 permittas
578 3755 613 3824 te
641 3747 836 3823 carnaliter
857 3772 967 3844 super
989 3748 1059 3824 hac
1083 3771 1194 3844 capsa
1214 3771 1236 3819 a
1262 3770 1320 3819 me
1349 3745 1608 3820 delectabiliter
1624 3763 1674 3816 co·
1742 3773 1743 3840 p

360 3873 503 3969 guosci,
520 3873 576 3946 vel
597 3874 770 3947 maritum
786 3881 888 3948 tuum
905 3873 1039 3948 senties
1060 3873 1259 3946 crudeliter
1275 3871 1405 3946 occidi.
1429 3871 1560 3947 Mulier
1576 3866 1674 3943 accla-

362 3997 472 4072 mavit
496 3998 670 4071 maritum
686 4021 797 4094 capsa
812 3998 989 4072 inclusum
1011 3997 1097 4093 quid
1113 3997 1332 4086 laciendum,
1356 3997 1547 4094 respondit
1564 3995 1617 4068 ille
1639 4013 1674 4062 ex
1742 3993 1743 4066 ³

363 4145 475 4219 capsa
502 4121 758 4196 verecundiam
788 4122 909 4218 potius
941 4120 1190 4196 sustinendam
1220 4143 1329 4218 quam
1358 4124 1529 4194 mertem.
1561 4122 1670 4192 Petrus
1742 4175 1743 4198 ,

362 4245 528 4344 cognovit
545 4269 656 4344 super
671 4269 818 4344 capsam
834 4245 1010 4321 lobannis
1026 4269 1198 4337 uxorem;
1216 4268 1288 4342 quo
1304 4245 1401 4320 lacto
1418 4246 1541 4318 emisit
1553 4263 1628 4317 eum
1644 4239 1673 4308 ct
1742 4243 1743 4296 ἲ

361 4371 447 4446 lacti
466 4377 547 4444 sunt
560 4375 685 4446 Petrus
703 4371 929 4446 etlohannes
941 4371 1060 4462 amici,
1075 4376 1112 4448 et
1127 4395 1185 4447 res
1196 4371 1328 4448 mansit
1346 4395 1413 4469 per
1428 4371 1560 4444 mullos
1574 4383 1671 4442 annos

361 4503 515 4589 secreta,
535 4518 637 4571 more
655 4496 790 4593 solito(
816 4496 840 4594 ).

395 4738 424 4795 1.
446 4736 470 4792 Α
498 4735 525 4792 la
543 4737 614 4794 suile
643 4737 676 4794 de
695 4737 818 4794 diverses
845 4743 990 4796 avenlures
1013 4741 1154 4798 racentdes
1173 4753 1223 4812 par
1241 4737 1266 4794 le
1291 4736 1474 4806 penitencia,
1495 4731 1627 4793 Burcbard
1644 4743 1671 4782 en

359 4833 487 4901 rapporte
501 4845 555 4882 une
570 4827 617 4902 qui
636 4826 783 4882 ressernble
799 4827 941 4902 beaucoup
961 4827 1061 4884 boella
1082 4827 1163 4900 qu'on
1180 4826 1212 4882 lit
1231 4827 1300 4882 dans
1324 4827 1351 4884 la
1370 4826 1501 4884 buitieme
1520 4825 1626 4901 journee
1642 4816 1671 4870 (lu

360 4915 527 4972 Decameron
546 4916 579 4972 de
604 4917 734 4985 Boccace,
756 4923 783 4972 et
799 4917 941 4990 beaucoup
955 4917 1017 4991 plus
1037 4935 1134 4973 encore
1153 4921 1169 4972 a
1188 4915 1255 4972 celle
1272 4917 1354 4989 qu‘on
1372 4923 1467 4974 trouve
1489 4915 1547 4972 ala
1560 4914 1594 4970 tin
1612 4909 1640 4964 de
1651 4905 1671 4959 la

360 5005 604 5062 trente-deuxieme
618 5007 697 5064 Sarte
712 5006 745 5062 de
759 5005 892 5065 Bouchet.

397 5115 411 5144 u
432 5094 453 5148 ll
470 5095 551 5168 s'agit
565 5095 599 5152 de
619 5101 689 5152 cette
709 5095 806 5151 lemme
827 5095 874 5169 qui
894 5097 966 5153 uvoit
983 5097 1114 5152 reulerme
1139 5113 1188 5152 son
1209 5103 1302 5152 amant
1320 5095 1390 5152 dans
1410 5113 1446 5150 un
1469 5097 1560 5164 cellia,
1576 5105 1637 5166 pour
1652 5083 1671 5137 lt

362 5183 507 5239 soustraire
525 5201 578 5240 aux
598 5202 670 5258 yeux
690 5185 723 5240 de
737 5202 786 5241 son
810 5185 876 5240 mari
896 5185 1082 5260 inopinement
1102 5185 1135 5241 de
1154 5193 1254 5243 retour.
1271 5185 1308 5240 Le
1328 5185 1394 5241 mari
1412 5185 1486 5242 auoit
1505 5185 1552 5241 lait
1568 5172 1670 5237 venula

362 5270 460 5327 lemme
474 5271 507 5327 de
525 5273 779 5342 lamentantem,
796 5281 824 5332 et
839 5274 874 5330 lui
890 5274 964 5333 evoit
979 5275 1085 5331 declaret
1103 5275 1169 5349 qu’il
1188 5275 1264 5332 alloit
1283 5293 1314 5332 se
1333 5293 1435 5347 renger
1448 5292 1482 5330 en
1498 5273 1638 5348 egorgeenl
1649 5261 1668 5316 lt
