<?xml version="1.0" encoding="UTF-8"?>
<!DOCTYPE html PUBLIC "-//W3C//DTD XHTML 1.0 Transitional//EN"
    "http://www.w3.org/TR/xhtml1/DTD/xhtml1-transitional.dtd">
<html xmlns="http://www.w3.org/1999/xhtml" xml:lang="en" lang="en">
 <head>
  <title>
</title>
<meta http-equiv="Content-Type" content="text/html;charset=utf-8" />
  <meta name='ocr-system' content='tesseract 3.04.00' />
  <meta name='ocr-capabilities' content='ocr_page ocr_carea ocr_par ocr_line ocrx_word'/>
</head>
<body>
  <div class='ocr_page' id='page_1' title='image "./johannisburchar03burcgoog/johannisburchar03burcgoog_0493.png"; bbox 0 0 3554 6042; ppageno 0'>
   <div class='ocr_carea' id='block_1_1' title="bbox 83 604 1406 671">
    <p class='ocr_par' dir='ltr' id='par_1_1' title="bbox 83 604 1406 671">
     <span class='ocr_line' id='line_1_1' title="bbox 83 604 1406 671; baseline 0.008 -16"><span class='ocrx_word' id='word_1_1' title='bbox 83 606 185 670; x_wconf 85' lang='lat' dir='ltr'>[tamtcr</span> <span class='ocrx_word' id='word_1_2' title='bbox 200 605 272 664; x_wconf 77' lang='grc'>15061</span> <span class='ocrx_word' id='word_1_3' title='bbox 409 605 536 671; x_wconf 80' lang='lat' dir='ltr'>RERUM</span> <span class='ocrx_word' id='word_1_4' title='bbox 558 604 783 662; x_wconf 81' lang='lat' dir='ltr'>URBANARUM</span> <span class='ocrx_word' id='word_1_5' title='bbox 804 606 1066 664; x_wconf 80' lang='lat' dir='ltr'>COMMENTARII.</span> <span class='ocrx_word' id='word_1_6' title='bbox 1250 661 1254 670; x_wconf 75' lang='grc'><strong><em>,</em></strong></span> <span class='ocrx_word' id='word_1_7' title='bbox 1352 611 1406 665; x_wconf 83' lang='grc'>115</span> 
     </span>
    </p>
   </div>
   <div class='ocr_carea' id='block_1_2' title="bbox 82 763 1406 4732">
    <p class='ocr_par' dir='ltr' id='par_1_2' title="bbox 82 763 1406 4732">
     <span class='ocr_line' id='line_1_2' title="bbox 83 763 1403 860; baseline -0.001 -24"><span class='ocrx_word' id='word_1_8' title='bbox 83 785 180 860; x_wconf 89' lang='lat' dir='ltr'>super</span> <span class='ocrx_word' id='word_1_9' title='bbox 195 763 417 860; x_wconf 89' lang='lat' dir='ltr'>cappucium</span> <span class='ocrx_word' id='word_1_10' title='bbox 435 763 590 836; x_wconf 90' lang='lat' dir='ltr'>rubeum</span> <span class='ocrx_word' id='word_1_11' title='bbox 607 766 756 860; x_wconf 90' lang='lat' dir='ltr'>paratus</span> <span class='ocrx_word' id='word_1_12' title='bbox 778 763 871 854; x_wconf 87' lang='lat' dir='ltr'>albe,</span> <span class='ocrx_word' id='word_1_13' title='bbox 892 787 995 837; x_wconf 90' lang='lat' dir='ltr'>more</span> <span class='ocrx_word' id='word_1_14' title='bbox 1019 763 1126 838; x_wconf 88' lang='lat' dir='ltr'>solito</span> <span class='ocrx_word' id='word_1_15' title='bbox 1154 763 1403 837; x_wconf 78' lang='lat' dir='ltr'>cardinalibus</span> 
     </span>
     <span class='ocr_line' id='line_1_3' title="bbox 82 888 1405 987; baseline 0.001 -27"><span class='ocrx_word' id='word_1_16' title='bbox 82 889 189 986; x_wconf 91' lang='lat' dir='ltr'>ipsum</span> <span class='ocrx_word' id='word_1_17' title='bbox 205 889 457 983; x_wconf 79' lang='lat' dir='ltr'>sequentibus</span> <span class='ocrx_word' id='word_1_18' title='bbox 481 891 519 961; x_wconf 93' lang='lat' dir='ltr'>ln</span> <span class='ocrx_word' id='word_1_19' title='bbox 542 892 651 985; x_wconf 88' lang='lat' dir='ltr'>porta</span> <span class='ocrx_word' id='word_1_20' title='bbox 677 889 831 963; x_wconf 79' lang='lat' dir='ltr'>ecclesie</span> <span class='ocrx_word' id='word_1_21' title='bbox 853 888 917 962; x_wconf 89' lang='lat' dir='ltr'>fuit</span> <span class='ocrx_word' id='word_1_22' title='bbox 936 897 1108 987; x_wconf 89' lang='lat' dir='ltr'>receptus</span> <span class='ocrx_word' id='word_1_23' title='bbox 1131 913 1234 963; x_wconf 91' lang='lat' dir='ltr'>more</span> <span class='ocrx_word' id='word_1_24' title='bbox 1257 889 1363 962; x_wconf 85' lang='lat' dir='ltr'>solito</span> <span class='ocrx_word' id='word_1_25' title='bbox 1384 912 1405 961; x_wconf 86' lang='lat' dir='ltr'>a</span> 
     </span>
     <span class='ocr_line' id='line_1_4' title="bbox 83 1011 1405 1102; baseline 0.001 -18"><span class='ocrx_word' id='word_1_26' title='bbox 83 1011 257 1102; x_wconf 89' lang='lat' dir='ltr'>fratribus,</span> <span class='ocrx_word' id='word_1_27' title='bbox 278 1020 315 1087; x_wconf 90' lang='lat' dir='ltr'>et</span> <span class='ocrx_word' id='word_1_28' title='bbox 337 1013 530 1088; x_wconf 88' lang='lat' dir='ltr'>cardinalis</span> <span class='ocrx_word' id='word_1_29' title='bbox 548 1013 724 1088; x_wconf 83' lang='lat' dir='ltr'>Columna</span> <span class='ocrx_word' id='word_1_30' title='bbox 741 1014 842 1087; x_wconf 92' lang='lat' dir='ltr'>dedit</span> <span class='ocrx_word' id='word_1_31' title='bbox 860 1014 892 1087; x_wconf 92' lang='lat' dir='ltr'>ei</span> <span class='ocrx_word' id='word_1_32' title='bbox 908 1037 1057 1088; x_wconf 89' lang='lat' dir='ltr'>crucem</span> <span class='ocrx_word' id='word_1_33' title='bbox 1076 1015 1325 1102; x_wconf 81' lang='lat' dir='ltr'>osculandam,</span> <span class='ocrx_word' id='word_1_34' title='bbox 1346 1038 1405 1086; x_wconf 91' lang='lat' dir='ltr'>as-</span> 
     </span>
     <span class='ocr_line' id='line_1_5' title="bbox 84 1137 1406 1238; baseline 0 -26"><span class='ocrx_word' id='word_1_35' title='bbox 84 1137 295 1234; x_wconf 91' lang='lat' dir='ltr'>persorium,</span> <span class='ocrx_word' id='word_1_36' title='bbox 323 1145 372 1230; x_wconf 91' lang='lat' dir='ltr'>et,</span> <span class='ocrx_word' id='word_1_37' title='bbox 399 1139 495 1212; x_wconf 89' lang='lat' dir='ltr'>facta</span> <span class='ocrx_word' id='word_1_38' title='bbox 523 1139 690 1213; x_wconf 90' lang='lat' dir='ltr'>oratione</span> <span class='ocrx_word' id='word_1_39' title='bbox 718 1144 800 1212; x_wconf 90' lang='lat' dir='ltr'>ante</span> <span class='ocrx_word' id='word_1_40' title='bbox 830 1140 942 1213; x_wconf 85' lang='lat' dir='ltr'>altare</span> <span class='ocrx_word' id='word_1_41' title='bbox 961 1140 1092 1238; x_wconf 91' lang='lat' dir='ltr'>majus,</span> <span class='ocrx_word' id='word_1_42' title='bbox 1112 1140 1284 1237; x_wconf 89' lang='lat' dir='ltr'>depositis</span> <span class='ocrx_word' id='word_1_43' title='bbox 1313 1139 1406 1212; x_wconf 87' lang='lat' dir='ltr'>stola</span> 
     </span>
     <span class='ocr_line' id='line_1_6' title="bbox 84 1262 1405 1361; baseline 0 -25"><span class='ocrx_word' id='word_1_44' title='bbox 84 1269 114 1336; x_wconf 92' lang='lat' dir='ltr'>et</span> <span class='ocrx_word' id='word_1_45' title='bbox 127 1262 312 1359; x_wconf 88' lang='lat' dir='ltr'>capuccio,</span> <span class='ocrx_word' id='word_1_46' title='bbox 332 1265 474 1360; x_wconf 89' lang='lat' dir='ltr'>accepit</span> <span class='ocrx_word' id='word_1_47' title='bbox 489 1264 656 1338; x_wconf 87' lang='lat' dir='ltr'>similiter</span> <span class='ocrx_word' id='word_1_48' title='bbox 671 1264 826 1361; x_wconf 88' lang='lat' dir='ltr'>pluviale</span> <span class='ocrx_word' id='word_1_49' title='bbox 843 1265 965 1338; x_wconf 91' lang='lat' dir='ltr'>album</span> <span class='ocrx_word' id='word_1_50' title='bbox 982 1269 1019 1337; x_wconf 87' lang='lat' dir='ltr'>et</span> <span class='ocrx_word' id='word_1_51' title='bbox 1036 1264 1123 1340; x_wconf 90' lang='lat' dir='ltr'>fecit</span> <span class='ocrx_word' id='word_1_52' title='bbox 1138 1264 1405 1339; x_wconf 92' lang='lat' dir='ltr'>confessionem</span> 
     </span>
     <span class='ocr_line' id='line_1_7' title="bbox 83 1388 1402 1486; baseline 0 -24"><span class='ocrx_word' id='word_1_53' title='bbox 83 1411 154 1462; x_wconf 91' lang='lat' dir='ltr'>cam</span> <span class='ocrx_word' id='word_1_54' title='bbox 170 1388 348 1462; x_wconf 85' lang='lat' dir='ltr'>cardinali</span> <span class='ocrx_word' id='word_1_55' title='bbox 372 1389 633 1486; x_wconf 83' lang='lat' dir='ltr'>Senogulliensi</span> <span class='ocrx_word' id='word_1_56' title='bbox 654 1390 878 1464; x_wconf 76' lang='lat' dir='ltr'>celebrante.</span> <span class='ocrx_word' id='word_1_57' title='bbox 899 1395 999 1464; x_wconf 84' lang='lat' dir='ltr'>Tunc</span> <span class='ocrx_word' id='word_1_58' title='bbox 1022 1390 1186 1465; x_wconf 89' lang='lat' dir='ltr'>ascendit</span> <span class='ocrx_word' id='word_1_59' title='bbox 1209 1391 1255 1464; x_wconf 89' lang='lat' dir='ltr'>ad</span> <span class='ocrx_word' id='word_1_60' title='bbox 1278 1389 1402 1462; x_wconf 90' lang='lat' dir='ltr'>sedem</span> 
     </span>
     <span class='ocr_line' id='line_1_8' title="bbox 84 1513 1405 1612; baseline -0.001 -27"><span class='ocrx_word' id='word_1_61' title='bbox 84 1514 295 1588; x_wconf 75' lang='lat' dir='ltr'>eminentem</span> <span class='ocrx_word' id='word_1_62' title='bbox 318 1513 369 1586; x_wconf 91' lang='lat' dir='ltr'>ibi</span> <span class='ocrx_word' id='word_1_63' title='bbox 389 1514 594 1588; x_wconf 90' lang='lat' dir='ltr'>ordinatam</span> <span class='ocrx_word' id='word_1_64' title='bbox 612 1515 716 1612; x_wconf 86' lang='lat' dir='ltr'>juxta</span> <span class='ocrx_word' id='word_1_65' title='bbox 739 1515 851 1590; x_wconf 89' lang='lat' dir='ltr'>altare</span> <span class='ocrx_word' id='word_1_66' title='bbox 873 1516 1003 1612; x_wconf 88' lang='lat' dir='ltr'>majus,</span> <span class='ocrx_word' id='word_1_67' title='bbox 1030 1513 1091 1588; x_wconf 91' lang='lat' dir='ltr'>ubi</span> <span class='ocrx_word' id='word_1_68' title='bbox 1118 1514 1258 1610; x_wconf 88' lang='lat' dir='ltr'>accepit</span> <span class='ocrx_word' id='word_1_69' title='bbox 1282 1513 1405 1586; x_wconf 88' lang='lat' dir='ltr'>cardi-</span> 
     </span>
     <span class='ocr_line' id='line_1_9' title="bbox 84 1637 1405 1736; baseline -0.002 -25"><span class='ocrx_word' id='word_1_70' title='bbox 84 1637 171 1712; x_wconf 86' lang='lat' dir='ltr'>nales</span> <span class='ocrx_word' id='word_1_71' title='bbox 187 1637 233 1712; x_wconf 90' lang='lat' dir='ltr'>ad</span> <span class='ocrx_word' id='word_1_72' title='bbox 248 1639 509 1729; x_wconf 65' lang='lat' dir='ltr'>reverentiam</span> <span class='ocrx_word' id='word_1_73' title='bbox 526 1639 586 1736; x_wconf 91' lang='lat' dir='ltr'>qui</span> <span class='ocrx_word' id='word_1_74' title='bbox 598 1639 771 1714; x_wconf 88' lang='lat' dir='ltr'>sederunt</span> <span class='ocrx_word' id='word_1_75' title='bbox 787 1640 872 1714; x_wconf 92' lang='lat' dir='ltr'>hinc</span> <span class='ocrx_word' id='word_1_76' title='bbox 888 1647 924 1714; x_wconf 92' lang='lat' dir='ltr'>et</span> <span class='ocrx_word' id='word_1_77' title='bbox 939 1641 1022 1714; x_wconf 93' lang='lat' dir='ltr'>inde</span> <span class='ocrx_word' id='word_1_78' title='bbox 1040 1641 1078 1713; x_wconf 95' lang='lat' dir='ltr'>in</span> <span class='ocrx_word' id='word_1_79' title='bbox 1097 1638 1254 1713; x_wconf 89' lang='lat' dir='ltr'>scamnis</span> <span class='ocrx_word' id='word_1_80' title='bbox 1273 1638 1405 1710; x_wconf 89' lang='lat' dir='ltr'>adhoc</span> 
     </span>
     <span class='ocr_line' id='line_1_10' title="bbox 85 1763 1403 1862; baseline 0.001 -29"><span class='ocrx_word' id='word_1_81' title='bbox 85 1763 246 1836; x_wconf 90' lang='lat' dir='ltr'>ordinatis</span> <span class='ocrx_word' id='word_1_82' title='bbox 273 1770 312 1837; x_wconf 92' lang='lat' dir='ltr'>et</span> <span class='ocrx_word' id='word_1_83' title='bbox 339 1763 376 1837; x_wconf 95' lang='lat' dir='ltr'>in</span> <span class='ocrx_word' id='word_1_84' title='bbox 399 1771 645 1838; x_wconf 88' lang='lat' dir='ltr'>transversum</span> <span class='ocrx_word' id='word_1_85' title='bbox 669 1766 850 1862; x_wconf 89' lang='lat' dir='ltr'>usquead</span> <span class='ocrx_word' id='word_1_86' title='bbox 878 1765 1030 1856; x_wconf 87' lang='lat' dir='ltr'>ostium;</span> <span class='ocrx_word' id='word_1_87' title='bbox 1051 1787 1179 1839; x_wconf 92' lang='lat' dir='ltr'>omnes</span> <span class='ocrx_word' id='word_1_88' title='bbox 1201 1763 1259 1837; x_wconf 89' lang='lat' dir='ltr'>alii</span> <span class='ocrx_word' id='word_1_89' title='bbox 1283 1769 1403 1836; x_wconf 88' lang='lat' dir='ltr'>traus-</span> 
     </span>
     <span class='ocr_line' id='line_1_11' title="bbox 84 1885 1406 1988; baseline -0.002 -29"><span class='ocrx_word' id='word_1_90' title='bbox 84 1888 242 1980; x_wconf 89' lang='lat' dir='ltr'>versales,</span> <span class='ocrx_word' id='word_1_91' title='bbox 252 1889 413 1986; x_wconf 88' lang='lat' dir='ltr'>demptis</span> <span class='ocrx_word' id='word_1_92' title='bbox 425 1889 851 1986; x_wconf 89' lang='lat' dir='ltr'>principalibus,fuerunt</span> <span class='ocrx_word' id='word_1_93' title='bbox 862 1889 1198 1988; x_wconf 82' lang='lat' dir='ltr'>clausiPresbyter</span> <span class='ocrx_word' id='word_1_94' title='bbox 1210 1885 1406 1962; x_wconf 90' lang='lat' dir='ltr'>cardinalis</span> 
     </span>
     <span class='ocr_line' id='line_1_12' title="bbox 86 2011 1406 2112; baseline 0.001 -29"><span class='ocrx_word' id='word_1_95' title='bbox 86 2013 243 2086; x_wconf 77' lang='lat' dir='ltr'>assistens</span> <span class='ocrx_word' id='word_1_96' title='bbox 258 2013 361 2087; x_wconf 90' lang='lat' dir='ltr'>stetit</span> <span class='ocrx_word' id='word_1_97' title='bbox 378 2013 414 2086; x_wconf 95' lang='lat' dir='ltr'>in</span> <span class='ocrx_word' id='word_1_98' title='bbox 431 2013 513 2087; x_wconf 92' lang='lat' dir='ltr'>loco</span> <span class='ocrx_word' id='word_1_99' title='bbox 534 2037 644 2112; x_wconf 90' lang='lat' dir='ltr'>super</span> <span class='ocrx_word' id='word_1_100' title='bbox 661 2015 860 2088; x_wconf 89' lang='lat' dir='ltr'>scabellum</span> <span class='ocrx_word' id='word_1_101' title='bbox 876 2016 921 2089; x_wconf 89' lang='lat' dir='ltr'>ad</span> <span class='ocrx_word' id='word_1_102' title='bbox 942 2015 1130 2089; x_wconf 86' lang='lat' dir='ltr'>dexteram</span> <span class='ocrx_word' id='word_1_103' title='bbox 1147 2018 1256 2111; x_wconf 87' lang='lat' dir='ltr'>Papa,</span> <span class='ocrx_word' id='word_1_104' title='bbox 1276 2011 1406 2109; x_wconf 88' lang='lat' dir='ltr'>prelati</span> 
     </span>
     <span class='ocr_line' id='line_1_13' title="bbox 86 2137 1402 2237; baseline 0.003 -31"><span class='ocrx_word' id='word_1_105' title='bbox 86 2137 280 2212; x_wconf 86' lang='lat' dir='ltr'>assistentes</span> <span class='ocrx_word' id='word_1_106' title='bbox 299 2139 339 2211; x_wconf 92' lang='lat' dir='ltr'>in</span> <span class='ocrx_word' id='word_1_107' title='bbox 357 2138 472 2212; x_wconf 87' lang='lat' dir='ltr'>tribus</span> <span class='ocrx_word' id='word_1_108' title='bbox 486 2138 600 2212; x_wconf 89' lang='lat' dir='ltr'>bassis</span> <span class='ocrx_word' id='word_1_109' title='bbox 611 2139 647 2210; x_wconf 91' lang='lat' dir='ltr'>in</span> <span class='ocrx_word' id='word_1_110' title='bbox 663 2138 745 2213; x_wconf 92' lang='lat' dir='ltr'>loco</span> <span class='ocrx_word' id='word_1_111' title='bbox 762 2163 993 2214; x_wconf 82' lang='lat' dir='ltr'>scamnorum</span> <span class='ocrx_word' id='word_1_112' title='bbox 1009 2140 1152 2237; x_wconf 89' lang='lat' dir='ltr'>positis;</span> <span class='ocrx_word' id='word_1_113' title='bbox 1175 2137 1402 2228; x_wconf 87' lang='lat' dir='ltr'>subdiaconi,</span> 
     </span>
     <span class='ocr_line' id='line_1_14' title="bbox 86 2261 1405 2362; baseline 0.003 -30"><span class='ocrx_word' id='word_1_114' title='bbox 86 2261 267 2352; x_wconf 84' lang='lat' dir='ltr'>auditores,</span> <span class='ocrx_word' id='word_1_115' title='bbox 288 2261 413 2337; x_wconf 90' lang='lat' dir='ltr'>clerici</span> <span class='ocrx_word' id='word_1_116' title='bbox 431 2285 591 2352; x_wconf 90' lang='lat' dir='ltr'>camere,</span> <span class='ocrx_word' id='word_1_117' title='bbox 613 2263 744 2361; x_wconf 84' lang='lat' dir='ltr'>acolyti</span> <span class='ocrx_word' id='word_1_118' title='bbox 763 2270 800 2338; x_wconf 91' lang='lat' dir='ltr'>et</span> <span class='ocrx_word' id='word_1_119' title='bbox 814 2265 922 2362; x_wconf 89' lang='lat' dir='ltr'>pauci</span> <span class='ocrx_word' id='word_1_120' title='bbox 942 2263 1168 2353; x_wconf 90' lang='lat' dir='ltr'>cubicularii,</span> <span class='ocrx_word' id='word_1_121' title='bbox 1189 2263 1350 2362; x_wconf 87' lang='lat' dir='ltr'>advocati</span> <span class='ocrx_word' id='word_1_122' title='bbox 1369 2267 1405 2336; x_wconf 88' lang='lat' dir='ltr'>et</span> 
     </span>
     <span class='ocr_line' id='line_1_15' title="bbox 86 2386 1404 2486; baseline 0 -28"><span class='ocrx_word' id='word_1_123' title='bbox 86 2389 256 2462; x_wconf 82' lang='lat' dir='ltr'>secretarii</span> <span class='ocrx_word' id='word_1_124' title='bbox 276 2388 316 2460; x_wconf 93' lang='lat' dir='ltr'>in</span> <span class='ocrx_word' id='word_1_125' title='bbox 340 2389 448 2486; x_wconf 92' lang='lat' dir='ltr'>plano</span> <span class='ocrx_word' id='word_1_126' title='bbox 466 2387 586 2478; x_wconf 92' lang='lat' dir='ltr'>chori;</span> <span class='ocrx_word' id='word_1_127' title='bbox 608 2391 691 2461; x_wconf 88' lang='lat' dir='ltr'>ante</span> <span class='ocrx_word' id='word_1_128' title='bbox 711 2388 885 2463; x_wconf 89' lang='lat' dir='ltr'>diaconos</span> <span class='ocrx_word' id='word_1_129' title='bbox 908 2387 1125 2478; x_wconf 88' lang='lat' dir='ltr'>cardinales,</span> <span class='ocrx_word' id='word_1_130' title='bbox 1146 2391 1230 2460; x_wconf 90' lang='lat' dir='ltr'>ante</span> <span class='ocrx_word' id='word_1_131' title='bbox 1252 2386 1404 2484; x_wconf 80' lang='lat' dir='ltr'>presby-</span> 
     </span>
     <span class='ocr_line' id='line_1_16' title="bbox 87 2509 1402 2611; baseline -0.001 -30"><span class='ocrx_word' id='word_1_132' title='bbox 87 2515 169 2586; x_wconf 88' lang='lat' dir='ltr'>teros</span> <span class='ocrx_word' id='word_1_133' title='bbox 186 2518 222 2586; x_wconf 93' lang='lat' dir='ltr'>et</span> <span class='ocrx_word' id='word_1_134' title='bbox 243 2514 438 2611; x_wconf 89' lang='lat' dir='ltr'>episcopos</span> <span class='ocrx_word' id='word_1_135' title='bbox 456 2513 659 2588; x_wconf 90' lang='lat' dir='ltr'>cardinales</span> <span class='ocrx_word' id='word_1_136' title='bbox 682 2513 854 2587; x_wconf 90' lang='lat' dir='ltr'>sederunt</span> <span class='ocrx_word' id='word_1_137' title='bbox 870 2519 992 2610; x_wconf 91' lang='lat' dir='ltr'>patres</span> <span class='ocrx_word' id='word_1_138' title='bbox 1017 2539 1046 2586; x_wconf 91' lang='lat' dir='ltr'>s.</span> <span class='ocrx_word' id='word_1_139' title='bbox 1065 2510 1180 2601; x_wconf 90' lang='lat' dir='ltr'>Pauli,</span> <span class='ocrx_word' id='word_1_140' title='bbox 1203 2513 1240 2583; x_wconf 90' lang='lat' dir='ltr'>et</span> <span class='ocrx_word' id='word_1_141' title='bbox 1257 2509 1402 2605; x_wconf 83' lang='lat' dir='ltr'>quidam</span> 
     </span>
     <span class='ocr_line' id='line_1_17' title="bbox 89 2634 1403 2737; baseline -0.001 -30"><span class='ocrx_word' id='word_1_142' title='bbox 89 2634 137 2708; x_wconf 88' lang='lat' dir='ltr'>alii</span> <span class='ocrx_word' id='word_1_143' title='bbox 159 2637 362 2713; x_wconf 88' lang='lat' dir='ltr'>cardinales</span> <span class='ocrx_word' id='word_1_144' title='bbox 381 2663 455 2713; x_wconf 92' lang='lat' dir='ltr'>non</span> <span class='ocrx_word' id='word_1_145' title='bbox 476 2645 653 2713; x_wconf 87' lang='lat' dir='ltr'>venerunt</span> <span class='ocrx_word' id='word_1_146' title='bbox 676 2639 721 2713; x_wconf 94' lang='lat' dir='ltr'>ad</span> <span class='ocrx_word' id='word_1_147' title='bbox 741 2637 934 2728; x_wconf 92' lang='lat' dir='ltr'>circulum;</span> <span class='ocrx_word' id='word_1_148' title='bbox 960 2643 1082 2737; x_wconf 82' lang='lat' dir='ltr'>grates</span> <span class='ocrx_word' id='word_1_149' title='bbox 1103 2637 1238 2711; x_wconf 84' lang='lat' dir='ltr'>ferrata</span> <span class='ocrx_word' id='word_1_150' title='bbox 1262 2635 1403 2707; x_wconf 88' lang='lat' dir='ltr'>circum</span> 
     </span>
     <span class='ocr_line' id='line_1_18' title="bbox 89 2760 1404 2856; baseline 0.001 -24"><span class='ocrx_word' id='word_1_151' title='bbox 89 2760 184 2834; x_wconf 87' lang='lat' dir='ltr'>altare</span> <span class='ocrx_word' id='word_1_152' title='bbox 200 2787 330 2838; x_wconf 89' lang='lat' dir='ltr'>omnes</span> <span class='ocrx_word' id='word_1_153' title='bbox 345 2765 490 2840; x_wconf 88' lang='lat' dir='ltr'>fuerunt</span> <span class='ocrx_word' id='word_1_154' title='bbox 507 2766 624 2840; x_wconf 84' lang='lat' dir='ltr'>levate</span> <span class='ocrx_word' id='word_1_155' title='bbox 642 2771 679 2839; x_wconf 90' lang='lat' dir='ltr'>et</span> <span class='ocrx_word' id='word_1_156' title='bbox 696 2769 817 2840; x_wconf 87' lang='lat' dir='ltr'>amota</span> <span class='ocrx_word' id='word_1_157' title='bbox 835 2765 880 2837; x_wconf 90' lang='lat' dir='ltr'>de</span> <span class='ocrx_word' id='word_1_158' title='bbox 899 2762 1158 2838; x_wconf 87' lang='lat' dir='ltr'>commissione</span> <span class='ocrx_word' id='word_1_159' title='bbox 1176 2785 1271 2850; x_wconf 91' lang='lat' dir='ltr'>mea,</span> <span class='ocrx_word' id='word_1_160' title='bbox 1290 2765 1326 2834; x_wconf 88' lang='lat' dir='ltr'>et</span> <span class='ocrx_word' id='word_1_161' title='bbox 1342 2783 1404 2856; x_wconf 93' lang='lat' dir='ltr'>op·</span> 
     </span>
     <span class='ocr_line' id='line_1_19' title="bbox 89 2884 1402 2989; baseline -0.002 -33"><span class='ocrx_word' id='word_1_162' title='bbox 89 2885 162 2960; x_wconf 90' lang='lat' dir='ltr'>time</span> <span class='ocrx_word' id='word_1_163' title='bbox 180 2887 244 2964; x_wconf 86' lang='lat' dir='ltr'>fuit</span> <span class='ocrx_word' id='word_1_164' title='bbox 261 2891 413 2966; x_wconf 86' lang='lat' dir='ltr'>factum.</span> <span class='ocrx_word' id='word_1_165' title='bbox 434 2891 559 2965; x_wconf 83' lang='lat' dir='ltr'>Altare</span> <span class='ocrx_word' id='word_1_166' title='bbox 579 2891 646 2964; x_wconf 86' lang='lat' dir='ltr'>fuit</span> <span class='ocrx_word' id='word_1_167' title='bbox 669 2892 826 2989; x_wconf 86' lang='lat' dir='ltr'>desuper</span> <span class='ocrx_word' id='word_1_168' title='bbox 845 2890 1023 2964; x_wconf 90' lang='lat' dir='ltr'>elevatum</span> <span class='ocrx_word' id='word_1_169' title='bbox 1045 2911 1129 2962; x_wconf 94' lang='lat' dir='ltr'>cum</span> <span class='ocrx_word' id='word_1_170' title='bbox 1148 2884 1284 2961; x_wconf 89' lang='lat' dir='ltr'>tobalia</span> <span class='ocrx_word' id='word_1_171' title='bbox 1300 2906 1402 2956; x_wconf 92' lang='lat' dir='ltr'>com-</span> 
     </span>
     <span class='ocr_line' id='line_1_20' title="bbox 89 3007 1401 3112; baseline -0.005 -29"><span class='ocrx_word' id='word_1_172' title='bbox 89 3015 232 3104; x_wconf 85' lang='lat' dir='ltr'>petente.</span> <span class='ocrx_word' id='word_1_173' title='bbox 252 3015 451 3091; x_wconf 85' lang='lat' dir='ltr'>Celebrans</span> <span class='ocrx_word' id='word_1_174' title='bbox 476 3016 570 3090; x_wconf 88' lang='lat' dir='ltr'>sedit</span> <span class='ocrx_word' id='word_1_175' title='bbox 594 3015 631 3089; x_wconf 94' lang='lat' dir='ltr'>in</span> <span class='ocrx_word' id='word_1_176' title='bbox 654 3015 869 3106; x_wconf 88' lang='lat' dir='ltr'>faldistorio,</span> <span class='ocrx_word' id='word_1_177' title='bbox 887 3022 997 3112; x_wconf 92' lang='lat' dir='ltr'>prout</span> <span class='ocrx_word' id='word_1_178' title='bbox 1019 3013 1056 3086; x_wconf 94' lang='lat' dir='ltr'>in</span> <span class='ocrx_word' id='word_1_179' title='bbox 1077 3011 1228 3086; x_wconf 88' lang='lat' dir='ltr'>basilica</span> <span class='ocrx_word' id='word_1_180' title='bbox 1250 3034 1279 3082; x_wconf 90' lang='lat' dir='ltr'>s.</span> <span class='ocrx_word' id='word_1_181' title='bbox 1306 3007 1401 3082; x_wconf 88' lang='lat' dir='ltr'>Petri</span> 
     </span>
     <span class='ocr_line' id='line_1_21' title="bbox 90 3134 1403 3238; baseline 0 -33"><span class='ocrx_word' id='word_1_182' title='bbox 90 3134 288 3215; x_wconf 88' lang='lat' dir='ltr'>celebrando</span> <span class='ocrx_word' id='word_1_183' title='bbox 309 3165 435 3214; x_wconf 89' lang='lat' dir='ltr'>versus</span> <span class='ocrx_word' id='word_1_184' title='bbox 458 3139 653 3238; x_wconf 92' lang='lat' dir='ltr'>populum;</span> <span class='ocrx_word' id='word_1_185' title='bbox 678 3141 838 3215; x_wconf 89' lang='lat' dir='ltr'>nonfuit</span> <span class='ocrx_word' id='word_1_186' title='bbox 860 3163 995 3214; x_wconf 89' lang='lat' dir='ltr'>sermo.</span> <span class='ocrx_word' id='word_1_187' title='bbox 1020 3143 1119 3236; x_wconf 81' lang='lat' dir='ltr'>Papa</span> <span class='ocrx_word' id='word_1_188' title='bbox 1142 3135 1323 3212; x_wconf 88' lang='lat' dir='ltr'>concessit</span> <span class='ocrx_word' id='word_1_189' title='bbox 1346 3135 1403 3206; x_wconf 92' lang='lat' dir='ltr'>in·</span> 
     </span>
     <span class='ocr_line' id='line_1_22' title="bbox 90 3257 1403 3363; baseline 0.002 -35"><span class='ocrx_word' id='word_1_190' title='bbox 90 3257 276 3356; x_wconf 85' lang='lat' dir='ltr'>dulgentias</span> <span class='ocrx_word' id='word_1_191' title='bbox 290 3265 475 3362; x_wconf 89' lang='lat' dir='ltr'>plenarias</span> <span class='ocrx_word' id='word_1_192' title='bbox 495 3290 584 3363; x_wconf 87' lang='lat' dir='ltr'>quas</span> <span class='ocrx_word' id='word_1_193' title='bbox 602 3266 800 3363; x_wconf 87' lang='lat' dir='ltr'>publicavit</span> <span class='ocrx_word' id='word_1_194' title='bbox 819 3265 1029 3354; x_wconf 89' lang='lat' dir='ltr'>celebrans;</span> <span class='ocrx_word' id='word_1_195' title='bbox 1053 3271 1139 3337; x_wconf 92' lang='lat' dir='ltr'>tunc</span> <span class='ocrx_word' id='word_1_196' title='bbox 1159 3267 1255 3358; x_wconf 88' lang='lat' dir='ltr'>Papa</span> <span class='ocrx_word' id='word_1_197' title='bbox 1269 3261 1306 3332; x_wconf 92' lang='lat' dir='ltr'>in</span> <span class='ocrx_word' id='word_1_198' title='bbox 1323 3259 1403 3356; x_wconf 95' lang='lat' dir='ltr'>plu-</span> 
     </span>
     <span class='ocr_line' id='line_1_23' title="bbox 88 3379 1399 3487; baseline 0.003 -35"><span class='ocrx_word' id='word_1_199' title='bbox 88 3379 156 3456; x_wconf 87' lang='lat' dir='ltr'>viali</span> <span class='ocrx_word' id='word_1_200' title='bbox 176 3410 211 3458; x_wconf 91' lang='lat' dir='ltr'>se</span> <span class='ocrx_word' id='word_1_201' title='bbox 235 3391 378 3486; x_wconf 90' lang='lat' dir='ltr'>portari</span> <span class='ocrx_word' id='word_1_202' title='bbox 400 3391 488 3465; x_wconf 90' lang='lat' dir='ltr'>fecit</span> <span class='ocrx_word' id='word_1_203' title='bbox 511 3391 558 3465; x_wconf 90' lang='lat' dir='ltr'>ad</span> <span class='ocrx_word' id='word_1_204' title='bbox 582 3413 767 3465; x_wconf 91' lang='lat' dir='ltr'>cameram</span> <span class='ocrx_word' id='word_1_205' title='bbox 792 3413 857 3487; x_wconf 93' lang='lat' dir='ltr'>pro</span> <span class='ocrx_word' id='word_1_206' title='bbox 886 3412 930 3462; x_wconf 90' lang='lat' dir='ltr'>eo</span> <span class='ocrx_word' id='word_1_207' title='bbox 955 3395 1120 3485; x_wconf 88' lang='lat' dir='ltr'>paratam</span> <span class='ocrx_word' id='word_1_208' title='bbox 1145 3387 1182 3458; x_wconf 94' lang='lat' dir='ltr'>in</span> <span class='ocrx_word' id='word_1_209' title='bbox 1206 3391 1399 3474; x_wconf 92' lang='lat' dir='ltr'>conventu,</span> 
     </span>
     <span class='ocr_line' id='line_1_24' title="bbox 90 3503 1399 3607; baseline 0.005 -33"><span class='ocrx_word' id='word_1_210' title='bbox 90 3503 258 3586; x_wconf 91' lang='lat' dir='ltr'>descendit</span> <span class='ocrx_word' id='word_1_211' title='bbox 270 3514 318 3588; x_wconf 92' lang='lat' dir='ltr'>ad</span> <span class='ocrx_word' id='word_1_212' title='bbox 333 3514 584 3607; x_wconf 85' lang='lat' dir='ltr'>refectorium,</span> <span class='ocrx_word' id='word_1_213' title='bbox 600 3515 662 3588; x_wconf 91' lang='lat' dir='ltr'>ubi</span> <span class='ocrx_word' id='word_1_214' title='bbox 673 3514 833 3590; x_wconf 91' lang='lat' dir='ltr'>comedit</span> <span class='ocrx_word' id='word_1_215' title='bbox 850 3535 934 3588; x_wconf 91' lang='lat' dir='ltr'>cum</span> <span class='ocrx_word' id='word_1_216' title='bbox 950 3511 1118 3584; x_wconf 90' lang='lat' dir='ltr'>omnibus</span> <span class='ocrx_word' id='word_1_217' title='bbox 1134 3509 1399 3595; x_wconf 91' lang='lat' dir='ltr'>cardinalibus;</span> 
     </span>
     <span class='ocr_line' id='line_1_25' title="bbox 89 3629 1403 3736; baseline 0.004 -37"><span class='ocrx_word' id='word_1_218' title='bbox 89 3629 167 3705; x_wconf 88' lang='lat' dir='ltr'>sedit</span> <span class='ocrx_word' id='word_1_219' title='bbox 191 3635 226 3708; x_wconf 93' lang='lat' dir='ltr'>in</span> <span class='ocrx_word' id='word_1_220' title='bbox 246 3637 365 3736; x_wconf 89' lang='lat' dir='ltr'>capite</span> <span class='ocrx_word' id='word_1_221' title='bbox 385 3639 585 3732; x_wconf 78' lang='lat' dir='ltr'>refectorii,</span> <span class='ocrx_word' id='word_1_222' title='bbox 605 3647 726 3714; x_wconf 89' lang='lat' dir='ltr'>amota</span> <span class='ocrx_word' id='word_1_223' title='bbox 745 3661 873 3712; x_wconf 88' lang='lat' dir='ltr'>mensa</span> <span class='ocrx_word' id='word_1_224' title='bbox 895 3661 1029 3734; x_wconf 85' lang='lat' dir='ltr'>magna</span> <span class='ocrx_word' id='word_1_225' title='bbox 1049 3659 1119 3732; x_wconf 88' lang='lat' dir='ltr'>que</span> <span class='ocrx_word' id='word_1_226' title='bbox 1135 3634 1234 3732; x_wconf 89' lang='lat' dir='ltr'>prius</span> <span class='ocrx_word' id='word_1_227' title='bbox 1252 3637 1347 3722; x_wconf 92' lang='lat' dir='ltr'>erat,</span> <span class='ocrx_word' id='word_1_228' title='bbox 1366 3637 1403 3704; x_wconf 91' lang='lat' dir='ltr'>ct</span> 
     </span>
     <span class='ocr_line' id='line_1_26' title="bbox 87 3755 1400 3863; baseline 0.002 -38"><span class='ocrx_word' id='word_1_229' title='bbox 87 3755 188 3846; x_wconf 91' lang='lat' dir='ltr'>posita</span> <span class='ocrx_word' id='word_1_230' title='bbox 209 3761 291 3837; x_wconf 88' lang='lat' dir='ltr'>alia.</span> <span class='ocrx_word' id='word_1_231' title='bbox 323 3766 434 3861; x_wconf 87' lang='lat' dir='ltr'>Papa,</span> <span class='ocrx_word' id='word_1_232' title='bbox 459 3764 619 3863; x_wconf 87' lang='lat' dir='ltr'>episcopi</span> <span class='ocrx_word' id='word_1_233' title='bbox 644 3762 906 3863; x_wconf 83' lang='lat' dir='ltr'>etpresbyteri</span> <span class='ocrx_word' id='word_1_234' title='bbox 936 3759 1138 3835; x_wconf 88' lang='lat' dir='ltr'>cardinales</span> <span class='ocrx_word' id='word_1_235' title='bbox 1164 3759 1340 3832; x_wconf 91' lang='lat' dir='ltr'>sederunt</span> <span class='ocrx_word' id='word_1_236' title='bbox 1363 3755 1400 3828; x_wconf 91' lang='lat' dir='ltr'>in</span> 
     </span>
     <span class='ocr_line' id='line_1_27' title="bbox 89 3873 1402 3984; baseline 0.005 -38"><span class='ocrx_word' id='word_1_237' title='bbox 89 3873 208 3957; x_wconf 86' lang='lat' dir='ltr'>duabus</span> <span class='ocrx_word' id='word_1_238' title='bbox 226 3887 363 3960; x_wconf 88' lang='lat' dir='ltr'>mensis</span> <span class='ocrx_word' id='word_1_239' title='bbox 382 3888 579 3962; x_wconf 92' lang='lat' dir='ltr'>ordinariis</span> <span class='ocrx_word' id='word_1_240' title='bbox 602 3890 648 3962; x_wconf 93' lang='lat' dir='ltr'>ad</span> <span class='ocrx_word' id='word_1_241' title='bbox 669 3889 860 3963; x_wconf 84' lang='lat' dir='ltr'>dexteram</span> <span class='ocrx_word' id='word_1_242' title='bbox 882 3890 992 3984; x_wconf 92' lang='lat' dir='ltr'>Pape,</span> <span class='ocrx_word' id='word_1_243' title='bbox 1015 3890 1051 3958; x_wconf 88' lang='lat' dir='ltr'>et</span> <span class='ocrx_word' id='word_1_244' title='bbox 1070 3883 1212 3958; x_wconf 90' lang='lat' dir='ltr'>diaconi</span> <span class='ocrx_word' id='word_1_245' title='bbox 1232 3883 1276 3955; x_wconf 87' lang='lat' dir='ltr'>ad</span> <span class='ocrx_word' id='word_1_246' title='bbox 1300 3881 1402 3953; x_wconf 91' lang='lat' dir='ltr'>sinis-</span> 
     </span>
     <span class='ocr_line' id='line_1_28' title="bbox 90 4001 1399 4111; baseline -0.001 -33"><span class='ocrx_word' id='word_1_247' title='bbox 90 4001 217 4080; x_wconf 76' lang='lat' dir='ltr'>frumin</span> <span class='ocrx_word' id='word_1_248' title='bbox 234 4011 343 4106; x_wconf 91' lang='lat' dir='ltr'>plano</span> <span class='ocrx_word' id='word_1_249' title='bbox 358 4013 558 4105; x_wconf 82' lang='lat' dir='ltr'>refectorii,</span> <span class='ocrx_word' id='word_1_250' title='bbox 577 4019 614 4088; x_wconf 88' lang='lat' dir='ltr'>et</span> <span class='ocrx_word' id='word_1_251' title='bbox 631 4022 713 4111; x_wconf 91' lang='lat' dir='ltr'>post</span> <span class='ocrx_word' id='word_1_252' title='bbox 728 4015 905 4088; x_wconf 92' lang='lat' dir='ltr'>diaconos</span> <span class='ocrx_word' id='word_1_253' title='bbox 918 4010 1102 4110; x_wconf 82' lang='lat' dir='ltr'>prefectus</span> <span class='ocrx_word' id='word_1_254' title='bbox 1121 4008 1228 4082; x_wconf 88' lang='lat' dir='ltr'>Urbis</span> <span class='ocrx_word' id='word_1_255' title='bbox 1243 4033 1251 4096; x_wconf 91' lang='lat'>;</span> <span class='ocrx_word' id='word_1_256' title='bbox 1270 4005 1399 4103; x_wconf 89' lang='lat' dir='ltr'>prelati</span> 
     </span>
     <span class='ocr_line' id='line_1_29' title="bbox 90 4120 1401 4235; baseline 0.008 -43"><span class='ocrx_word' id='word_1_257' title='bbox 90 4120 119 4193; x_wconf 94' lang='lat' dir='ltr'>in</span> <span class='ocrx_word' id='word_1_258' title='bbox 133 4131 295 4228; x_wconf 90' lang='lat' dir='ltr'>capitulo,</span> <span class='ocrx_word' id='word_1_259' title='bbox 316 4137 354 4210; x_wconf 95' lang='lat' dir='ltr'>in</span> <span class='ocrx_word' id='word_1_260' title='bbox 367 4137 483 4212; x_wconf 90' lang='lat' dir='ltr'>tribus</span> <span class='ocrx_word' id='word_1_261' title='bbox 502 4139 638 4212; x_wconf 90' lang='lat' dir='ltr'>mensis</span> <span class='ocrx_word' id='word_1_262' title='bbox 655 4139 789 4212; x_wconf 91' lang='lat' dir='ltr'>ibidem</span> <span class='ocrx_word' id='word_1_263' title='bbox 800 4137 939 4235; x_wconf 87' lang='lat' dir='ltr'>paratis</span> <span class='ocrx_word' id='word_1_264' title='bbox 952 4145 989 4210; x_wconf 90' lang='lat' dir='ltr'>et</span> <span class='ocrx_word' id='word_1_265' title='bbox 1005 4133 1217 4208; x_wconf 91' lang='lat' dir='ltr'>cubicularii</span> <span class='ocrx_word' id='word_1_266' title='bbox 1233 4155 1316 4205; x_wconf 91' lang='lat' dir='ltr'>cum</span> <span class='ocrx_word' id='word_1_267' title='bbox 1332 4131 1401 4204; x_wconf 91' lang='lat' dir='ltr'>eis-</span> 
     </span>
     <span class='ocr_line' id='line_1_30' title="bbox 91 4245 1399 4361; baseline 0.005 -43"><span class='ocrx_word' id='word_1_268' title='bbox 91 4245 159 4324; x_wconf 89' lang='lat' dir='ltr'>dem</span> <span class='ocrx_word' id='word_1_269' title='bbox 179 4255 214 4329; x_wconf 92' lang='lat' dir='ltr'>in</span> <span class='ocrx_word' id='word_1_270' title='bbox 238 4263 406 4360; x_wconf 92' lang='lat' dir='ltr'>opposito</span> <span class='ocrx_word' id='word_1_271' title='bbox 427 4263 595 4361; x_wconf 75' lang='lat' dir='ltr'>capituli,</span> <span class='ocrx_word' id='word_1_272' title='bbox 619 4264 656 4337; x_wconf 95' lang='lat' dir='ltr'>in</span> <span class='ocrx_word' id='word_1_273' title='bbox 676 4265 815 4337; x_wconf 88' lang='lat' dir='ltr'>ambitu</span> <span class='ocrx_word' id='word_1_274' title='bbox 838 4263 911 4337; x_wconf 89' lang='lat' dir='ltr'>sive</span> <span class='ocrx_word' id='word_1_275' title='bbox 934 4261 1087 4336; x_wconf 90' lang='lat' dir='ltr'>circuitu</span> <span class='ocrx_word' id='word_1_276' title='bbox 1114 4257 1293 4344; x_wconf 84' lang='lat' dir='ltr'>scutiferi3</span> <span class='ocrx_word' id='word_1_277' title='bbox 1319 4255 1399 4327; x_wconf 90' lang='lat' dir='ltr'>aliis</span> 
     </span>
     <span class='ocr_line' id='line_1_31' title="bbox 91 4374 1399 4476; baseline 0.007 -34"><span class='ocrx_word' id='word_1_278' title='bbox 91 4374 192 4452; x_wconf 91' lang='lat' dir='ltr'>nullus</span> <span class='ocrx_word' id='word_1_279' title='bbox 207 4382 273 4459; x_wconf 91' lang='lat' dir='ltr'>fuit</span> <span class='ocrx_word' id='word_1_280' title='bbox 291 4387 397 4462; x_wconf 89' lang='lat' dir='ltr'>datus</span> <span class='ocrx_word' id='word_1_281' title='bbox 417 4388 506 4462; x_wconf 91' lang='lat' dir='ltr'>ordo</span> <span class='ocrx_word' id='word_1_282' title='bbox 522 4413 567 4464; x_wconf 88' lang='lat' dir='ltr'>ex</span> <span class='ocrx_word' id='word_1_283' title='bbox 580 4389 723 4464; x_wconf 90' lang='lat' dir='ltr'>defectu</span> <span class='ocrx_word' id='word_1_284' title='bbox 741 4387 994 4462; x_wconf 88' lang='lat' dir='ltr'>ministrorum</span> <span class='ocrx_word' id='word_1_285' title='bbox 1011 4391 1190 4458; x_wconf 89' lang='lat' dir='ltr'>eteorum</span> <span class='ocrx_word' id='word_1_286' title='bbox 1210 4381 1270 4476; x_wconf 88' lang='lat' dir='ltr'>qui</span> <span class='ocrx_word' id='word_1_287' title='bbox 1286 4381 1399 4452; x_wconf 92' lang='lat' dir='ltr'>debe-</span> 
     </span>
     <span class='ocr_line' id='line_1_32' title="bbox 92 4492 1397 4608; baseline 0.007 -43"><span class='ocrx_word' id='word_1_288' title='bbox 92 4492 166 4574; x_wconf 91' lang='lat' dir='ltr'>bant</span> <span class='ocrx_word' id='word_1_289' title='bbox 185 4509 365 4588; x_wconf 88' lang='lat' dir='ltr'>ordinare.</span> <span class='ocrx_word' id='word_1_290' title='bbox 390 4515 494 4588; x_wconf 91' lang='lat' dir='ltr'>Prior</span> <span class='ocrx_word' id='word_1_291' title='bbox 513 4515 724 4589; x_wconf 89' lang='lat' dir='ltr'>monasterii</span> <span class='ocrx_word' id='word_1_292' title='bbox 746 4539 776 4588; x_wconf 88' lang='lat' dir='ltr'>s.</span> <span class='ocrx_word' id='word_1_293' title='bbox 800 4513 900 4587; x_wconf 89' lang='lat' dir='ltr'>Pauli</span> <span class='ocrx_word' id='word_1_294' title='bbox 922 4511 1011 4608; x_wconf 84' lang='lat' dir='ltr'>legit</span> <span class='ocrx_word' id='word_1_295' title='bbox 1035 4509 1081 4582; x_wconf 89' lang='lat' dir='ltr'>ad</span> <span class='ocrx_word' id='word_1_296' title='bbox 1095 4529 1273 4594; x_wconf 87' lang='lat' dir='ltr'>mensam,</span> <span class='ocrx_word' id='word_1_297' title='bbox 1294 4518 1397 4576; x_wconf 87' lang='lat' dir='ltr'>more</span> 
     </span>
     <span class='ocr_line' id='line_1_33' title="bbox 93 4618 1398 4732; baseline -0.006 -25"><span class='ocrx_word' id='word_1_298' title='bbox 93 4618 236 4725; x_wconf 76' lang='lat' dir='ltr'>laeuum,</span> <span class='ocrx_word' id='word_1_299' title='bbox 258 4645 358 4713; x_wconf 89' lang='lat' dir='ltr'>stans</span> <span class='ocrx_word' id='word_1_300' title='bbox 375 4639 413 4713; x_wconf 92' lang='lat' dir='ltr'>in</span> <span class='ocrx_word' id='word_1_301' title='bbox 430 4641 511 4715; x_wconf 93' lang='lat' dir='ltr'>loco</span> <span class='ocrx_word' id='word_1_302' title='bbox 529 4641 710 4732; x_wconf 90' lang='lat' dir='ltr'>ordinato,</span> <span class='ocrx_word' id='word_1_303' title='bbox 733 4645 770 4716; x_wconf 92' lang='lat' dir='ltr'>et</span> <span class='ocrx_word' id='word_1_304' title='bbox 786 4638 942 4714; x_wconf 89' lang='lat' dir='ltr'>cantavit</span> <span class='ocrx_word' id='word_1_305' title='bbox 963 4635 1160 4710; x_wconf 89' lang='lat' dir='ltr'>lectionem</span> <span class='ocrx_word' id='word_1_306' title='bbox 1179 4655 1248 4728; x_wconf 93' lang='lat' dir='ltr'>que</span> <span class='ocrx_word' id='word_1_307' title='bbox 1267 4629 1335 4703; x_wconf 93' lang='lat' dir='ltr'>fuit</span> <span class='ocrx_word' id='word_1_308' title='bbox 1353 4629 1398 4700; x_wconf 92' lang='lat' dir='ltr'>de</span> 
     </span>
    </p>
   </div>
   <div class='ocr_carea' id='block_1_3' title="bbox 94 4754 1400 5364">
    <p class='ocr_par' dir='ltr' id='par_1_3' title="bbox 94 4754 1400 5364">
     <span class='ocr_line' id='line_1_34' title="bbox 94 4754 1400 4864; baseline 0.006 -45"><span class='ocrx_word' id='word_1_309' title='bbox 94 4759 303 4838; x_wconf 83' lang='lat' dir='ltr'>conversione</span> <span class='ocrx_word' id='word_1_310' title='bbox 322 4789 351 4838; x_wconf 90' lang='lat' dir='ltr'>s.</span> <span class='ocrx_word' id='word_1_311' title='bbox 368 4767 481 4856; x_wconf 89' lang='lat' dir='ltr'>Pauli,</span> <span class='ocrx_word' id='word_1_312' title='bbox 500 4775 537 4842; x_wconf 89' lang='lat' dir='ltr'>et</span> <span class='ocrx_word' id='word_1_313' title='bbox 552 4767 640 4864; x_wconf 86' lang='lat' dir='ltr'>legit</span> <span class='ocrx_word' id='word_1_314' title='bbox 655 4789 770 4863; x_wconf 91' lang='lat' dir='ltr'>usque</span> <span class='ocrx_word' id='word_1_315' title='bbox 785 4767 831 4840; x_wconf 93' lang='lat' dir='ltr'>ad</span> <span class='ocrx_word' id='word_1_316' title='bbox 847 4765 958 4838; x_wconf 89' lang='lat' dir='ltr'>finem</span> <span class='ocrx_word' id='word_1_317' title='bbox 974 4785 1112 4834; x_wconf 90' lang='lat' dir='ltr'>mense.</span> <span class='ocrx_word' id='word_1_318' title='bbox 1130 4764 1271 4854; x_wconf 81' lang='lat' dir='ltr'>Aquam</span> <span class='ocrx_word' id='word_1_319' title='bbox 1285 4754 1400 4829; x_wconf 92' lang='lat' dir='ltr'>mani-</span> 
     </span>
     <span class='ocr_line' id='line_1_35' title="bbox 94 4866 1399 4988; baseline -0.006 -28"><span class='ocrx_word' id='word_1_320' title='bbox 94 4866 148 4946; x_wconf 87' lang='lat' dir='ltr'>bus</span> <span class='ocrx_word' id='word_1_321' title='bbox 164 4881 250 4981; x_wconf 78' lang='lat' dir='ltr'>Pape</span> <span class='ocrx_word' id='word_1_322' title='bbox 265 4889 365 4964; x_wconf 88' lang='lat' dir='ltr'>dedit</span> <span class='ocrx_word' id='word_1_323' title='bbox 381 4893 579 4988; x_wconf 90' lang='lat' dir='ltr'>prefectus,</span> <span class='ocrx_word' id='word_1_324' title='bbox 603 4891 812 4988; x_wconf 90' lang='lat' dir='ltr'>mappulam</span> <span class='ocrx_word' id='word_1_325' title='bbox 831 4888 1009 4963; x_wconf 87' lang='lat' dir='ltr'>Columna</span> <span class='ocrx_word' id='word_1_326' title='bbox 1024 4894 1058 4958; x_wconf 87' lang='lat' dir='ltr'>et</span> <span class='ocrx_word' id='word_1_327' title='bbox 1077 4885 1235 4958; x_wconf 88' lang='lat' dir='ltr'>bledices</span> <span class='ocrx_word' id='word_1_328' title='bbox 1254 4881 1399 4980; x_wconf 89' lang='lat' dir='ltr'>predic-</span> 
     </span>
     <span class='ocr_line' id='line_1_36' title="bbox 96 4995 1399 5111; baseline -0.004 -31"><span class='ocrx_word' id='word_1_329' title='bbox 96 4995 142 5067; x_wconf 69' lang='lat'>[1¹8</span> <span class='ocrx_word' id='word_1_330' title='bbox 161 5009 345 5086; x_wconf 84' lang='lat' dir='ltr'>cardinalis</span> <span class='ocrx_word' id='word_1_331' title='bbox 365 5020 448 5110; x_wconf 88' lang='lat' dir='ltr'>post</span> <span class='ocrx_word' id='word_1_332' title='bbox 472 5015 680 5111; x_wconf 91' lang='lat' dir='ltr'>prandium,</span> <span class='ocrx_word' id='word_1_333' title='bbox 705 5019 741 5088; x_wconf 88' lang='lat' dir='ltr'>et</span> <span class='ocrx_word' id='word_1_334' title='bbox 769 5013 891 5088; x_wconf 87' lang='lat' dir='ltr'>statim</span> <span class='ocrx_word' id='word_1_335' title='bbox 906 5015 1003 5108; x_wconf 87' lang='lat' dir='ltr'>Papa</span> <span class='ocrx_word' id='word_1_336' title='bbox 1023 5010 1087 5082; x_wconf 89' lang='lat' dir='ltr'>ivit</span> <span class='ocrx_word' id='word_1_337' title='bbox 1105 5009 1150 5082; x_wconf 91' lang='lat' dir='ltr'>ad</span> <span class='ocrx_word' id='word_1_338' title='bbox 1165 5009 1340 5104; x_wconf 91' lang='lat' dir='ltr'>quietem,</span> <span class='ocrx_word' id='word_1_339' title='bbox 1362 5009 1399 5077; x_wconf 93' lang='lat' dir='ltr'>et</span> 
     </span>
     <span class='ocr_line' id='line_1_37' title="bbox 96 5117 1399 5237; baseline 0.008 -44"><span class='ocrx_word' id='word_1_340' title='bbox 96 5117 238 5206; x_wconf 81' lang='lat' dir='ltr'>similiter</span> <span class='ocrx_word' id='word_1_341' title='bbox 257 5138 477 5231; x_wconf 69' lang='lat' dir='ltr'>cardinales</span> <span class='ocrx_word' id='word_1_342' title='bbox 497 5141 558 5237; x_wconf 91' lang='lat' dir='ltr'>qui</span> <span class='ocrx_word' id='word_1_343' title='bbox 574 5141 780 5231; x_wconf 92' lang='lat' dir='ltr'>voluerunt,</span> <span class='ocrx_word' id='word_1_344' title='bbox 805 5139 890 5237; x_wconf 89' lang='lat' dir='ltr'>quia</span> <span class='ocrx_word' id='word_1_345' title='bbox 908 5134 1059 5232; x_wconf 87' lang='lat' dir='ltr'>singulis</span> <span class='ocrx_word' id='word_1_346' title='bbox 1083 5134 1231 5208; x_wconf 91' lang='lat' dir='ltr'>fuerunt</span> <span class='ocrx_word' id='word_1_347' title='bbox 1253 5153 1399 5204; x_wconf 90' lang='lat' dir='ltr'>camere</span> 
     </span>
     <span class='ocr_line' id='line_1_38' title="bbox 95 5248 1398 5364; baseline 0.011 -50"><span class='ocrx_word' id='word_1_348' title='bbox 95 5248 263 5348; x_wconf 82' lang='lat' dir='ltr'>assignate.</span> <span class='ocrx_word' id='word_1_349' title='bbox 283 5266 370 5338; x_wconf 89' lang='lat' dir='ltr'>Post</span> <span class='ocrx_word' id='word_1_350' title='bbox 382 5263 596 5364; x_wconf 81' lang='lat' dir='ltr'>vigesimam</span> <span class='ocrx_word' id='word_1_351' title='bbox 613 5267 816 5358; x_wconf 66' lang='lat' dir='ltr'>secundam„</span> <span class='ocrx_word' id='word_1_352' title='bbox 827 5266 969 5351; x_wconf 89' lang='lat' dir='ltr'>horam,</span> <span class='ocrx_word' id='word_1_353' title='bbox 994 5263 1093 5357; x_wconf 91' lang='lat' dir='ltr'>Papa</span> <span class='ocrx_word' id='word_1_354' title='bbox 1109 5258 1220 5333; x_wconf 91' lang='lat' dir='ltr'>rediit</span> <span class='ocrx_word' id='word_1_355' title='bbox 1234 5256 1280 5330; x_wconf 87' lang='lat' dir='ltr'>ad</span> <span class='ocrx_word' id='word_1_356' title='bbox 1296 5256 1398 5354; x_wconf 91' lang='lat' dir='ltr'>pala-</span> 
     </span>
    </p>
   </div>
   <div class='ocr_carea' id='block_1_4' title="bbox 0 0 1791 6042">
    <p class='ocr_par' dir='ltr' id='par_1_4' title="bbox 0 0 1791 6042">
     <span class='ocr_line' id='line_1_39' title="bbox 0 0 1791 6042; baseline 0 0"><span class='ocrx_word' id='word_1_357' title='bbox 0 0 1791 6042; x_wconf 95' lang='lat' dir='ltr'> </span> 
     </span>
    </p>
   </div>
  </div>
 </body>
</html>
