<?xml version="1.0" encoding="UTF-8"?>
<!DOCTYPE html PUBLIC "-//W3C//DTD XHTML 1.0 Transitional//EN"
    "http://www.w3.org/TR/xhtml1/DTD/xhtml1-transitional.dtd">
<html xmlns="http://www.w3.org/1999/xhtml" xml:lang="en" lang="en">
 <head>
  <title>
</title>
<meta http-equiv="Content-Type" content="text/html;charset=utf-8" />
  <meta name='ocr-system' content='tesseract 3.04.00' />
  <meta name='ocr-capabilities' content='ocr_page ocr_carea ocr_par ocr_line ocrx_word'/>
</head>
<body>
  <div class='ocr_page' id='page_1' title='image "./johannisburchar03burcgoog/johannisburchar03burcgoog_0309.png"; bbox 0 0 3506 6034; ppageno 0'>
   <div class='ocr_carea' id='block_1_1' title="bbox 112 631 1421 707">
    <p class='ocr_par' dir='ltr' id='par_1_1' title="bbox 112 631 1421 707">
     <span class='ocr_line' id='line_1_1' title="bbox 112 631 1421 707; baseline 0.006 -19"><span class='ocrx_word' id='word_1_1' title='bbox 112 634 215 700; x_wconf 67' lang='lat' dir='ltr'><strong>[imatos</strong></span> <span class='ocrx_word' id='word_1_2' title='bbox 228 634 298 700; x_wconf 78' lang='lat' dir='ltr'><strong>soor]</strong></span> <span class='ocrx_word' id='word_1_3' title='bbox 435 631 562 692; x_wconf 81' lang='lat' dir='ltr'><strong>RERUM</strong></span> <span class='ocrx_word' id='word_1_4' title='bbox 587 633 813 698; x_wconf 72' lang='lat' dir='ltr'><strong>Ultunonflon</strong></span> <span class='ocrx_word' id='word_1_5' title='bbox 832 635 1095 700; x_wconf 71' lang='lat' dir='ltr'><strong>COMMENTARH.</strong></span> <span class='ocrx_word' id='word_1_6' title='bbox 1370 637 1421 707; x_wconf 78' lang='lat'><strong>23¹</strong></span> 
     </span>
    </p>
   </div>
   <div class='ocr_carea' id='block_1_2' title="bbox 108 788 1427 1275">
    <p class='ocr_par' dir='ltr' id='par_1_2' title="bbox 108 788 1427 1275">
     <span class='ocr_line' id='line_1_2' title="bbox 114 788 1425 887; baseline 0 -21"><span class='ocrx_word' id='word_1_7' title='bbox 114 791 243 879; x_wconf 82' lang='lat' dir='ltr'><strong>Ursino,</strong></span> <span class='ocrx_word' id='word_1_8' title='bbox 264 793 303 863; x_wconf 92' lang='lat' dir='ltr'><strong>ut</strong></span> <span class='ocrx_word' id='word_1_9' title='bbox 320 788 513 887; x_wconf 78' lang='lat' dir='ltr'><strong>prefertur,</strong></span> <span class='ocrx_word' id='word_1_10' title='bbox 535 811 660 862; x_wconf 88' lang='lat' dir='ltr'><strong>rumor</strong></span> <span class='ocrx_word' id='word_1_11' title='bbox 677 791 838 864; x_wconf 86' lang='lat' dir='ltr'><strong>surrexit</strong></span> <span class='ocrx_word' id='word_1_12' title='bbox 848 815 914 886; x_wconf 89' lang='lat' dir='ltr'><strong>per</strong></span> <span class='ocrx_word' id='word_1_13' title='bbox 932 792 1069 864; x_wconf 90' lang='lat' dir='ltr'><strong>Urbem</strong></span> <span class='ocrx_word' id='word_1_14' title='bbox 1086 795 1222 887; x_wconf 81' lang='lat' dir='ltr'><strong>Papam</strong></span> <span class='ocrx_word' id='word_1_15' title='bbox 1236 813 1316 865; x_wconf 85' lang='lat' dir='ltr'><strong>csse</strong></span> <span class='ocrx_word' id='word_1_16' title='bbox 1327 815 1425 866; x_wconf 92' lang='lat' dir='ltr'><strong>mor-</strong></span> 
     </span>
     <span class='ocr_line' id='line_1_3' title="bbox 113 914 1424 1012; baseline 0.001 -20"><span class='ocrx_word' id='word_1_17' title='bbox 113 921 252 994; x_wconf 87' lang='lat' dir='ltr'><strong>tuomet</strong></span> <span class='ocrx_word' id='word_1_18' title='bbox 272 914 464 1012; x_wconf 78' lang='lat' dir='ltr'>Neapolim</span> <span class='ocrx_word' id='word_1_19' title='bbox 491 914 538 986; x_wconf 82' lang='lat' dir='ltr'><strong>uls</strong></span> <span class='ocrx_word' id='word_1_20' title='bbox 556 914 725 1010; x_wconf 88' lang='lat' dir='ltr'><strong>Hispanis</strong></span> <span class='ocrx_word' id='word_1_21' title='bbox 749 921 909 1012; x_wconf 90' lang='lat' dir='ltr'><strong>captum,</strong></span> <span class='ocrx_word' id='word_1_22' title='bbox 931 915 995 990; x_wconf 86' lang='lat' dir='ltr'><strong>sed</strong></span> <span class='ocrx_word' id='word_1_23' title='bbox 1016 916 1156 990; x_wconf 91' lang='lat' dir='ltr'><strong>nullum</strong></span> <span class='ocrx_word' id='word_1_24' title='bbox 1176 917 1309 990; x_wconf 91' lang='lat' dir='ltr'><strong>horum</strong></span> <span class='ocrx_word' id='word_1_25' title='bbox 1330 922 1424 994; x_wconf 86' lang='lat' dir='ltr'><strong>erat.</strong></span> 
     </span>
     <span class='ocr_line' id='line_1_4' title="bbox 111 1038 1426 1134; baseline 0 -18"><span class='ocrx_word' id='word_1_26' title='bbox 111 1038 520 1128; x_wconf 77' lang='lat' dir='ltr'><strong>CardinalisCesorinuS,</strong></span> <span class='ocrx_word' id='word_1_27' title='bbox 540 1038 724 1114; x_wconf 84' lang='lat' dir='ltr'><strong>intellecta</strong></span> <span class='ocrx_word' id='word_1_28' title='bbox 741 1039 949 1114; x_wconf 71' lang='lat' dir='ltr'>detentione</span> <span class='ocrx_word' id='word_1_29' title='bbox 971 1041 1167 1115; x_wconf 86' lang='lat' dir='ltr'><strong>cardinalis</strong></span> <span class='ocrx_word' id='word_1_30' title='bbox 1187 1040 1319 1134; x_wconf 81' lang='lat' dir='ltr'><strong>Ursini,</strong></span> <span class='ocrx_word' id='word_1_31' title='bbox 1340 1041 1426 1116; x_wconf 85' lang='lat' dir='ltr'><strong>lecit</strong></span> 
     </span>
     <span class='ocr_line' id='line_1_5' title="bbox 108 1165 1427 1275; baseline -0.002 -33"><span class='ocrx_word' id='word_1_32' title='bbox 108 1166 233 1275; x_wconf 88' lang='lat' dir='ltr'><strong>pulsari</strong></span> <span class='ocrx_word' id='word_1_33' title='bbox 263 1187 479 1261; x_wconf 84' lang='lat' dir='ltr'><strong>campanam</strong></span> <span class='ocrx_word' id='word_1_34' title='bbox 503 1187 607 1238; x_wconf 90' lang='lat' dir='ltr'><strong>suam</strong></span> <span class='ocrx_word' id='word_1_35' title='bbox 635 1165 682 1238; x_wconf 93' lang='lat' dir='ltr'><strong>ad</strong></span> <span class='ocrx_word' id='word_1_36' title='bbox 701 1165 950 1262; x_wconf 90' lang='lat' dir='ltr'><strong>equitandum,</strong></span> <span class='ocrx_word' id='word_1_37' title='bbox 979 1172 1015 1240; x_wconf 89' lang='lat' dir='ltr'><strong>et</strong></span> <span class='ocrx_word' id='word_1_38' title='bbox 1041 1167 1119 1240; x_wconf 88' lang='lat' dir='ltr'><strong>sine</strong></span> <span class='ocrx_word' id='word_1_39' title='bbox 1137 1189 1239 1240; x_wconf 90' lang='lat' dir='ltr'><strong>mora</strong></span> <span class='ocrx_word' id='word_1_40' title='bbox 1263 1167 1427 1240; x_wconf 83' lang='lat' dir='ltr'><strong>ascendit</strong></span> 
     </span>
    </p>
   </div>
   <div class='ocr_carea' id='block_1_3' title="bbox 19 1273 1433 5370">
    <p class='ocr_par' dir='ltr' id='par_1_3' title="bbox 106 1273 1427 1618">
     <span class='ocr_line' id='line_1_6' title="bbox 108 1273 1423 1389; baseline -0.001 -24"><span class='ocrx_word' id='word_1_41' title='bbox 108 1291 233 1366; x_wconf 87' lang='lat' dir='ltr'><strong>mulam</strong></span> <span class='ocrx_word' id='word_1_42' title='bbox 250 1295 287 1364; x_wconf 86' lang='lat' dir='ltr'><strong>et</strong></span> <span class='ocrx_word' id='word_1_43' title='bbox 301 1314 368 1388; x_wconf 93' lang='lat' dir='ltr'><strong>per</strong></span> <span class='ocrx_word' id='word_1_44' title='bbox 386 1289 521 1370; x_wconf 84' lang='lat' dir='ltr'>viculos</span> <span class='ocrx_word' id='word_1_45' title='bbox 548 1294 586 1364; x_wconf 89' lang='lat' dir='ltr'><strong>et</strong></span> <span class='ocrx_word' id='word_1_46' title='bbox 610 1273 724 1364; x_wconf 85' lang='lat' dir='ltr'><strong>bivios</strong></span> <span class='ocrx_word' id='word_1_47' title='bbox 751 1289 924 1386; x_wconf 77' lang='lat' dir='ltr'><strong>equitavit</strong></span> <span class='ocrx_word' id='word_1_48' title='bbox 945 1292 992 1366; x_wconf 90' lang='lat' dir='ltr'><strong>od</strong></span> <span class='ocrx_word' id='word_1_49' title='bbox 1023 1291 1197 1389; x_wconf 87' lang='lat' dir='ltr'><strong>palatium</strong></span> <span class='ocrx_word' id='word_1_50' title='bbox 1223 1291 1423 1366; x_wconf 89' lang='lat' dir='ltr'><strong>velociter:</strong></span> 
     </span>
     <span class='ocr_line' id='line_1_7' title="bbox 107 1415 1427 1514; baseline 0 -22"><span class='ocrx_word' id='word_1_51' title='bbox 107 1418 271 1514; x_wconf 83' lang='lat' dir='ltr'><strong>gravitate</strong></span> <span class='ocrx_word' id='word_1_52' title='bbox 292 1420 375 1514; x_wconf 88' lang='lat' dir='ltr'><strong>post</strong></span> <span class='ocrx_word' id='word_1_53' title='bbox 401 1415 538 1506; x_wconf 89' lang='lat' dir='ltr'><strong>habita,</strong></span> <span class='ocrx_word' id='word_1_54' title='bbox 565 1415 710 1490; x_wconf 89' lang='lat' dir='ltr'><strong>modica</strong></span> <span class='ocrx_word' id='word_1_55' title='bbox 736 1439 840 1490; x_wconf 86' lang='lat' dir='ltr'><strong>mora</strong></span> <span class='ocrx_word' id='word_1_56' title='bbox 861 1421 1065 1507; x_wconf 86' lang='lat' dir='ltr'><strong>transacta,</strong></span> <span class='ocrx_word' id='word_1_57' title='bbox 1079 1417 1186 1492; x_wconf 91' lang='lat' dir='ltr'><strong>rediit</strong></span> <span class='ocrx_word' id='word_1_58' title='bbox 1213 1418 1260 1491; x_wconf 87' lang='lat' dir='ltr'><strong>ad</strong></span> <span class='ocrx_word' id='word_1_59' title='bbox 1277 1418 1427 1492; x_wconf 91' lang='lat' dir='ltr'><strong>domum</strong></span> 
     </span>
     <span class='ocr_line' id='line_1_8' title="bbox 106 1543 588 1618; baseline 0 0"><span class='ocrx_word' id='word_1_60' title='bbox 106 1543 227 1618; x_wconf 87' lang='lat' dir='ltr'><strong>codam</strong></span> <span class='ocrx_word' id='word_1_61' title='bbox 246 1544 356 1616; x_wconf 94' lang='lat' dir='ltr'><strong>modo</strong></span> <span class='ocrx_word' id='word_1_62' title='bbox 374 1547 414 1616; x_wconf 93' lang='lat' dir='ltr'><strong>ut</strong></span> <span class='ocrx_word' id='word_1_63' title='bbox 430 1549 588 1618; x_wconf 86' lang='lat' dir='ltr'><strong>venerat.</strong></span> 
     </span>
    </p>

    <p class='ocr_par' dir='ltr' id='par_1_4' title="bbox 103 1668 1430 2517">
     <span class='ocr_line' id='line_1_9' title="bbox 154 1668 1429 1766; baseline -0.002 -20"><span class='ocrx_word' id='word_1_64' title='bbox 154 1671 225 1746; x_wconf 86' lang='lat' dir='ltr'><strong>Huc</strong></span> <span class='ocrx_word' id='word_1_65' title='bbox 254 1670 313 1746; x_wconf 88' lang='lat' dir='ltr'><strong>die</strong></span> <span class='ocrx_word' id='word_1_66' title='bbox 340 1673 376 1744; x_wconf 88' lang='lat' dir='ltr'><strong>et</strong></span> <span class='ocrx_word' id='word_1_67' title='bbox 401 1673 508 1744; x_wconf 89' lang='lat' dir='ltr'><strong>nocte</strong></span> <span class='ocrx_word' id='word_1_68' title='bbox 538 1669 717 1766; x_wconf 79' lang='lat' dir='ltr'><strong>sequenti,</strong></span> <span class='ocrx_word' id='word_1_69' title='bbox 747 1668 895 1743; x_wconf 79' lang='lat' dir='ltr'><strong>Carolus</strong></span> <span class='ocrx_word' id='word_1_70' title='bbox 921 1669 1072 1744; x_wconf 83' lang='lat' dir='ltr'><strong>Ursinus</strong></span> <span class='ocrx_word' id='word_1_71' title='bbox 1098 1669 1267 1744; x_wconf 88' lang='lat' dir='ltr'><strong>detentus</strong></span> <span class='ocrx_word' id='word_1_72' title='bbox 1296 1669 1363 1744; x_wconf 87' lang='lat' dir='ltr'><strong>fuit</strong></span> <span class='ocrx_word' id='word_1_73' title='bbox 1391 1669 1429 1744; x_wconf 88' lang='lat' dir='ltr'><strong>in</strong></span> 
     </span>
     <span class='ocr_line' id='line_1_10' title="bbox 105 1792 1429 1892; baseline -0.002 -22"><span class='ocrx_word' id='word_1_74' title='bbox 105 1815 244 1870; x_wconf 74' lang='lat' dir='ltr'><strong>manera</strong></span> <span class='ocrx_word' id='word_1_75' title='bbox 262 1793 474 1892; x_wconf 71' lang='lat' dir='ltr'><strong>supradicte</strong></span> <span class='ocrx_word' id='word_1_76' title='bbox 491 1793 619 1883; x_wconf 87' lang='lat' dir='ltr'><strong>turris,</strong></span> <span class='ocrx_word' id='word_1_77' title='bbox 637 1792 722 1866; x_wconf 87' lang='lat' dir='ltr'><strong>etin</strong></span> <span class='ocrx_word' id='word_1_78' title='bbox 736 1792 794 1866; x_wconf 88' lang='lat' dir='ltr'><strong>die</strong></span> <span class='ocrx_word' id='word_1_79' title='bbox 805 1793 972 1890; x_wconf 90' lang='lat' dir='ltr'><strong>sequenti</strong></span> <span class='ocrx_word' id='word_1_80' title='bbox 988 1794 1119 1868; x_wconf 87' lang='lat' dir='ltr'><strong>ductus</strong></span> <span class='ocrx_word' id='word_1_81' title='bbox 1130 1793 1198 1870; x_wconf 89' lang='lat' dir='ltr'><strong>luit</strong></span> <span class='ocrx_word' id='word_1_82' title='bbox 1209 1795 1255 1868; x_wconf 88' lang='lat' dir='ltr'><strong>od</strong></span> <span class='ocrx_word' id='word_1_83' title='bbox 1266 1815 1429 1868; x_wconf 84' lang='lat' dir='ltr'><strong>cameras</strong></span> 
     </span>
     <span class='ocr_line' id='line_1_11' title="bbox 105 1916 1429 2016; baseline -0.003 -20"><span class='ocrx_word' id='word_1_84' title='bbox 105 1943 211 2016; x_wconf 90' lang='lat' dir='ltr'><strong>supra</strong></span> <span class='ocrx_word' id='word_1_85' title='bbox 227 1919 406 2016; x_wconf 81' lang='lat' dir='ltr'><strong>capellum</strong></span> <span class='ocrx_word' id='word_1_86' title='bbox 425 1919 606 2016; x_wconf 88' lang='lat' dir='ltr'><strong>maj0rem</strong></span> <span class='ocrx_word' id='word_1_87' title='bbox 625 1924 661 1992; x_wconf 89' lang='lat' dir='ltr'><strong>et</strong></span> <span class='ocrx_word' id='word_1_88' title='bbox 678 1916 812 1993; x_wconf 90' lang='lat' dir='ltr'><strong>ibidem</strong></span> <span class='ocrx_word' id='word_1_89' title='bbox 833 1918 1036 1993; x_wconf 90' lang='lat' dir='ltr'><strong>custoditus</strong></span> <span class='ocrx_word' id='word_1_90' title='bbox 1055 1943 1169 2016; x_wconf 88' lang='lat' dir='ltr'><strong>usque</strong></span> <span class='ocrx_word' id='word_1_91' title='bbox 1194 1919 1240 1994; x_wconf 89' lang='lat' dir='ltr'><strong>ad</strong></span> <span class='ocrx_word' id='word_1_92' title='bbox 1259 1941 1429 2016; x_wconf 83' lang='lat' dir='ltr'><strong>vesperas</strong></span> 
     </span>
     <span class='ocr_line' id='line_1_12' title="bbox 104 2041 1430 2142; baseline -0.002 -24"><span class='ocrx_word' id='word_1_93' title='bbox 104 2043 268 2142; x_wconf 87' lang='lat' dir='ltr'><strong>dieijovis</strong></span> <span class='ocrx_word' id='word_1_94' title='bbox 280 2041 450 2140; x_wconf 84' lang='lat' dir='ltr'><strong>proximi.</strong></span> <span class='ocrx_word' id='word_1_95' title='bbox 468 2043 605 2128; x_wconf 82' lang='lat' dir='ltr'><strong>Quibus</strong></span> <span class='ocrx_word' id='word_1_96' title='bbox 620 2042 658 2116; x_wconf 89' lang='lat' dir='ltr'><strong>in</strong></span> <span class='ocrx_word' id='word_1_97' title='bbox 673 2041 811 2138; x_wconf 85' lang='lat' dir='ltr'><strong>capella</strong></span> <span class='ocrx_word' id='word_1_98' title='bbox 826 2041 959 2134; x_wconf 86' lang='lat' dir='ltr'><strong>ductis,</strong></span> <span class='ocrx_word' id='word_1_99' title='bbox 976 2043 1043 2116; x_wconf 90' lang='lat' dir='ltr'><strong>luit</strong></span> <span class='ocrx_word' id='word_1_100' title='bbox 1057 2043 1188 2118; x_wconf 90' lang='lat' dir='ltr'><strong>ductus</strong></span> <span class='ocrx_word' id='word_1_101' title='bbox 1205 2045 1251 2117; x_wconf 87' lang='lat' dir='ltr'><strong>od</strong></span> <span class='ocrx_word' id='word_1_102' title='bbox 1267 2047 1430 2118; x_wconf 91' lang='lat' dir='ltr'><strong>castrum</strong></span> 
     </span>
     <span class='ocr_line' id='line_1_13' title="bbox 104 2167 1430 2267; baseline -0.001 -25"><span class='ocrx_word' id='word_1_103' title='bbox 104 2195 130 2246; x_wconf 91' lang='lat' dir='ltr'><strong>s.</strong></span> <span class='ocrx_word' id='word_1_104' title='bbox 150 2169 274 2266; x_wconf 76' lang='lat' dir='ltr'><strong>togati</strong></span> <span class='ocrx_word' id='word_1_105' title='bbox 294 2169 354 2243; x_wconf 87' lang='lat' dir='ltr'><strong>ubi</strong></span> <span class='ocrx_word' id='word_1_106' title='bbox 376 2168 596 2243; x_wconf 85' lang='lat' dir='ltr'><strong>castellanus</strong></span> <span class='ocrx_word' id='word_1_107' title='bbox 614 2168 754 2266; x_wconf 88' lang='lat' dir='ltr'><strong>recepit</strong></span> <span class='ocrx_word' id='word_1_108' title='bbox 771 2191 855 2242; x_wconf 89' lang='lat' dir='ltr'><strong>eum</strong></span> <span class='ocrx_word' id='word_1_109' title='bbox 873 2170 909 2242; x_wconf 92' lang='lat' dir='ltr'><strong>in</strong></span> <span class='ocrx_word' id='word_1_110' title='bbox 928 2191 1115 2244; x_wconf 89' lang='lat' dir='ltr'><strong>cameram</strong></span> <span class='ocrx_word' id='word_1_111' title='bbox 1134 2192 1257 2259; x_wconf 86' lang='lat' dir='ltr'><strong>sunm;</strong></span> <span class='ocrx_word' id='word_1_112' title='bbox 1278 2167 1430 2267; x_wconf 90' lang='lat' dir='ltr'><strong>protho-</strong></span> 
     </span>
     <span class='ocr_line' id='line_1_14' title="bbox 104 2293 1429 2391; baseline 0 -25"><span class='ocrx_word' id='word_1_113' title='bbox 104 2293 261 2370; x_wconf 82' lang='lat' dir='ltr'><strong>notsrius</strong></span> <span class='ocrx_word' id='word_1_114' title='bbox 289 2299 326 2368; x_wconf 90' lang='lat' dir='ltr'><strong>et</strong></span> <span class='ocrx_word' id='word_1_115' title='bbox 353 2293 464 2368; x_wconf 85' lang='lat' dir='ltr'><strong>abbas</strong></span> <span class='ocrx_word' id='word_1_116' title='bbox 491 2293 589 2368; x_wconf 91' lang='lat' dir='ltr'><strong>ducti</strong></span> <span class='ocrx_word' id='word_1_117' title='bbox 616 2293 766 2369; x_wconf 87' lang='lat' dir='ltr'><strong>fuerunt</strong></span> <span class='ocrx_word' id='word_1_118' title='bbox 791 2315 920 2390; x_wconf 88' lang='lat' dir='ltr'><strong>parum</strong></span> <span class='ocrx_word' id='word_1_119' title='bbox 943 2299 1025 2391; x_wconf 89' lang='lat' dir='ltr'><strong>post</strong></span> <span class='ocrx_word' id='word_1_120' title='bbox 1043 2293 1306 2391; x_wconf 85' lang='lat' dir='ltr'><strong>capturamad</strong></span> <span class='ocrx_word' id='word_1_121' title='bbox 1333 2293 1429 2367; x_wconf 87' lang='lat' dir='ltr'><strong>idem</strong></span> 
     </span>
     <span class='ocr_line' id='line_1_15' title="bbox 103 2418 1294 2517; baseline -0.003 -23"><span class='ocrx_word' id='word_1_122' title='bbox 103 2427 277 2508; x_wconf 74' lang='lat' dir='ltr'><strong>castrum,</strong></span> <span class='ocrx_word' id='word_1_123' title='bbox 297 2419 454 2494; x_wconf 84' lang='lat' dir='ltr'><strong>lacobus</strong></span> <span class='ocrx_word' id='word_1_124' title='bbox 473 2419 518 2494; x_wconf 86' lang='lat' dir='ltr'><strong>de</strong></span> <span class='ocrx_word' id='word_1_125' title='bbox 536 2421 669 2494; x_wconf 86' lang='lat' dir='ltr'><strong>Sancto</strong></span> <span class='ocrx_word' id='word_1_126' title='bbox 685 2421 802 2492; x_wconf 86' lang='lat' dir='ltr'><strong>Cruce</strong></span> <span class='ocrx_word' id='word_1_127' title='bbox 821 2418 989 2493; x_wconf 88' lang='lat' dir='ltr'><strong>detentus</strong></span> <span class='ocrx_word' id='word_1_128' title='bbox 1008 2419 1077 2492; x_wconf 88' lang='lat' dir='ltr'><strong>tuit</strong></span> <span class='ocrx_word' id='word_1_129' title='bbox 1091 2420 1127 2492; x_wconf 88' lang='lat' dir='ltr'><strong>in</strong></span> <span class='ocrx_word' id='word_1_130' title='bbox 1146 2419 1294 2517; x_wconf 82' lang='lat' dir='ltr'><strong>palutio.</strong></span> 
     </span>
    </p>

    <p class='ocr_par' dir='ltr' id='par_1_5' title="bbox 105 2542 1433 3996">
     <span class='ocr_line' id='line_1_16' title="bbox 147 2542 1429 2642; baseline -0.005 -20"><span class='ocrx_word' id='word_1_131' title='bbox 147 2545 274 2622; x_wconf 76' lang='lat' dir='ltr'><strong>Modus</strong></span> <span class='ocrx_word' id='word_1_132' title='bbox 296 2549 419 2621; x_wconf 88' lang='lat' dir='ltr'><strong>nutem</strong></span> <span class='ocrx_word' id='word_1_133' title='bbox 445 2567 518 2641; x_wconf 94' lang='lat' dir='ltr'><strong>quo</strong></span> <span class='ocrx_word' id='word_1_134' title='bbox 537 2544 610 2618; x_wconf 86' lang='lat' dir='ltr'><strong>dux</strong></span> <span class='ocrx_word' id='word_1_135' title='bbox 637 2569 722 2618; x_wconf 88' lang='lat' dir='ltr'><strong>usus</strong></span> <span class='ocrx_word' id='word_1_136' title='bbox 740 2551 796 2620; x_wconf 86' lang='lat' dir='ltr'><strong>cst</strong></span> <span class='ocrx_word' id='word_1_137' title='bbox 821 2544 988 2642; x_wconf 87' lang='lat' dir='ltr'><strong>capiendi</strong></span> <span class='ocrx_word' id='word_1_138' title='bbox 1008 2545 1206 2642; x_wconf 75' lang='lat' dir='ltr'><strong>predictoS,</strong></span> <span class='ocrx_word' id='word_1_139' title='bbox 1238 2542 1304 2618; x_wconf 88' lang='lat' dir='ltr'><strong>luit</strong></span> <span class='ocrx_word' id='word_1_140' title='bbox 1326 2571 1333 2616; x_wconf 92' lang='lat'>:</span> <span class='ocrx_word' id='word_1_141' title='bbox 1355 2543 1429 2616; x_wconf 84' lang='lat' dir='ltr'><strong>dux</strong></span> 
     </span>
     <span class='ocr_line' id='line_1_17' title="bbox 105 2668 1432 2769; baseline -0.003 -23"><span class='ocrx_word' id='word_1_142' title='bbox 105 2671 272 2746; x_wconf 84' lang='lat' dir='ltr'><strong>assistens</strong></span> <span class='ocrx_word' id='word_1_143' title='bbox 299 2677 382 2746; x_wconf 90' lang='lat' dir='ltr'><strong>ante</strong></span> <span class='ocrx_word' id='word_1_144' title='bbox 411 2693 535 2744; x_wconf 87' lang='lat' dir='ltr'><strong>arcem</strong></span> <span class='ocrx_word' id='word_1_145' title='bbox 568 2670 878 2769; x_wconf 81' lang='lat' dir='ltr'><strong>senogalliensem</strong></span> <span class='ocrx_word' id='word_1_146' title='bbox 915 2693 999 2743; x_wconf 93' lang='lat' dir='ltr'><strong>cum</strong></span> <span class='ocrx_word' id='word_1_147' title='bbox 1026 2669 1225 2760; x_wconf 89' lang='lat' dir='ltr'><strong>Vitellotio‚</strong></span> <span class='ocrx_word' id='word_1_148' title='bbox 1256 2668 1368 2742; x_wconf 85' lang='lat' dir='ltr'><strong>Paulo</strong></span> <span class='ocrx_word' id='word_1_149' title='bbox 1396 2675 1432 2744; x_wconf 91' lang='lat' dir='ltr'><strong>et</strong></span> 
     </span>
     <span class='ocr_line' id='line_1_18' title="bbox 105 2791 1430 2894; baseline -0.007 -21"><span class='ocrx_word' id='word_1_150' title='bbox 105 2795 179 2873; x_wconf 87' lang='lat' dir='ltr'><strong>aliis</strong></span> <span class='ocrx_word' id='word_1_151' title='bbox 200 2795 389 2894; x_wconf 74' lang='lat' dir='ltr'><strong>predictis,</strong></span> <span class='ocrx_word' id='word_1_152' title='bbox 412 2794 514 2872; x_wconf 82' lang='lat' dir='ltr'><strong>tinxit.</strong></span> <span class='ocrx_word' id='word_1_153' title='bbox 541 2817 614 2868; x_wconf 90' lang='lat' dir='ltr'><strong>non</strong></span> <span class='ocrx_word' id='word_1_154' title='bbox 632 2794 724 2869; x_wconf 88' lang='lat' dir='ltr'><strong>velle</strong></span> <span class='ocrx_word' id='word_1_155' title='bbox 743 2818 823 2868; x_wconf 86' lang='lat' dir='ltr'><strong>cam</strong></span> <span class='ocrx_word' id='word_1_156' title='bbox 840 2795 903 2870; x_wconf 87' lang='lat' dir='ltr'><strong>illa</strong></span> <span class='ocrx_word' id='word_1_157' title='bbox 918 2794 1012 2868; x_wconf 86' lang='lat' dir='ltr'><strong>hora</strong></span> <span class='ocrx_word' id='word_1_158' title='bbox 1030 2793 1229 2882; x_wconf 86' lang='lat' dir='ltr'><strong>debellare,</strong></span> <span class='ocrx_word' id='word_1_159' title='bbox 1250 2792 1315 2866; x_wconf 88' lang='lat' dir='ltr'><strong>sed</strong></span> <span class='ocrx_word' id='word_1_160' title='bbox 1328 2791 1430 2890; x_wconf 90' lang='lat' dir='ltr'><strong>prius</strong></span> 
     </span>
     <span class='ocr_line' id='line_1_19' title="bbox 105 2916 1432 3017; baseline 0 -25"><span class='ocrx_word' id='word_1_161' title='bbox 105 2920 222 2996; x_wconf 85' lang='lat' dir='ltr'><strong>tacere</strong></span> <span class='ocrx_word' id='word_1_162' title='bbox 240 2919 475 3002; x_wconf 88' lang='lat' dir='ltr'><strong>collationem</strong></span> <span class='ocrx_word' id='word_1_163' title='bbox 490 2921 536 2994; x_wconf 91' lang='lat' dir='ltr'><strong>ad</strong></span> <span class='ocrx_word' id='word_1_164' title='bbox 554 2943 663 3017; x_wconf 85' lang='lat' dir='ltr'><strong>quom</strong></span> <span class='ocrx_word' id='word_1_165' title='bbox 681 2919 841 2994; x_wconf 86' lang='lat' dir='ltr'><strong>invitavit</strong></span> <span class='ocrx_word' id='word_1_166' title='bbox 859 2943 985 2994; x_wconf 89' lang='lat' dir='ltr'><strong>omnes</strong></span> <span class='ocrx_word' id='word_1_167' title='bbox 1003 2920 1202 3017; x_wconf 90' lang='lat' dir='ltr'><strong>predictos.</strong></span> <span class='ocrx_word' id='word_1_168' title='bbox 1224 2922 1302 2992; x_wconf 84' lang='lat' dir='ltr'><strong>Dur</strong></span> <span class='ocrx_word' id='word_1_169' title='bbox 1322 2916 1432 2992; x_wconf 88' lang='lat' dir='ltr'><strong>intra·</strong></span> 
     </span>
     <span class='ocr_line' id='line_1_20' title="bbox 107 3041 1427 3142; baseline -0.001 -26"><span class='ocrx_word' id='word_1_170' title='bbox 107 3045 150 3119; x_wconf 88' lang='lat' dir='ltr'><strong>vit</strong></span> <span class='ocrx_word' id='word_1_171' title='bbox 167 3046 331 3134; x_wconf 91' lang='lat' dir='ltr'><strong>domum,</strong></span> <span class='ocrx_word' id='word_1_172' title='bbox 351 3069 459 3142; x_wconf 91' lang='lat' dir='ltr'><strong>quem</strong></span> <span class='ocrx_word' id='word_1_173' title='bbox 483 3049 630 3118; x_wconf 88' lang='lat' dir='ltr'><strong>secutus</strong></span> <span class='ocrx_word' id='word_1_174' title='bbox 649 3050 705 3124; x_wconf 89' lang='lat' dir='ltr'><strong>est</strong></span> <span class='ocrx_word' id='word_1_175' title='bbox 720 3044 852 3120; x_wconf 89' lang='lat' dir='ltr'><strong>Paulus</strong></span> <span class='ocrx_word' id='word_1_176' title='bbox 873 3045 1004 3120; x_wconf 84' lang='lat' dir='ltr'><strong>educe</strong></span> <span class='ocrx_word' id='word_1_177' title='bbox 1021 3043 1228 3142; x_wconf 84' lang='lat' dir='ltr'><strong>specialiter</strong></span> <span class='ocrx_word' id='word_1_178' title='bbox 1245 3041 1427 3132; x_wconf 87' lang='lat' dir='ltr'><strong>invitatus,</strong></span> 
     </span>
     <span class='ocr_line' id='line_1_21' title="bbox 105 3166 1432 3246; baseline -0.005 0"><span class='ocrx_word' id='word_1_179' title='bbox 105 3169 307 3246; x_wconf 82' lang='lat' dir='ltr'><strong>Vitellotiua</strong></span> <span class='ocrx_word' id='word_1_180' title='bbox 322 3177 471 3245; x_wconf 83' lang='lat' dir='ltr'><strong>vocotus</strong></span> <span class='ocrx_word' id='word_1_181' title='bbox 489 3193 512 3243; x_wconf 86' lang='lat' dir='ltr'><strong>a</strong></span> <span class='ocrx_word' id='word_1_182' title='bbox 529 3169 641 3244; x_wconf 88' lang='lat' dir='ltr'><strong>Paulo</strong></span> <span class='ocrx_word' id='word_1_183' title='bbox 659 3177 695 3243; x_wconf 88' lang='lat' dir='ltr'><strong>et</strong></span> <span class='ocrx_word' id='word_1_184' title='bbox 713 3169 775 3244; x_wconf 86' lang='lat' dir='ltr'><strong>alii</strong></span> <span class='ocrx_word' id='word_1_185' title='bbox 795 3169 877 3244; x_wconf 92' lang='lat' dir='ltr'><strong>illos</strong></span> <span class='ocrx_word' id='word_1_186' title='bbox 897 3170 1026 3244; x_wconf 89' lang='lat' dir='ltr'><strong>secuti.</strong></span> <span class='ocrx_word' id='word_1_187' title='bbox 1049 3171 1137 3242; x_wconf 85' lang='lat' dir='ltr'><strong>Cum</strong></span> <span class='ocrx_word' id='word_1_188' title='bbox 1155 3171 1277 3243; x_wconf 83' lang='lat' dir='ltr'><strong>essent</strong></span> <span class='ocrx_word' id='word_1_189' title='bbox 1295 3167 1331 3240; x_wconf 89' lang='lat' dir='ltr'><strong>in</strong></span> <span class='ocrx_word' id='word_1_190' title='bbox 1349 3166 1432 3240; x_wconf 84' lang='lat' dir='ltr'><strong>aule</strong></span> 
     </span>
     <span class='ocr_line' id='line_1_22' title="bbox 107 3293 1431 3387; baseline -0.003 -19"><span class='ocrx_word' id='word_1_191' title='bbox 107 3297 244 3387; x_wconf 92' lang='lat' dir='ltr'><strong>domus,</strong></span> <span class='ocrx_word' id='word_1_192' title='bbox 277 3296 351 3370; x_wconf 84' lang='lat' dir='ltr'><strong>dux</strong></span> <span class='ocrx_word' id='word_1_193' title='bbox 385 3296 531 3372; x_wconf 86' lang='lat' dir='ltr'><strong>intravit</strong></span> <span class='ocrx_word' id='word_1_194' title='bbox 563 3297 609 3370; x_wconf 90' lang='lat' dir='ltr'><strong>ad</strong></span> <span class='ocrx_word' id='word_1_195' title='bbox 636 3319 821 3370; x_wconf 88' lang='lat' dir='ltr'><strong>cameram</strong></span> <span class='ocrx_word' id='word_1_196' title='bbox 844 3320 851 3368; x_wconf 93' lang='lat'>:</span> <span class='ocrx_word' id='word_1_197' title='bbox 872 3296 1043 3370; x_wconf 80' lang='lat' dir='ltr'><strong>adstotim</strong></span> <span class='ocrx_word' id='word_1_198' title='bbox 1071 3293 1318 3368; x_wconf 89' lang='lat' dir='ltr'><strong>Michellottus</strong></span> <span class='ocrx_word' id='word_1_199' title='bbox 1347 3314 1431 3365; x_wconf 92' lang='lat' dir='ltr'><strong>cum</strong></span> 
     </span>
     <span class='ocr_line' id='line_1_23' title="bbox 106 3417 1432 3521; baseline -0.005 -25"><span class='ocrx_word' id='word_1_200' title='bbox 106 3423 223 3498; x_wconf 90' lang='lat' dir='ltr'><strong>multis</strong></span> <span class='ocrx_word' id='word_1_201' title='bbox 242 3423 581 3521; x_wconf 87' lang='lat' dir='ltr'><strong>appropinquantes</strong></span> <span class='ocrx_word' id='word_1_202' title='bbox 601 3445 653 3510; x_wconf 91' lang='lat' dir='ltr'><strong>sc,</strong></span> <span class='ocrx_word' id='word_1_203' title='bbox 673 3421 785 3518; x_wconf 87' lang='lat' dir='ltr'><strong>aliqui</strong></span> <span class='ocrx_word' id='word_1_204' title='bbox 803 3420 1004 3510; x_wconf 87' lang='lat' dir='ltr'><strong>Vitellotio,</strong></span> <span class='ocrx_word' id='word_1_205' title='bbox 1024 3420 1086 3494; x_wconf 32' lang='lat' dir='ltr'><strong>alivi</strong></span> <span class='ocrx_word' id='word_1_206' title='bbox 1105 3417 1229 3506; x_wconf 85' lang='lat' dir='ltr'><strong>Paulo,</strong></span> <span class='ocrx_word' id='word_1_207' title='bbox 1253 3417 1313 3492; x_wconf 85' lang='lat' dir='ltr'><strong>alii</strong></span> <span class='ocrx_word' id='word_1_208' title='bbox 1336 3422 1432 3490; x_wconf 87' lang='lat' dir='ltr'><strong>cete·</strong></span> 
     </span>
     <span class='ocr_line' id='line_1_24' title="bbox 106 3539 1428 3645; baseline -0.005 -27"><span class='ocrx_word' id='word_1_209' title='bbox 106 3547 150 3620; x_wconf 91' lang='lat' dir='ltr'><strong>ris</strong></span> <span class='ocrx_word' id='word_1_210' title='bbox 174 3547 365 3645; x_wconf 86' lang='lat' dir='ltr'><strong>predictis,</strong></span> <span class='ocrx_word' id='word_1_211' title='bbox 394 3545 567 3620; x_wconf 86' lang='lat' dir='ltr'><strong>dixerunt</strong></span> <span class='ocrx_word' id='word_1_212' title='bbox 592 3545 644 3620; x_wconf 86' lang='lat' dir='ltr'><strong>eis</strong></span> <span class='ocrx_word' id='word_1_213' title='bbox 666 3573 673 3619; x_wconf 91' lang='lat'>:</span> <span class='ocrx_word' id='word_1_214' title='bbox 698 3549 810 3618; x_wconf 90' lang='lat' dir='ltr'><strong>«Vos</strong></span> <span class='ocrx_word' id='word_1_215' title='bbox 840 3546 928 3620; x_wconf 88' lang='lat' dir='ltr'><strong>estis</strong></span> <span class='ocrx_word' id='word_1_216' title='bbox 957 3543 1053 3641; x_wconf 89' lang='lat' dir='ltr'><strong>capti</strong></span> <span class='ocrx_word' id='word_1_217' title='bbox 1068 3567 1104 3632; x_wconf 80' lang='lat'><strong>»3</strong></span> <span class='ocrx_word' id='word_1_218' title='bbox 1133 3540 1274 3637; x_wconf 89' lang='lat' dir='ltr'><strong>adque</strong></span> <span class='ocrx_word' id='word_1_219' title='bbox 1301 3539 1428 3628; x_wconf 88' lang='lat' dir='ltr'><strong>verba,</strong></span> 
     </span>
     <span class='ocr_line' id='line_1_25' title="bbox 107 3665 1428 3768; baseline -0.009 -20"><span class='ocrx_word' id='word_1_220' title='bbox 107 3671 307 3748; x_wconf 87' lang='lat' dir='ltr'><strong>Vitellotius</strong></span> <span class='ocrx_word' id='word_1_221' title='bbox 340 3675 505 3744; x_wconf 83' lang='lat' dir='ltr'><strong>extracto</strong></span> <span class='ocrx_word' id='word_1_222' title='bbox 532 3670 690 3768; x_wconf 84' lang='lat' dir='ltr'><strong>pugione</strong></span> <span class='ocrx_word' id='word_1_223' title='bbox 715 3669 917 3744; x_wconf 86' lang='lat' dir='ltr'><strong>vulneravit</strong></span> <span class='ocrx_word' id='word_1_224' title='bbox 939 3693 983 3744; x_wconf 85' lang='lat' dir='ltr'><strong>ex</strong></span> <span class='ocrx_word' id='word_1_225' title='bbox 1005 3665 1230 3742; x_wconf 91' lang='lat' dir='ltr'><strong>irruentibus</strong></span> <span class='ocrx_word' id='word_1_226' title='bbox 1251 3665 1288 3738; x_wconf 92' lang='lat' dir='ltr'><strong>in</strong></span> <span class='ocrx_word' id='word_1_227' title='bbox 1314 3685 1428 3737; x_wconf 90' lang='lat' dir='ltr'><strong>eum:</strong></span> 
     </span>
     <span class='ocr_line' id='line_1_26' title="bbox 107 3793 1433 3893; baseline -0.004 -25"><span class='ocrx_word' id='word_1_228' title='bbox 107 3796 336 3872; x_wconf 89' lang='lat' dir='ltr'><strong>nihilominus</strong></span> <span class='ocrx_word' id='word_1_229' title='bbox 354 3794 432 3893; x_wconf 87' lang='lat' dir='ltr'><strong>ipsc</strong></span> <span class='ocrx_word' id='word_1_230' title='bbox 451 3801 486 3871; x_wconf 88' lang='lat' dir='ltr'><strong>et</strong></span> <span class='ocrx_word' id='word_1_231' title='bbox 504 3795 564 3868; x_wconf 88' lang='lat' dir='ltr'><strong>alii</strong></span> <span class='ocrx_word' id='word_1_232' title='bbox 583 3795 733 3870; x_wconf 89' lang='lat' dir='ltr'><strong>luerunt</strong></span> <span class='ocrx_word' id='word_1_233' title='bbox 756 3794 910 3884; x_wconf 88' lang='lat' dir='ltr'><strong>detenti,</strong></span> <span class='ocrx_word' id='word_1_234' title='bbox 930 3794 1029 3870; x_wconf 89' lang='lat' dir='ltr'><strong>etde</strong></span> <span class='ocrx_word' id='word_1_235' title='bbox 1048 3793 1102 3868; x_wconf 89' lang='lat' dir='ltr'><strong>eis</strong></span> <span class='ocrx_word' id='word_1_236' title='bbox 1119 3796 1240 3866; x_wconf 86' lang='lat' dir='ltr'><strong>actum</strong></span> <span class='ocrx_word' id='word_1_237' title='bbox 1263 3793 1433 3886; x_wconf 81' lang='lat' dir='ltr'><strong>utsupra</strong></span> 
     </span>
     <span class='ocr_line' id='line_1_27' title="bbox 108 3919 183 3996; baseline 0.053 -4"><span class='ocrx_word' id='word_1_238' title='bbox 108 3919 183 3996; x_wconf 85' lang='lat' dir='ltr'><strong>dixi.</strong></span> 
     </span>
    </p>

    <p class='ocr_par' dir='ltr' id='par_1_6' title="bbox 110 4037 1433 4642">
     <span class='ocr_line' id='line_1_28' title="bbox 149 4037 1433 4144; baseline -0.006 -24"><span class='ocrx_word' id='word_1_239' title='bbox 149 4047 251 4122; x_wconf 86' lang='lat' dir='ltr'><strong>Feria</strong></span> <span class='ocrx_word' id='word_1_240' title='bbox 269 4051 415 4144; x_wconf 86' lang='lat' dir='ltr'><strong>quarta,</strong></span> <span class='ocrx_word' id='word_1_241' title='bbox 434 4044 643 4144; x_wconf 75' lang='lat' dir='ltr'><strong>tjonuarii,</strong></span> <span class='ocrx_word' id='word_1_242' title='bbox 663 4044 822 4118; x_wconf 83' lang='lat' dir='ltr'><strong>lacobus</strong></span> <span class='ocrx_word' id='word_1_243' title='bbox 837 4042 883 4114; x_wconf 87' lang='lat' dir='ltr'><strong>de</strong></span> <span class='ocrx_word' id='word_1_244' title='bbox 902 4043 1038 4114; x_wconf 89' lang='lat' dir='ltr'><strong>Sancto</strong></span> <span class='ocrx_word' id='word_1_245' title='bbox 1054 4041 1171 4114; x_wconf 89' lang='lat' dir='ltr'><strong>Cruce</strong></span> <span class='ocrx_word' id='word_1_246' title='bbox 1182 4037 1282 4114; x_wconf 90' lang='lat' dir='ltr'><strong>dedit</strong></span> <span class='ocrx_word' id='word_1_247' title='bbox 1298 4039 1433 4112; x_wconf 89' lang='lat' dir='ltr'><strong>securi·</strong></span> 
     </span>
     <span class='ocr_line' id='line_1_29' title="bbox 110 4163 1428 4269; baseline -0.003 -27"><span class='ocrx_word' id='word_1_248' title='bbox 110 4175 211 4246; x_wconf 88' lang='lat' dir='ltr'><strong>tatem</strong></span> <span class='ocrx_word' id='word_1_249' title='bbox 231 4170 398 4269; x_wconf 81' lang='lat' dir='ltr'><strong>pontifici</strong></span> <span class='ocrx_word' id='word_1_250' title='bbox 418 4169 763 4266; x_wconf 87' lang='lat' dir='ltr'><strong>derepresentando</strong></span> <span class='ocrx_word' id='word_1_251' title='bbox 782 4191 820 4239; x_wconf 90' lang='lat' dir='ltr'><strong>se</strong></span> <span class='ocrx_word' id='word_1_252' title='bbox 837 4166 971 4240; x_wconf 87' lang='lat' dir='ltr'><strong>totiens</strong></span> <span class='ocrx_word' id='word_1_253' title='bbox 987 4163 1157 4260; x_wconf 90' lang='lat' dir='ltr'><strong>quotiens</strong></span> <span class='ocrx_word' id='word_1_254' title='bbox 1171 4167 1207 4238; x_wconf 88' lang='lat' dir='ltr'><strong>et</strong></span> <span class='ocrx_word' id='word_1_255' title='bbox 1224 4163 1284 4238; x_wconf 85' lang='lat' dir='ltr'><strong>uhi</strong></span> <span class='ocrx_word' id='word_1_256' title='bbox 1302 4163 1428 4250; x_wconf 88' lang='lat' dir='ltr'><strong>vellet;</strong></span> 
     </span>
     <span class='ocr_line' id='line_1_30' title="bbox 110 4288 1431 4394; baseline -0.005 -26"><span class='ocrx_word' id='word_1_257' title='bbox 110 4299 185 4372; x_wconf 88' lang='lat' dir='ltr'><strong>etse</strong></span> <span class='ocrx_word' id='word_1_258' title='bbox 203 4301 407 4394; x_wconf 87' lang='lat' dir='ltr'><strong>propterea</strong></span> <span class='ocrx_word' id='word_1_259' title='bbox 425 4319 467 4370; x_wconf 90' lang='lat' dir='ltr'><strong>ac</strong></span> <span class='ocrx_word' id='word_1_260' title='bbox 486 4294 610 4370; x_wconf 89' lang='lat' dir='ltr'><strong>omnia</strong></span> <span class='ocrx_word' id='word_1_261' title='bbox 635 4317 700 4368; x_wconf 90' lang='lat' dir='ltr'><strong>sua</strong></span> <span class='ocrx_word' id='word_1_262' title='bbox 722 4293 789 4366; x_wconf 89' lang='lat' dir='ltr'><strong>sub</strong></span> <span class='ocrx_word' id='word_1_263' title='bbox 808 4291 911 4389; x_wconf 90' lang='lat' dir='ltr'><strong>penis</strong></span> <span class='ocrx_word' id='word_1_264' title='bbox 931 4313 1077 4364; x_wconf 89' lang='lat' dir='ltr'><strong>comere</strong></span> <span class='ocrx_word' id='word_1_265' title='bbox 1096 4288 1285 4388; x_wconf 78' lang='lat' dir='ltr'><strong>obligarit,</strong></span> <span class='ocrx_word' id='word_1_266' title='bbox 1312 4294 1348 4364; x_wconf 90' lang='lat' dir='ltr'><strong>et</strong></span> <span class='ocrx_word' id='word_1_267' title='bbox 1363 4311 1431 4386; x_wconf 92' lang='lat' dir='ltr'><strong>pro</strong></span> 
     </span>
     <span class='ocr_line' id='line_1_31' title="bbox 111 4413 1431 4517; baseline -0.002 -26"><span class='ocrx_word' id='word_1_268' title='bbox 111 4443 147 4494; x_wconf 87' lang='lat' dir='ltr'><strong>so</strong></span> <span class='ocrx_word' id='word_1_269' title='bbox 163 4421 329 4498; x_wconf 91' lang='lat' dir='ltr'><strong>nonnulli</strong></span> <span class='ocrx_word' id='word_1_270' title='bbox 347 4422 443 4496; x_wconf 89' lang='lat' dir='ltr'><strong>cives</strong></span> <span class='ocrx_word' id='word_1_271' title='bbox 461 4421 529 4494; x_wconf 91' lang='lat' dir='ltr'><strong>sub</strong></span> <span class='ocrx_word' id='word_1_272' title='bbox 551 4442 646 4517; x_wconf 85' lang='lat' dir='ltr'><strong>peno</strong></span> <span class='ocrx_word' id='word_1_273' title='bbox 663 4417 787 4516; x_wconf 84' lang='lat' dir='ltr'><strong>viginti</strong></span> <span class='ocrx_word' id='word_1_274' title='bbox 805 4416 921 4490; x_wconf 89' lang='lat' dir='ltr'><strong>millia</strong></span> <span class='ocrx_word' id='word_1_275' title='bbox 934 4417 1166 4502; x_wconf 87' lang='lat' dir='ltr'><strong>ducatorum,</strong></span> <span class='ocrx_word' id='word_1_276' title='bbox 1183 4421 1216 4488; x_wconf 92' lang='lat' dir='ltr'><strong>et</strong></span> <span class='ocrx_word' id='word_1_277' title='bbox 1233 4413 1360 4490; x_wconf 89' lang='lat' dir='ltr'><strong>eodem</strong></span> <span class='ocrx_word' id='word_1_278' title='bbox 1373 4414 1431 4490; x_wconf 89' lang='lat' dir='ltr'><strong>die</strong></span> 
     </span>
     <span class='ocr_line' id='line_1_32' title="bbox 110 4541 1175 4642; baseline -0.003 -28"><span class='ocrx_word' id='word_1_279' title='bbox 110 4543 168 4620; x_wconf 87' lang='lat' dir='ltr'><strong>luit</strong></span> <span class='ocrx_word' id='word_1_280' title='bbox 185 4546 375 4622; x_wconf 88' lang='lat' dir='ltr'><strong>liberatus.</strong></span> <span class='ocrx_word' id='word_1_281' title='bbox 396 4548 482 4619; x_wconf 90' lang='lat' dir='ltr'><strong>Post</strong></span> <span class='ocrx_word' id='word_1_282' title='bbox 499 4565 684 4642; x_wconf 88' lang='lat' dir='ltr'><strong>vesperas,</strong></span> <span class='ocrx_word' id='word_1_283' title='bbox 702 4542 814 4616; x_wconf 88' lang='lat' dir='ltr'><strong>rediit</strong></span> <span class='ocrx_word' id='word_1_284' title='bbox 833 4541 870 4614; x_wconf 92' lang='lat' dir='ltr'><strong>in</strong></span> <span class='ocrx_word' id='word_1_285' title='bbox 888 4541 1039 4614; x_wconf 90' lang='lat' dir='ltr'><strong>domum</strong></span> <span class='ocrx_word' id='word_1_286' title='bbox 1058 4561 1175 4612; x_wconf 89' lang='lat' dir='ltr'><strong>suam.</strong></span> 
     </span>
    </p>

    <p class='ocr_par' dir='ltr' id='par_1_7' title="bbox 19 4663 1433 5370">
     <span class='ocr_line' id='line_1_33' title="bbox 152 4663 1430 4770; baseline -0.005 -26"><span class='ocrx_word' id='word_1_287' title='bbox 152 4674 186 4746; x_wconf 90' lang='lat' dir='ltr'><strong>lo</strong></span> <span class='ocrx_word' id='word_1_288' title='bbox 204 4697 290 4748; x_wconf 92' lang='lat' dir='ltr'><strong>sero</strong></span> <span class='ocrx_word' id='word_1_289' title='bbox 305 4671 471 4770; x_wconf 90' lang='lat' dir='ltr'><strong>ejusdem</strong></span> <span class='ocrx_word' id='word_1_290' title='bbox 494 4669 578 4758; x_wconf 89' lang='lat' dir='ltr'><strong>diei,</strong></span> <span class='ocrx_word' id='word_1_291' title='bbox 598 4669 822 4766; x_wconf 80' lang='lat' dir='ltr'><strong>gubernator</strong></span> <span class='ocrx_word' id='word_1_292' title='bbox 843 4666 910 4740; x_wconf 90' lang='lat' dir='ltr'><strong>luit</strong></span> <span class='ocrx_word' id='word_1_293' title='bbox 934 4666 971 4738; x_wconf 91' lang='lat' dir='ltr'><strong>in</strong></span> <span class='ocrx_word' id='word_1_294' title='bbox 995 4687 1144 4738; x_wconf 87' lang='lat' dir='ltr'><strong>cornera</strong></span> <span class='ocrx_word' id='word_1_295' title='bbox 1166 4663 1430 4761; x_wconf 88' lang='lat' dir='ltr'><strong>archiepiscopi</strong></span> 
     </span>
     <span class='ocr_line' id='line_1_34' title="bbox 112 4788 1432 4891; baseline -0.003 -25"><span class='ocrx_word' id='word_1_296' title='bbox 112 4796 315 4888; x_wconf 84' lang='lat' dir='ltr'><strong>Florentini,</strong></span> <span class='ocrx_word' id='word_1_297' title='bbox 341 4802 376 4872; x_wconf 87' lang='lat' dir='ltr'><strong>et</strong></span> <span class='ocrx_word' id='word_1_298' title='bbox 397 4817 489 4870; x_wconf 86' lang='lat' dir='ltr'><strong>cena</strong></span> <span class='ocrx_word' id='word_1_299' title='bbox 510 4795 619 4888; x_wconf 86' lang='lat' dir='ltr'><strong>lacta,</strong></span> <span class='ocrx_word' id='word_1_300' title='bbox 640 4795 728 4870; x_wconf 89' lang='lat' dir='ltr'><strong>lecit</strong></span> <span class='ocrx_word' id='word_1_301' title='bbox 755 4791 943 4891; x_wconf 86' lang='lat' dir='ltr'><strong>exportari</strong></span> <span class='ocrx_word' id='word_1_302' title='bbox 971 4790 1094 4866; x_wconf 87' lang='lat' dir='ltr'><strong>omnia</strong></span> <span class='ocrx_word' id='word_1_303' title='bbox 1119 4789 1215 4864; x_wconf 90' lang='lat' dir='ltr'><strong>bona</strong></span> <span class='ocrx_word' id='word_1_304' title='bbox 1233 4788 1432 4862; x_wconf 86' lang='lat' dir='ltr'><strong>cardinalis</strong></span> 
     </span>
     <span class='ocr_line' id='line_1_35' title="bbox 113 4911 1431 5018; baseline -0.006 -26"><span class='ocrx_word' id='word_1_305' title='bbox 113 4919 220 4996; x_wconf 84' lang='lat' dir='ltr'><strong>Ursini</strong></span> <span class='ocrx_word' id='word_1_306' title='bbox 242 4927 279 4997; x_wconf 89' lang='lat' dir='ltr'><strong>et</strong></span> <span class='ocrx_word' id='word_1_307' title='bbox 300 4919 570 5018; x_wconf 87' lang='lat' dir='ltr'><strong>archiepiscopi</strong></span> <span class='ocrx_word' id='word_1_308' title='bbox 595 4920 847 5017; x_wconf 89' lang='lat' dir='ltr'><strong>predictorum</strong></span> <span class='ocrx_word' id='word_1_309' title='bbox 875 4917 913 4990; x_wconf 93' lang='lat' dir='ltr'><strong>in</strong></span> <span class='ocrx_word' id='word_1_310' title='bbox 935 4939 1065 4990; x_wconf 87' lang='lat' dir='ltr'><strong>eorum</strong></span> <span class='ocrx_word' id='word_1_311' title='bbox 1089 4911 1276 5013; x_wconf 82' lang='lat' dir='ltr'><strong>[carrucis]</strong></span> <span class='ocrx_word' id='word_1_312' title='bbox 1295 4919 1330 4988; x_wconf 89' lang='lat' dir='ltr'><strong>et</strong></span> <span class='ocrx_word' id='word_1_313' title='bbox 1349 4912 1431 4986; x_wconf 87' lang='lat' dir='ltr'><strong>aliis</strong></span> 
     </span>
     <span class='ocr_line' id='line_1_36' title="bbox 19 5028 1433 5145; baseline -0.004 -30"><span class='ocrx_word' id='word_1_314' title='bbox 19 5028 22 5039; x_wconf 72' lang='grc'>’</span> <span class='ocrx_word' id='word_1_315' title='bbox 114 5045 223 5120; x_wconf 88' lang='lat' dir='ltr'><strong>multis</strong></span> <span class='ocrx_word' id='word_1_316' title='bbox 240 5048 286 5122; x_wconf 85' lang='lat' dir='ltr'><strong>od</strong></span> <span class='ocrx_word' id='word_1_317' title='bbox 303 5047 477 5145; x_wconf 82' lang='lat' dir='ltr'><strong>palatium</strong></span> <span class='ocrx_word' id='word_1_318' title='bbox 495 5050 592 5144; x_wconf 86' lang='lat' dir='ltr'><strong>Papo</strong></span> <span class='ocrx_word' id='word_1_319' title='bbox 610 5050 647 5120; x_wconf 85' lang='lat' dir='ltr'><strong>et</strong></span> <span class='ocrx_word' id='word_1_320' title='bbox 665 5045 816 5129; x_wconf 88' lang='lat' dir='ltr'><strong>domum</strong></span> <span class='ocrx_word' id='word_1_321' title='bbox 832 5065 948 5131; x_wconf 89' lang='lat' dir='ltr'><strong>suom,</strong></span> <span class='ocrx_word' id='word_1_322' title='bbox 969 5043 1079 5138; x_wconf 91' lang='lat' dir='ltr'><strong>prout</strong></span> <span class='ocrx_word' id='word_1_323' title='bbox 1104 5037 1234 5126; x_wconf 89' lang='lat' dir='ltr'><strong>voluit;</strong></span> <span class='ocrx_word' id='word_1_324' title='bbox 1257 5044 1292 5110; x_wconf 91' lang='lat' dir='ltr'><strong>et</strong></span> <span class='ocrx_word' id='word_1_325' title='bbox 1318 5037 1433 5112; x_wconf 88' lang='lat' dir='ltr'><strong>multo</strong></span> 
     </span>
     <span class='ocr_line' id='line_1_37' title="bbox 114 5163 1432 5270; baseline -0.002 -33"><span class='ocrx_word' id='word_1_326' title='bbox 114 5165 198 5244; x_wconf 86' lang='lat' dir='ltr'><strong>bona</strong></span> <span class='ocrx_word' id='word_1_327' title='bbox 214 5172 429 5248; x_wconf 88' lang='lat' dir='ltr'><strong>eorumdem</strong></span> <span class='ocrx_word' id='word_1_328' title='bbox 447 5172 594 5246; x_wconf 89' lang='lat' dir='ltr'><strong>luerunt</strong></span> <span class='ocrx_word' id='word_1_329' title='bbox 613 5194 679 5270; x_wconf 91' lang='lat' dir='ltr'><strong>per</strong></span> <span class='ocrx_word' id='word_1_330' title='bbox 698 5170 860 5244; x_wconf 84' lang='lat' dir='ltr'><strong>soldntos</strong></span> <span class='ocrx_word' id='word_1_331' title='bbox 878 5176 913 5242; x_wconf 89' lang='lat' dir='ltr'><strong>et</strong></span> <span class='ocrx_word' id='word_1_332' title='bbox 932 5167 1023 5241; x_wconf 88' lang='lat' dir='ltr'><strong>alios</strong></span> <span class='ocrx_word' id='word_1_333' title='bbox 1042 5165 1226 5238; x_wconf 87' lang='lat' dir='ltr'><strong>abstracta</strong></span> <span class='ocrx_word' id='word_1_334' title='bbox 1243 5167 1280 5236; x_wconf 90' lang='lat' dir='ltr'><strong>et</strong></span> <span class='ocrx_word' id='word_1_335' title='bbox 1296 5163 1432 5262; x_wconf 92' lang='lat' dir='ltr'><strong>depor-</strong></span> 
     </span>
     <span class='ocr_line' id='line_1_38' title="bbox 117 5295 195 5370; baseline 0.09 -7"><span class='ocrx_word' id='word_1_336' title='bbox 117 5295 195 5370; x_wconf 84' lang='lat' dir='ltr'><strong>tata.</strong></span> 
     </span>
    </p>
   </div>
   <div class='ocr_carea' id='block_1_4' title="bbox 0 0 1767 6034">
    <p class='ocr_par' dir='ltr' id='par_1_8' title="bbox 0 0 1767 6034">
     <span class='ocr_line' id='line_1_39' title="bbox 0 0 1767 6034; baseline 0 0"><span class='ocrx_word' id='word_1_337' title='bbox 0 0 1767 6034; x_wconf 95' lang='lat' dir='ltr'><strong> </strong></span> 
     </span>
    </p>
   </div>
  </div>
 </body>
</html>
