3502 6036
367 560 416 614 ni
821 556 995 613 ronnnnrs
1020 555 1242 626 nunculiam,
1453 555 1672 622 toreumatum}
1735 517 1736 612 ζ

366 711 495 784 RRmis
518 715 593 784 ob.
618 709 878 794 cardinalibus
908 709 1129 793 oratoribus,
1156 709 1433 800 referendariis,
1454 710 1670 790 auditoribus.
1735 743 1736 792 t

366 835 683 908 conservatoribus
702 833 966 924 eternalibus,
988 833 1181 908 canonicis
1197 834 1346 908 basilice
1370 860 1399 906 s.
1421 834 1535 925 Petri,
1556 839 1673 934 regenti

366 961 584 1034 cancellarie
602 959 814 1058 apostolice,
835 960 1098 1057 protonotariis
1122 959 1442 1056 participantibus,
1469 960 1674 1036 abbreviato-

364 1085 467 1158 ribus
486 1085 660 1182 depereo
679 1085 834 1184 majore,
856 1085 1099 1182 scriptoribus
1119 1084 1330 1182 apostolicis
1349 1089 1383 1157 et
1408 1084 1505 1175 aliis,
1529 1085 1618 1181 quod
1632 1087 1674 1158 dic

364 1211 536 1300 crastina,
568 1217 692 1284 Rmus.
724 1215 766 1284 D.
794 1209 991 1285 cardinalis
1015 1209 1176 1283 Estensis
1203 1213 1299 1282 esset
1328 1210 1535 1314 intraturus
1563 1210 1673 1284 Urbem

365 1359 431 1432 per
453 1340 600 1432 portam
623 1336 657 1410 b.
682 1336 797 1409 llarie
822 1335 866 1408 de
884 1334 1035 1432 populo,
1055 1335 1150 1408 hora
1169 1334 1485 1431 vigesimaprima
1511 1335 1566 1406 cui
1585 1335 1675 1407 debr-

364 1465 448 1533 rent
468 1461 592 1534 venire
615 1461 771 1561 obviam.
798 1461 927 1534 Socius
950 1483 1054 1533 meus
1075 1459 1165 1533 dixit
1188 1463 1284 1556 Pape
1308 1459 1336 1532 si
1357 1458 1561 1533 cardinales
1584 1459 1674 1532 debe-

366 1590 446 1658 rent
462 1585 581 1658 venire
602 1586 744 1659 obviam
761 1585 797 1658 in
817 1585 943 1681 cappis
962 1584 1146 1658 violaceis.
1167 1583 1368 1680 Respondit
1386 1587 1487 1680 Papa
1504 1583 1597 1679 quod
1614 1608 1676 1655 nes·

365 1708 457 1782 ciret
482 1709 569 1806 quid
594 1716 745 1809 rogaret
767 1715 803 1783 et
825 1710 924 1806 quod
946 1709 1124 1781 deberent
1147 1709 1271 1781 venire
1299 1709 1335 1781 in
1364 1709 1494 1804 cappis
1522 1709 1673 1781 resarcis.

365 1833 549 1908 lntimatio
566 1835 779 1933 hujusmodi
798 1835 864 1908 luit
882 1835 979 1907 lacta
1001 1834 1170 1906 omnibus
1191 1833 1322 1906 RRmis
1347 1836 1422 1906 bu.
1451 1833 1676 1906 cardinalibus

365 1965 402 2032 et
419 1959 498 2032 aliis
514 1985 626 2058 supra
643 1961 836 2058 dictispro
854 1960 949 2034 hora
964 1959 1160 2058 vigesima;
1181 1959 1272 2032 nihil
1288 1964 1412 2032 autem
1428 1960 1497 2032 luit
1515 1959 1558 2030 de
1574 1959 1676 2056 cappis

366 2081 596 2184 intimatum(
621 2085 646 2184 l.

413 2208 518 2282 Feria
531 2209 670 2306 quinta,
687 2213 731 2282 23
744 2209 901 2307 predicti
915 2209 1064 2299 mensis,
1079 2213 1142 2284 SS.
1156 2213 1200 2282 D.
1216 2213 1258 2283 N.
1272 2209 1451 2282 nunciare
1464 2209 1551 2283 lecit
1562 2211 1673 2281 thmo.

366 2338 440 2410 bl).
474 2336 652 2410 cardinali
687 2336 829 2409 Estensi
860 2336 905 2408 ed
939 2337 1074 2410 Urbem
1105 2335 1277 2426 venienti,
1307 2337 1418 2432 quod,
1450 2335 1575 2425 hodie,
1601 2334 1674 2404 bora

364 2459 509 2534 decima
524 2465 665 2548 octava,
685 2459 838 2534 deberet
854 2485 934 2533 esse
952 2484 1035 2535 cum
1058 2462 1157 2534 omni
1176 2461 1347 2535 comitiva
1365 2485 1431 2534 sua
1449 2460 1498 2532 ad
1512 2457 1675 2532 introitum

365 2592 526 2684 paratus,
548 2591 584 2661 et
606 2585 682 2683 ipse
702 2592 898 2683 expectare
917 2592 1018 2660 extra
1039 2591 1187 2684 pontem
1211 2587 1384 2678 Milvinm,
1407 2609 1521 2684 super
1539 2582 1676 2656 muricu-
1735 2677 1736 2682 Ἰ

248 2755 250 2761 ·
364 2713 440 2786 lum
459 2738 573 2811 prope
588 2711 723 2786 turrim
739 2713 840 2808 ponti
857 2711 1132 2810 proximiorem,
1152 2713 1248 2809 qnod
1266 2713 1351 2786 lecit
1368 2711 1468 2785 idem
1485 2707 1674 2785 cardinalis.

364 2841 498 2911 Omnes
525 2837 730 2912 cardinales
757 2843 937 2912 venerunt
960 2844 1063 2912 extra
1085 2843 1232 2935 portam
1257 2839 1301 2911 de
1325 2837 1481 2935 Populo,
1513 2836 1571 2910 ubi
1593 2837 1676 2931 post·

366 2987 476 3060 quam
500 2963 537 3036 in
555 2963 664 3036 mulis
682 2963 728 3038 ad
750 2987 860 3038 unam
883 2965 1066 3062 integram
1087 2966 1220 3039 horam
1240 2965 1297 3037 vel
1320 2964 1422 3038 circa
1444 2963 1676 3061 expectarent,

371 3087 556 3160 intrarunt
577 3092 723 3184 perlem
745 3093 781 3160 et
805 3087 1070 3161 descendentes
1095 3113 1139 3160 ex
1161 3088 1271 3161 mulis
1293 3088 1480 3161 intrarunt
1507 3084 1677 3160 eeclesiam

371 3211 415 3284 de
435 3211 572 3308 Populo
594 3212 630 3284 in
649 3235 721 3308 qua
739 3217 978 3310 expecierunt
996 3237 1062 3310 per
1087 3237 1197 3287 unam
1218 3213 1328 3286 aliam
1348 3213 1485 3287 horam
1509 3211 1563 3285 vel
1583 3209 1676 3282 circa.

370 3337 519 3409 lnterim
548 3338 646 3411 venit
678 3339 903 3436 gubernator
931 3339 1038 3413 Urbis
1068 3344 1104 3412 et
1131 3339 1313 3413 ordinavit
1344 3339 1482 3412 salmas
1504 3330 1678 3412 cardinalis

370 3461 545 3535 venientis
569 3468 605 3536 et
628 3464 706 3561 ejus
728 3464 919 3560 familiam,
948 3469 987 3537 ut
1011 3465 1268 3561 procederent,
1291 3465 1388 3561 quod
1412 3463 1578 3537 lecerunt
1598 3458 1679 3531 circa

368 3587 499 3662 horam
517 3587 729 3685 vigesimam
748 3591 957 3662 secundem.
977 3589 1195 3664 latravimus
1211 3615 1275 3664 seu
1294 3589 1595 3688 pertransivimus
1609 3604 1679 3681 pon·

371 3721 444 3788 tem
462 3715 636 3804 ltlilvium‚
658 3717 718 3790 ubi
737 3720 841 3789 extra
860 3721 1008 3813 pontem
1025 3740 1153 3790 versus
1172 3717 1308 3790 Urbem
1327 3719 1369 3788 R.
1388 3718 1434 3787 b.
1457 3713 1679 3806 Hieronymus
1735 3805 1736 3828 Χ

368 3841 783 3930 P01·cius‚rlndriensis,
810 3847 846 3914 et
867 3842 1034 3915 Andreas
1057 3842 1102 3915 de
1126 3842 1231 3917 Valle
1259 3840 1498 3914 Cotronensis
1523 3829 1675 3934 episcopi.
1735 3835 1736 3928 j

370 3965 535 4039 canonici
559 3992 588 4039 s.
613 3967 725 4056 Petri,
751 3968 899 4040 nomine
921 3969 1072 4065 capituli
1094 3967 1259 4064 ejusdem
1278 3965 1428 4040 basilice
1450 3964 1555 4062 cujus
1578 3955 1678 4034 cardi·
1735 3967 1736 4034 3

370 4088 462 4162 nelis
481 4095 536 4162 est
554 4091 865 4190 archipresbyter,
884 4097 1108 4190 receperunt
1128 4092 1248 4190 ipsum
1267 4090 1509 4166 cardinalem.
1530 4091 1615 4162 Ante
1630 4101 1678 4153 eos
1735 4155 1736 4158 ,

370 4221 587 4312 receperant
613 4240 711 4306 eum,
740 4217 851 4290 etiam
879 4218 977 4291 intra
1000 4241 1062 4291 seu
1086 4219 1181 4292 citra
1203 4223 1366 4315 pontem,
1397 4239 1527 4290 versus
1550 4211 1675 4287 Urbem
1735 4265 1736 4268 ,

370 4339 563 4438 episcopus
587 4343 824 4441 segoviensis,
850 4344 1295 4443 magiste1·domus,cum
1319 4343 1456 4416 familia
1479 4338 1605 4416 Montis
1622 4335 1677 4405 Re·
1735 4445 1736 4450 Ἰ

406 4545 431 4602 1.
453 4545 490 4602 lie
508 4562 578 4621 pape
590 4552 616 4602 et
634 4563 683 4603 son
698 4541 742 4604 fils
760 4543 886 4604 luttuient
900 4547 935 4604 de
953 4547 1148 4623 magnificence
1170 4567 1239 4624 pour
1255 4547 1376 4605 receuoir
1396 4547 1422 4603 la
1442 4541 1596 4620 deputation
1609 4537 1676 4593 lern-
1735 4575 1736 4584 a

370 4634 441 4691 reise
465 4635 511 4708 qui
532 4635 622 4693 venuit
642 4637 772 4693 chercher
791 4637 908 4694 Lucrece
932 4638 1043 4712 Borgis,
1069 4657 1104 4695 au
1123 4657 1187 4696 nom
1208 4639 1240 4694 de
1273 4657 1322 4694 sou
1347 4637 1446 4694 nouvel
1467 4640 1564 4710 epoux.
1588 4651 1600 4680 v
1652 4625 1676 4678 El
1735 4669 1736 4700 r

372 4741 479 4793 opnuno
494 4727 520 4782 lu
537 4722 646 4782 intende
661 4730 830 4799 aproposito
844 4734 869 4784 et
887 4729 948 4796 sore
968 4730 1069 4785 danto-t
1080 4745 1133 4799 per
1148 4730 1170 4784 te
1183 4745 1260 4800 spese
1275 4729 1379 4798 prendi
1392 4728 1439 4784 ebe
1457 4743 1489 4782 ne
1505 4737 1605 4780 orror-rr.
1618 4719 1675 4770 trecto

371 4815 409 4878 di,
428 4814 473 4870 ebe
484 4818 498 4870 d
511 4833 572 4872 cosa
586 4817 713 4872 inuodito
729 4819 818 4888 qztolto
832 4819 858 4873 si
879 4819 978 4874 ordino
991 4820 1053 4885 sare
1066 4821 1113 4889 qut
1128 4821 1158 4874 in
1172 4825 1265 4889 queste
1279 4821 1365 4886 fosta·
1379 4824 1404 4872 et
1416 4834 1468 4890 per
1482 4831 1535 4872 uno
1556 4812 1645 4866 minore
1657 4800 1677 4853 sl

371 4905 456 4970 ferveo
476 4906 497 4958 li
512 4907 634 4976 Stnslteri
653 4908 697 4962 det
716 4909 791 4962 Duce
812 4907 836 4961 le
856 4923 951 4978 scrupe
972 4909 1002 4964 dt
1025 4911 1154 4965 Broceoto
1173 4908 1258 4976 doro,
1282 4913 1307 4962 et
1330 4909 1386 4962 cosi
1407 4909 1428 4961 ti
1450 4897 1624 4972 Polusrvnr'orv'
1643 4887 1677 4943 dd

372 4991 449 5061 Papa
464 5011 473 5048 :
489 4999 514 5048 et
528 4995 581 5050 Lai
595 5001 619 5052 et
632 4997 653 5051 a
665 4997 736 5051 duco
749 4999 918 5066 peremptorio
933 4997 963 5050 in
977 4999 1038 5065 sure
1054 5013 1112 5052 cose
1127 4999 1180 5068 pto
1196 5013 1302 5067 iuuene,
1312 4997 1364 5067 piet
1379 5012 1445 5051 trove
1456 5001 1480 5050 et
1494 4994 1541 5064 piri
1555 4989 1587 5044 du
1601 4995 1675 5053 spese·

371 5077 415 5145 m,
430 5081 480 5136 che
495 5085 631 5160 epeggio,
647 5084 804 5160 qualunque
815 5082 896 5140 lauda
910 5092 937 5140 et
947 5086 1130 5142 commendao
1145 5091 1301 5157 pertrarne,
1318 5103 1395 5158 oper
1405 5101 1498 5158 paura.
1510 5081 1542 5137 Et
1555 5066 1675 5152 pavirebbe
1735 5113 1736 5122 t

372 5168 456 5225 molto
479 5173 581 5248 peggio
605 5181 631 5231 et
653 5173 700 5250 piu
704 5215 758 5232 .....
779 5173 876 5242 Rome,
898 5173 943 5248 xvj
963 5174 1115 5231 decembris
1139 5175 1215 5232 Mol.
1239 5173 1360 5232 Servitor
1374 5175 1582 5231 ancrscusos
1598 5162 1674 5222 Pras,

371 5253 480 5318 doctor.
500 5282 514 5313 v
528 5263 627 5334 (Arcti.
646 5267 762 5323 Floreat.
781 5261 857 5323 Clas.
875 5261 912 5333 X,
931 5262 996 5322 dist.
1012 5282 1040 5334 n,
1057 5264 1117 5321 filza
1132 5265 1178 5334 51,
1193 5281 1250 5326 ac.
1269 5265 1344 5335 275.)
