3590 6042
340 598 374 653 36
466 543 477 558 .
795 593 972 652 JOHANNlS
999 589 1221 658 aduentant,
1499 588 1585 650 [111-11
1603 587 1688 650 15111]

343 748 431 823 tavit
459 747 606 821 eumin
634 772 746 844 parva
773 749 915 846 capella
946 742 1213 819 reservandum
1240 764 1308 837 pro
1339 737 1463 814 1111111
1494 739 1683 829 crastino,

342 867 396 946 ac'
412 865 509 946 idem
543 873 741 947 cardinalis
768 863 813 947 da
842 872 1009 946 manibus
1041 873 1138 966 Pape
1164 865 1329 964 reposuit
1349 889 1433 939 enm
1461 865 1497 937 in
1523 888 1686 962 capsam

343 1001 563 1089 ordnatam,
588 1024 698 1096 quam
717 1006 800 1098 post
822 997 1112 1074 incensationem
1135 993 1279 1082 clausit,
1300 996 1337 1065 et
1357 991 1496 1064 clarem
1519 991 1621 1088 apud
1643 1013 1686 1062 se

341 1121 503 1196 retinuit.
526 1126 622 1220 Papa
639 1123 791 1198 accessit
810 1123 845 1195 in
863 1119 1009 1219 pluviali
1027 1119 1124 1207 albo,
1139 1117 1185 1190 ad
1203 1116 1325 1189 locum
1338 1113 1482 1211 publice
1499 1113 1687 1188 benedic-

342 1246 462 1334 tionis,
477 1247 537 1322 ubi
548 1251 632 1321 ante
646 1247 890 1322 reverentiam
902 1244 968 1319 sibi
980 1245 1115 1317 iactam
1131 1240 1273 1338 accepit
1283 1240 1440 1312 rubeum
1452 1237 1682 1335 pretiosum.

340 1367 394 1444 D.'
413 1373 620 1446 Bonisacius
643 1373 688 1446 de
710 1376 837 1446 Castro
869 1369 1034 1456 Otherio,
1063 1365 1311 1440 subdiaconus
1334 1363 1557 1461 apostolicus
1582 1361 1686 1459 legit

338 1495 476 1569 bullam
506 1521 714 1594 processus,
750 1498 853 1596 cujus
883 1492 1229 1591 interpretationem
1260 1487 1513 1586 pronunciavit
1542 1491 1680 1570 Rmus

339 1622 381 1691 D.
401 1619 596 1693 cardinalis
613 1621 820 1708 Uesuuinus,
841 1618 915 1714 qui,
932 1618 1044 1692 etiam
1060 1621 1143 1713 post
1160 1613 1451 1689 benedictionem
1469 1612 1684 1685 solemnem

338 1767 404 1840 per
420 1748 557 1841 Papam
576 1745 713 1835 datam,
734 1744 931 1842 publicarit
954 1741 1201 1838 indulgentias
1223 1737 1409 1835 plenarias
1428 1737 1564 1835 populo
1582 1737 1685 1810 inte·

337 1868 493 1941 ressenti
514 1893 580 1965 per
599 1872 737 1967 Papam
760 1892 971 1958 concessas,
992 1871 1029 1940 et
1045 1864 1238 1963 jubileum,
1265 1887 1357 1959 quas
1377 1866 1501 1935 Rmus.
1523 1866 1565 1935 D.
1591 1885 1684 1934 car-

337 1993 469 2066 dinalis
499 1995 671 2066 Senensis
698 1993 955 2090 pronunciavit
983 1991 1020 2064 in
1042 2011 1211 2064 sermone
1239 1987 1381 2076 italico;
1414 1991 1513 2082 Papa
1539 1983 1682 2058 deinde

338 2115 426 2188 lavit
445 2116 558 2212 pedes
577 2117 756 2190 tredecim
776 2115 1001 2213 pauperibus
1019 2115 1055 2186 in
1071 2113 1191 2210 prime
1207 2134 1358 2186 camera
1373 2115 1456 2207 post
1473 2109 1592 2182 aulam
1609 2132 1683 2182 no-

324 2262 418 2320 ram
443 2238 664 2313 insecundo
689 2241 826 2313 solario
850 2261 963 2336 supra
988 2237 1226 2326 audientiam,
1253 2234 1313 2308 ubi
1342 2233 1531 2329 predictus
1556 2237 1681 2304 Rmus

335 2361 533 2436 cardinalis
544 2364 741 2437 Cesarinus
758 2363 917 2437 cantavit
932 2361 1179 2460 evangelium
1195 2363 1323 2433 orator
1334 2357 1551 2430 florentinus
1568 2356 1681 2430 dedit

336 2511 469 2583 aquam
488 2488 657 2561 manibus
676 2492 792 2586 Pape;
813 2489 897 2577 alia,
919 2511 1024 2560 more
1044 2485 1164 2559 solito.

381 2613 518 2686 Eadem
531 2612 602 2703 die,
618 2613 718 2686 circa
728 2612 861 2686 horam
874 2611 1087 2709 vigesimam
1100 2610 1258 2707 primam
1274 2609 1419 2706 incepta
1435 2606 1675 2682 lueruntma·

332 2738 446 2811 tutine
464 2737 702 2811 tenebrarum
721 2737 758 2812 in
776 2737 917 2834 capedo
934 2735 1158 2833 supradicta,
1179 2735 1309 2831 quibus
1330 2733 1494 2807 interfuit
1512 2737 1609 2830 Papa
1631 2734 1673 2806 in

334 2885 465 2958 cappa,
485 2863 531 2934 ad
550 2885 630 2934 eam
647 2861 684 2934 iu
702 2863 788 2936 sede
811 2867 979 2958 portatus
998 2866 1034 2934 et
1052 2861 1181 2933 eadem
1198 2863 1421 2956 reportatus.
1444 2861 1521 2932 lloc
1541 2881 1670 2946 mane,

334 2987 380 3060 ad
406 2985 699 3059 benedictionem
728 2986 928 3083 publicam,
953 2986 1108 3082 populus
1137 2984 1325 3058 estimatus
1353 2984 1420 3057 luit
1446 2985 1492 3057 ad
1519 2988 1672 3057 centum

333 3109 447 3184 millia
460 3108 661 3183 hominum.

377 3234 532 3310 Veneris
550 3240 690 3324 sancta,
708 3241 750 3308 17
771 3235 935 3334 ejusdem
953 3236 1087 3309 mensis
1105 3237 1244 3334 aprilis,
1266 3241 1389 3310 Rmus.
1408 3241 1451 3310 D.
1468 3235 1670 3310 cardinalis

334 3360 487 3434 Ursinus
506 3359 703 3434 celebravit
721 3360 880 3434 osticium
903 3361 1089 3458 publicum
1107 3361 1144 3434 in
1163 3363 1304 3459 capella
1321 3363 1461 3460 majore
1481 3362 1666 3458 predicta.

332 3488 431 3583 Papa
449 3490 637 3582 presente3
660 3509 868 3560 sermonem
886 3487 971 3560 lecit
989 3488 1138 3583 qnidam
1158 3489 1334 3583 magister
1350 3491 1497 3561 Marcus
1516 3487 1562 3560 de
1581 3485 1667 3558 Ful-

332 3611 453 3706 gineo,
474 3611 652 3700 medicus;
674 3611 870 3684 cardinalis
889 3611 1079 3686 celebrans
1101 3612 1198 3685 venit
1221 3636 1304 3685 cum
1326 3617 1426 3708 Papa
1448 3613 1495 3686 ad
1512 3635 1665 3708 parvam

333 3735 510 3831 capellam
527 3760 595 3831 pro
615 3739 859 3824 sacramento,
881 3741 918 3810 et
935 3737 1086 3811 incessit
1100 3736 1197 3811 solus
1214 3734 1298 3812 ante
1322 3761 1423 3823 eum;
1444 3735 1667 3810 ministravit

332 3858 369 3930 in
384 3883 497 3956 parva
513 3859 653 3956 capella
672 3862 768 3955 Pape
787 3860 939 3934 calicem
956 3887 1039 3936 cum
1056 3868 1301 3950 sacramento,
1321 3868 1358 3936 et
1373 3887 1456 3936 eum
1471 3861 1508 3935 in
1523 3860 1666 3958 capella

333 3981 474 4080 majore
490 3982 536 4055 ab
548 4005 591 4054 eo
602 3981 760 4077 recepit;
780 3984 990 4059 Passionem
1003 3986 1174 4060 dixerunt
1184 3987 1360 4061 diacou'us
1372 3985 1510 4083 capelle
1525 3985 1563 4057 in
1576 4007 1665 4057 voce

333 4104 481 4194 Christi,
502 4104 580 4178 aliis
598 4103 747 4178 vocibus
769 4108 841 4180 duo
869 4114 1039 4184 cantores
1064 4108 1203 4208 capelle
1228 4109 1394 4207 Hispani,
1416 4108 1665 4182 interfuerunt

332 4230 511 4303 tredecim
543 4231 748 4306 cardinales
773 4236 856 4328 post
886 4232 1153 4324 celebrantem,
1184 4232 1353 4307 uidelicet
1385 4232 1660 4329 Neapolitanus,

333 4353 593 4427 ltecanatensis
619 4354 800 4452 episcopi;
824 4379 853 4427 s.
877 4356 1083 4447 Clementis,
1106 4361 1393 4446 Beneventanus
1415 4381 1444 4428 s.
1470 4356 1660 4444 Praxedis,

332 4476 464 4550 Montis
491 4477 647 4573 Regalis,
671 4477 955 4568 Alexandrinus,
982 4505 1011 4552 s.
1040 4481 1184 4573 Crucis,
1210 4480 1424 4570 Gurcensis,
1453 4479 1664 4576 Agrigenti-

331 4625 412 4690 nus,
435 4605 640 4698 Gapuanus,
662 4601 885 4698 presbyteri,
909 4603 1103 4677 Cesarinus
1124 4609 1160 4677 et
1178 4604 1363 4693 Senensis,
1385 4603 1541 4677 diaconi.
1565 4606 1664 4700 Papa

332 4723 473 4814 obtulit,
504 4729 544 4797 ut
570 4723 741 4813 intellexi,
773 4725 924 4799 ducatos
953 4728 1198 4824 quadraginta
1223 4729 1260 4800 in
1290 4751 1380 4842 apro
1406 4732 1443 4800 et
1469 4727 1600 4801 decem
1627 4731 1664 4798 et

331 4873 460 4924 novem
483 4849 520 4921 in
555 4851 720 4938 moneta;
754 4847 791 4919 11
820 4851 938 4922 totum
971 4852 1190 4925 ducatorum
1223 4851 1411 4950 sexaginta
1439 4855 1600 4948 quatuor
1626 4849 1663 4922 in

332 4997 436 5048 auro.
458 4973 572 5048 llabui
590 4974 627 5046 in
645 4977 787 5070 partem
807 4997 927 5048 meam
946 4975 1092 5051 circiter
1110 4977 1238 5051 decem
1257 5001 1340 5051 cum
1359 4976 1507 5051 dimidio
1525 4974 1606 5048 auri
1625 4974 1663 5047 in

332 5119 421 5194 auro
441 5098 486 5170 de
506 5121 667 5186 camera,
687 5095 743 5168 vel
762 5118 891 5170 eorum
908 5100 1082 5174 valorem.

377 5223 417 5293 ln
437 5243 533 5312 sero,
550 5223 649 5297 circa
663 5219 796 5295 horam
806 5221 1017 5320 vigesimam
1035 5224 1205 5325 primam,
1220 5227 1362 5325 incepta
1380 5225 1528 5302 luerunt
1544 5229 1663 5301 matu·
