3502 6036
305 577 357 632 lte
758 563 934 622 JOHANNlS
960 561 1182 632 BURCHARDI,
1432 561 1549 624 [Ferrler
1568 563 1637 626 teor}

306 720 477 797 revelanti
497 708 638 795 et'alias
652 717 757 815 juxta
769 716 951 790 dictarum
966 711 1171 787 litterarum
1189 719 1354 786 tenorem
1370 719 1407 787 et
1423 719 1499 787 tam
1516 716 1636 810 quoad

306 873 369 923 eos
402 869 511 944 quam
535 844 655 941 quoad
681 828 900 916 christianos
924 837 1133 936 hujusmodi
1158 839 1203 910 ad
1232 840 1415 936 premissa
1441 829 1635 913 brachium

306 973 467 1048 seculare
488 967 691 1056 invocandi,
709 989 852 1040 necnon
871 964 1013 1061 quoties
1029 968 1065 1036 te
1084 963 1137 1036 rel
1158 986 1225 1060 per
1241 963 1471 1060 deputandos
1488 957 1636 1037 subcol-

306 1098 461 1170 lectores
483 1092 667 1190 predictos
699 1089 897 1189 respective
926 1077 1054 1163 abesse
1082 1087 1286 1184 contigerit,
1313 1077 1422 1162 aliam
1449 1087 1504 1161 rel
1522 1079 1634 1178 alias,

306 1242 580 1319 personamseu
609 1207 796 1313 personas,
826 1213 1018 1288 ecclesiam
1044 1213 1098 1286 vel
1127 1203 1312 1302 ecelesias,
1343 1205 1559 1287 secularem
1583 1212 1639 1285 vel

307 1344 462 1444 cujusvis
479 1343 618 1418 ordinis
637 1341 836 1440 regulares,
856 1340 893 1414 in
904 1339 1111 1436 provinciis,
1130 1338 1347 1428 civitatibus,
1370 1337 1478 1412 terris
1498 1343 1535 1411 et
1547 1337 1638 1411 locis

306 1469 479 1568 predictis
497 1491 538 1542 ac
556 1467 701 1540 illorum
725 1465 925 1540 diecesium
947 1464 1029 1538 loco
1050 1485 1190 1552 eorum,
1214 1463 1324 1536 etiarn
1344 1487 1429 1537 cum
1448 1463 1559 1537 simili
1577 1469 1639 1536 aut

307 1595 461 1668 limitata
482 1581 661 1691 potestate
682 1579 876 1688 deputandi
901 1595 937 1662 et
957 1587 1209 1678 substituendi,
1231 1595 1267 1664 et
1282 1589 1327 1662 ab
1346 1590 1398 1662 eis
1413 1596 1587 1686 computa
1604 1594 1640 1661 et

307 1721 469 1794 rationes
491 1719 536 1792 de
559 1706 722 1792 collectis
747 1723 783 1792 et
805 1715 1018 1789 ministratis
1043 1705 1256 1812 recipiendi,
1278 1719 1314 1787 et
1337 1715 1383 1788 ad
1409 1715 1444 1787 id
1464 1737 1531 1810 per
1557 1738 1642 1787 cen·

309 1867 411 1917 suras
431 1849 468 1918 et
484 1832 596 1941 penas
614 1843 797 1940 predictas
817 1831 860 1914 ac
878 1840 967 1914 alias
984 1838 1094 1914 modo
1114 1839 1293 1936 premisso
1314 1837 1468 1936 cogendi
1485 1827 1641 1912 et'com-

307 1959 478 2067 pellendi,
497 1967 688 2064 omniaque
705 1966 775 2039 alia
793 1969 829 2038 et
852 1965 994 2063 singula
1010 1966 1047 2038 in
1066 1963 1255 2062 premissis
1274 1967 1310 2036 et
1333 1963 1431 2037 circa
1452 1988 1495 2036 eu
1510 1986 1642 2036 neces-

310 2087 418 2182 saria,
445 2117 509 2166 seu
533 2089 806 2189 quomodolibet
825 2081 1039 2190 opportuna¹
1056 2087 1224 2176 faciendi,
1255 2089 1463 2178 exercendi,
1488 2087 1641 2185 gerendi

310 2223 347 2292 et
365 2217 567 2315 exequendi
590 2241 660 2314 que
681 2216 727 2290 ad
750 2209 950 2312 plenariam
972 2212 1224 2288 executionem
1250 2213 1512 2311 premissorum
1530 2235 1643 2310 expe-

309 2344 387 2416 dire
403 2343 587 2430 videbunt,
606 2333 776 2440 ipsosque
795 2330 1014 2414 christianos
1032 2339 1091 2436 qui
1115 2339 1161 2412 ad
1179 2329 1243 2413 cor
1260 2329 1395 2412 reversi
1414 2329 1516 2412 etde
1531 2337 1643 2410 bisin

310 2461 441 2563 quibus
457 2465 723 2564 premissorum
746 2461 949 2554 occasione,
970 2455 1192 2560 obligatione
1211 2463 1359 2561 obligati
1379 2453 1498 2554 erunt,
1519 2461 1644 2536 debite

310 2592 578 2681 satisfecerunt,
610 2583 832 2680 absoluendi,
860 2589 1039 2663 liberandi
1066 2593 1102 2661 et
1127 2581 1356 2678 habilitandi,
1386 2581 1529 2662 necnon
1557 2610 1645 2662 cum

310 2716 459 2812 illisqui
484 2707 686 2804 sententiis,
713 2711 879 2789 censuris
904 2719 940 2786 et
962 2705 1066 2810 penis
1088 2711 1258 2810 predictis
1280 2712 1426 2804 irretiti,
1454 2703 1584 2785 missas
1607 2717 1646 2785 et

312 2840 383 2914 alia
395 2840 514 2914 divina
531 2840 664 2929 officia,
683 2863 755 2914 non
773 2833 896 2914 tamen
914 2833 1212 2937 incontemptum
1232 2837 1385 2912 clarium
1405 2835 1643 2922 celebrando,

311 2973 373 3038 aut
402 2964 490 3038 alias
511 2989 548 3036 se
574 2961 813 3038 immiscendo
836 2962 1143 3060 irregularitatem
1164 2959 1425 3053 contraxerint,
1451 2985 1561 3059 super
1583 2959 1647 3034 illa

312 3088 546 3185 dispensandi
567 3079 723 3186 plenam,
749 3081 903 3194 liberam
924 3093 960 3162 et
976 3088 1240 3178 omnimodam,
1261 3087 1478 3162 auctoritate
1495 3093 1646 3183 aposto-

310 3212 391 3302 lice,
412 3207 541 3286 tenore
559 3209 783 3310 presentium
800 3205 985 3286 licentiam
1004 3210 1239 3286 concedimus
1260 3219 1296 3285 et
1318 3213 1530 3286 facultatem
1554 3233 1646 3284 non-

312 3335 480 3410 obstante
504 3337 628 3411 lelicis·
643 3337 907 3412 recordationis
930 3336 1104 3410 Bonisacii
1132 3359 1225 3434 pape
1255 3339 1349 3426 Vlll,
1371 3334 1647 3434 predecessoris

313 3462 428 3534 nostri
452 3461 496 3535 de
517 3487 589 3536 una
607 3475 643 3537 et
668 3463 712 3538 de
735 3463 876 3538 duobus
892 3463 1000 3536 dictis
1023 3463 1060 3534 in
1076 3453 1231 3535 concilio
1250 3461 1413 3558 generali
1432 3457 1531 3536 edita
1547 3465 1584 3534 et
1601 3459 1646 3534 de

313 3586 481 3684 personis
506 3587 602 3662 ultra
627 3595 770 3662 certum
788 3588 981 3661 numerum
1005 3587 1051 3660 ad
1077 3585 1317 3684 judicandum
1348 3610 1423 3662 non
1454 3584 1643 3674 vocandis,

313 3708 464 3808 aliisque
488 3713 809 3787 constitutionibus
834 3717 871 3787 et
902 3707 1188 3785 ordinationibus
1212 3705 1438 3809 apostolicis,
1464 3705 1545 3786 uec¹
1571 3731 1645 3783 non

314 3835 480 3908 omnibus
498 3836 567 3909 illis
585 3861 655 3932 que
667 3838 704 3910 in
723 3836 1015 3935 singulislitteris
1031 3836 1207 3934 predictis
1223 3837 1391 3911 volumus
1407 3835 1482 3912 non
1498 3837 1646 3911 obstare

314 3960 518 4056 ceterisque
546 3962 734 4035 contrariis
764 3962 1068 4059 quibuscumque.
1096 3965 1231 4039 Verum
1262 3963 1348 4060 quia
1367 3955 1525 4038 'difficile
1551 3955 1646 4036 toret

314 4094 502 4182 presentes
519 4085 658 4160 litteras
677 4087 723 4160 ad
743 4087 882 4186 singula
903 4080 1132 4184 quecumque
1149 4088 1231 4162 loca
1247 4089 1283 4162 in
1301 4088 1431 4185 quibus
1447 4086 1646 4186 expediens

315 4209 381 4282 fuit
398 4209 557 4299 deterre,
574 4211 739 4285 volumus
756 4221 793 4287 et
808 4207 940 4287 eedem¹
958 4213 1173 4286 auctoritate
1193 4212 1426 4287 decernimus
1446 4211 1545 4310 quod
1564 4212 1646 4286 illa-

315 4357 396 4406 rum
414 4336 639 4435 transcriptis
664 4335 774 4412 manu
792 4337 925 4436 publici
949 4337 1097 4428 notarii,
1116 4331 1200 4413 inde
1218 4337 1350 4436 rogati,
1378 4336 1596 4436 subscriptis
1612 4341 1648 4410 et

315 4460 432 4558 sigillo
462 4484 542 4552 suo,
572 4467 634 4536 aut
657 4463 948 4562 deputandorum
977 4462 1280 4538 subcollectorum
1305 4463 1557 4560 predictorum
1584 4483 1647 4538 seu

314 4585 467 4684 alicujus
493 4587 635 4684 prelati,
661 4587 716 4662 vel
744 4588 894 4661 alterius
912 4609 1069 4685 persone
1088 4585 1125 4661 in
1142 4589 1297 4663 ecclesia
1313 4585 1489 4686 dignitate
1509 4586 1648 4660 consti-

313 4715 390 4784 tute
416 4713 565 4786 munitis
590 4733 633 4786 ea
649 4736 798 4810 prorsus
821 4714 912 4787 tides
935 4713 1067 4809 ubique
1086 4713 1123 4786 in
1147 4713 1285 4811 judicio
1308 4719 1344 4788 ot
1370 4717 1534 4787 extract
1558 4711 1648 4785 alias

314 4835 463 4908 ubilibet
479 4837 706 4928 adhibeatur,
719 4862 790 4934 que
806 4838 1036 4937 presentibus
1049 4837 1295 4930 adhiberetur,
1310 4838 1339 4911 si
1351 4846 1473 4912 essent
1485 4835 1649 4912 exhibite

313 4983 376 5034 seu
406 4969 564 5037 ostense.
599 4967 731 5036 Datum
768 4967 894 5055 Rome,
928 4987 1023 5038 auno
1053 4961 1312 5037 incarnationis
1344 4963 1534 5038 Dominicc
1562 4964 1646 5052 MD,
1724 4991 1730 5006 ·

312 5083 485 5159 kalendas
502 5087 685 5178 februarii,
706 5089 943 5164 Pontificatus
959 5087 1073 5162 nostri
1089 5109 1184 5161 anno
1199 5109 1310 5162 nono.
1332 5117 1348 5155 o

359 5211 468 5284 Faria
485 5217 599 5301 sexta,
619 5217 640 5287 5
665 5215 802 5287 mensis
825 5214 1013 5303 februarii,
1040 5217 1163 5286 Rmus.
1190 5216 1232 5286 D.
1259 5212 1458 5288 cardinalis
1482 5211 1649 5290 Salerni·
