3502 6036
360 567 412 622 180
814 564 989 622 Jonnnnls
1014 563 1237 635 nunculiam,
1445 567 1593 630 [muman
1606 575 1663 636 lata]

360 743 479 791 suum.
510 715 759 793 Recurrerunt
785 722 904 810 Judei,
929 722 987 794 die
1009 721 1135 794 martis
1166 725 1211 793 28
1237 718 1456 810 decembris
1486 721 1529 794 de
1554 723 1660 797 eodem

358 843 439 917 loco
458 845 503 918 ad
521 847 703 935 eumdem,
725 845 810 943 quia
827 846 1016 920 dicebatur
1035 847 1132 942 quod
1151 869 1274 919 mossa
1291 843 1504 918 noniuisset
1518 846 1619 938 bona;
1636 853 1663 922 et

355 970 492 1042 Judeus
510 971 569 1042 cui
589 970 792 1045 debebatur
814 971 966 1068 pallium
988 971 1084 1059 beri,
1106 971 1240 1044 iterum
1259 970 1344 1044 vicit
1361 969 1470 1043 bodie
1490 975 1525 1044 et
1541 970 1660 1046 babuit.

401 1096 508 1166 Faria
530 1101 670 1206 quarta,
694 1100 738 1168 29
756 1097 892 1168 mensis
910 1095 1130 1186 decembrio,
1156 1095 1309 1191 prandio
1326 1101 1491 1190 peracto,
1513 1119 1662 1170 cucurre-

355 1223 442 1292 runt
457 1219 580 1293 bubali
597 1220 642 1292 de
659 1223 795 1316 Campo
814 1219 919 1294 Flore
936 1220 981 1293 ad
999 1220 1157 1316 plateam
1176 1243 1203 1294 s.
1224 1221 1320 1294 Petri
1342 1249 1348 1292 :
1369 1219 1566 1292 insidentes
1578 1225 1662 1317 apta·

353 1349 441 1416 runt
467 1345 618 1418 baculos
641 1344 726 1419 hino
749 1350 785 1418 et
807 1345 890 1418 inde
917 1346 963 1418 ab
985 1369 1057 1418 uno
1082 1343 1200 1441 capite
1225 1341 1344 1415 anulis
1366 1341 1514 1414 narium
1530 1343 1661 1416 bubalo-

353 1493 449 1558 rum,
480 1469 579 1542 aliud
607 1475 718 1567 caput
739 1471 914 1544 tenebant
941 1468 1109 1543 manibus
1137 1469 1269 1565 quibus
1297 1465 1507 1563 dirigebant
1531 1467 1660 1542 bubalos

351 1617 422 1688 quo
441 1593 611 1668 volebant
628 1619 674 1667 ne
697 1596 743 1667 ad
764 1596 863 1668 vicos
885 1594 1058 1669 laterales
1078 1596 1282 1668 currerent.
1305 1593 1552 1664 Cucurrerunt
1570 1593 1659 1666 etiam

350 1697 587 1815 quamplures
614 1719 826 1794 meretrices
850 1743 872 1792 a
894 1719 1083 1821 pyramide
1109 1717 1220 1816 Burgi
1248 1740 1361 1813 usque
1388 1715 1435 1790 ad
1463 1717 1613 1813 plateam
1636 1743 1658 1790 s.

350 1843 446 1915 Petri
466 1867 530 1940 pro
548 1844 669 1940 palliis
688 1844 815 1933 solitis,
834 1844 1134 1940 quelrabuerunt.

397 1969 656 2064 Feria'quinla,
677 1973 722 2042 30
741 1968 896 2065 predicti
915 1970 1064 2058 mensis,
1087 1971 1331 2042 cucurrerunt
1346 1968 1513 2057 barbari,
1523 1965 1659 2065 jannetti

270 2172 281 2192 ο
347 2099 383 2166 et
400 2116 491 2190 eque
510 2092 711 2166 successive
722 2093 768 2166 de
787 2096 924 2190 Campo
943 2093 1048 2166 Flore
1069 2093 1115 2166 ad
1135 2093 1294 2190 plateam
1310 2115 1339 2166 s.
1363 2094 1461 2166 Petri
1479 2117 1546 2191 pro
1563 2093 1659 2190 palliis

347 2219 476 2292 solitis.
509 2219 590 2291 Fuit
617 2217 714 2291 lacta
739 2241 872 2315 magna
890 2217 1062 2293 violentia
1083 2222 1119 2291 ot
1141 2218 1313 2314 iniquitas
1343 2218 1554 2294 :barbarus
1578 2241 1658 2292 mar-

191 2373 195 2382 ·
345 2343 487 2418 chionis
512 2344 696 2417 Mantuani
723 2344 790 2416 luit
815 2344 955 2440 primus
983 2349 1020 2418 et
1048 2367 1121 2416 non
1147 2335 1276 2417 habuit
1302 2344 1456 2441 pallium
1489 2345 1657 2441 quianon

343 2469 467 2542 habuit
495 2492 675 2542 sessorem
702 2469 764 2566 qui
787 2467 854 2542 luit
878 2469 914 2542 in
937 2492 1059 2543 mossa
1083 2470 1128 2542 ab
1156 2492 1199 2543 eo
1224 2469 1393 2565 nequiter
1416 2470 1600 2568 projectus
1628 2473 1657 2540 ut

342 2594 497 2668 liaberet
515 2594 695 2667 barbarus
713 2593 816 2668 ducis
831 2593 1114 2684 valentinensis,
1135 2594 1195 2690 qui
1212 2598 1248 2668 et
1265 2593 1405 2668 habuit.
1420 2593 1652 2670 Jannettinun
1686 2654 1688 2662 ,

341 2719 469 2793 habuit
493 2719 642 2816 quidam
659 2717 703 2792 de
723 2717 862 2792 iarnilia
879 2719 1042 2816 ejusdem
1063 2717 1164 2792 ducis
1186 2719 1290 2816 cujus
1308 2741 1422 2814 equus
1440 2741 1515 2794 non
1537 2718 1654 2813 incepit

342 2868 490 2918 currere
513 2846 549 2917 in
567 2847 702 2939 Campo
721 2844 826 2917 Flore
844 2867 926 2917 curn
946 2845 1039 2934 aliis,
1061 2844 1125 2918 sed
1143 2869 1257 2942 prope
1275 2845 1425 2918 domum
1444 2842 1652 2920 vicecancel-

339 2969 435 3059 larii,
457 2969 565 3042 exivit
586 2967 781 3064 quamdam
804 2969 966 3057 domum,
994 2969 1074 3042 aliis
1092 2969 1332 3056 venientibus,
1357 2991 1450 3066 quos
1469 2967 1649 3068 piacurrit,

339 3099 376 3166 et
403 3093 532 3166 habuit
557 3093 721 3190 pallium.
745 3093 915 3190 Equabus
942 3094 1184 3182 currentibus,
1214 3094 1364 3190 quidam
1393 3092 1652 3191 paralrenarius

338 3218 426 3292 dicti
454 3219 557 3292 ducis
583 3219 842 3294 ‘transversavit
864 3224 1018 3294 stratam
1043 3237 1157 3317 prope
1190 3223 1341 3316 pontem
1369 3243 1397 3291 s.
1428 3217 1558 3317 Angeli
1582 3238 1651 3290 eun

338 3366 430 3439 equo
449 3367 527 3431 suo,
551 3343 736 3440 impedivit
754 3343 911 3440 primam
931 3351 967 3417 et
984 3367 1165 3418 sessorem
1183 3345 1263 3440 ejus
1281 3342 1437 3440 projecit
1455 3344 1492 3417 in
1509 3349 1648 3428 terram;

337 3495 430 3567 equa
447 3469 683 3542 nihilominus
702 3475 926 3566 prosequuta
950 3475 1005 3543 est
1023 3491 1172 3543 cursum
1190 3493 1296 3542 suurn
1315 3469 1357 3542 ad
1382 3469 1534 3565 pallium
1552 3465 1646 3563 quod,

335 3601 440 3669 vento
466 3596 627 3692 jurante,
657 3595 777 3689 tetigit
802 3617 885 3668 curn
912 3595 1045 3692 capite,
1080 3599 1117 3667 et
1149 3593 1215 3666 luit
1245 3593 1312 3666 sibi
1342 3593 1589 3690 adjudicatum
1619 3593 1648 3660 at

335 3721 473 3793 datum.
1439 3793 1441 3796 .

385 3845 447 3917 His
466 3844 636 3941 peractis
666 3841 834 3918 tibicines
856 3847 893 3916 et
918 3829 1042 3917 omnia
1067 3866 1203 3940 genera
1224 3843 1449 3918 musicorum
1474 3849 1598 3943 parata
1617 3839 1645 3912 in
1735 3905 1736 3944 ,

336 3969 443 4065 plano
460 3991 570 4064 super
589 3967 705 4042 scalas
725 3993 754 4040 s.
781 3969 879 4042 Petri
902 3969 1119 4066 inceperunt
1136 3991 1269 4066 magna
1283 3971 1516 4045 vehementia
1532 3987 1646 4042 sonare

334 4092 463 4190 singuli
481 4092 723 4166 instrumenta
738 4117 815 4182 sua,
830 4098 865 4166 et
884 4093 929 4166 de
950 4093 1059 4168 domo
1076 4094 1223 4168 domine
1242 4095 1411 4168 Lucretia
1423 4095 1527 4192 juxta
1543 4088 1647 4167 basili·

333 4242 414 4292 cam
440 4243 469 4290 s.
498 4217 596 4290 l‘etri
622 4217 730 4291 exivit
758 4217 836 4314 ipsa
863 4219 1013 4293 domina
1036 4219 1206 4293 Lucretia
1227 4220 1265 4292 in
1284 4225 1382 4294 veste
1398 4219 1562 4293 broccati
1579 4213 1644 4290 auri
1735 4263 1736 4266 ,

332 4343 522 4433 circulata,
542 4365 645 4416 more
662 4343 865 4439 hispanico,
883 4368 967 4417 curn
985 4344 1096 4442 longa
1112 4346 1229 4419 cauda
1245 4367 1354 4442 quam
1366 4347 1524 4441 quedam
1539 4339 1645 4440 puella
1735 4363 1736 4400 ³

331 4467 622 4564 deserebat-post
640 4473 746 4554 ea1n3'
758 4467 838 4565 ipsa
856 4469 1005 4544 domina
1025 4471 1195 4545 Lucretia
1211 4470 1334 4544 media
1355 4469 1451 4544 inter
1471 4474 1549 4544 Don
1566 4470 1642 4540 Fer·
1735 4491 1736 4494 ¹

330 4593 529 4666 dinandum
547 4615 569 4664 a
586 4592 723 4664 dextris
742 4597 778 4665 et
799 4597 879 4667 Don
902 4594 1172 4690 Sigismundum
1192 4617 1214 4669 a
1236 4595 1404 4684 sinistris,
1427 4593 1559 4668 iratres
1575 4612 1643 4663 ma·

328 4717 390 4789 riti
422 4717 490 4790 sui.
525 4715 777 4812 Sequebantur
808 4717 957 4791 circiter
989 4719 1252 4816 quinquaginta
1289 4724 1451 4794 Romane
1486 4715 1641 4790 mulieres

328 4841 547 4939 perpulchre
567 4841 708 4930 vestite,
730 4846 765 4915 et
783 4847 864 4938 post
883 4867 956 4932 eas,
977 4844 1194 4941 pedissequo
1212 4845 1358 4919 domine
1375 4842 1554 4930 Lucretio,
1567 4837 1639 4912 bine

326 4973 362 5038 el
383 4966 479 5038 bine.
500 4965 749 5039 ascenderunt
774 4967 818 5038 ad
841 4967 998 5062 primam
1018 4968 1139 5042 aulam
1163 4969 1353 5042 Paulinam
1373 4993 1483 5066 super
1504 4969 1637 5064 portam
1735 4997 1736 5062 j

324 5089 452 5161 Palatii
484 5090 541 5162 ubi
578 5096 655 5163 erat
689 5095 789 5187 Papa
816 5114 900 5164 cum
932 5092 1109 5166 tredecim
1135 5094 1394 5184 cardinalibus
1423 5091 1585 5166 videlicet
1609 5107 1633 5155 s.

322 5213 512 5303 Praxedis,
532 5214 787 5306 Alexandrino,
808 5241 837 5288 s.
858 5216 998 5308 Crucis,
1018 5219 1237 5310 arborensi,
1258 5219 1468 5310 ¹Gusentino,
1487 5209 1635 5292 Salerni-
