<?xml version="1.0" encoding="UTF-8"?>
<!DOCTYPE html PUBLIC "-//W3C//DTD XHTML 1.0 Transitional//EN"
    "http://www.w3.org/TR/xhtml1/DTD/xhtml1-transitional.dtd">
<html xmlns="http://www.w3.org/1999/xhtml" xml:lang="en" lang="en">
 <head>
  <title>
</title>
<meta http-equiv="Content-Type" content="text/html;charset=utf-8" />
  <meta name='ocr-system' content='tesseract 3.04.00' />
  <meta name='ocr-capabilities' content='ocr_page ocr_carea ocr_par ocr_line ocrx_word'/>
</head>
<body>
  <div class='ocr_page' id='page_1' title='image "./johannisburchar03burcgoog/johannisburchar03burcgoog_0456.png"; bbox 0 0 3520 6036; ppageno 0'>
   <div class='ocr_carea' id='block_1_1' title="bbox 330 623 1657 695">
    <p class='ocr_par' dir='ltr' id='par_1_1' title="bbox 330 623 1657 695">
     <span class='ocr_line' id='line_1_1' title="bbox 330 623 1657 695; baseline 0.003 -10"><span class='ocrx_word' id='word_1_1' title='bbox 330 631 382 688; x_wconf 85' lang='grc'>378</span> <span class='ocrx_word' id='word_1_2' title='bbox 783 625 960 685; x_wconf 86' lang='lat' dir='ltr'>lOHANNlS</span> <span class='ocrx_word' id='word_1_3' title='bbox 984 624 1206 695; x_wconf 80' lang='lat' dir='ltr'>BURCHARDI,</span> <span class='ocrx_word' id='word_1_4' title='bbox 1492 623 1576 687; x_wconf 61' lang='grc' dir='ltr'>[ΗΜ</span> <span class='ocrx_word' id='word_1_5' title='bbox 1593 628 1657 689; x_wconf 66' lang='grc' dir='ltr'>ἳῧθὸῐ</span> 
     </span>
    </p>
   </div>
   <div class='ocr_carea' id='block_1_2' title="bbox 243 779 1752 5383">
    <p class='ocr_par' dir='ltr' id='par_1_2' title="bbox 330 779 1657 870">
     <span class='ocr_line' id='line_1_2' title="bbox 330 779 1657 870; baseline -0.005 -9"><span class='ocrx_word' id='word_1_6' title='bbox 330 808 414 861; x_wconf 87' lang='lat' dir='ltr'>rum</span> <span class='ocrx_word' id='word_1_7' title='bbox 433 783 627 870; x_wconf 75' lang='lat' dir='ltr'>amoime,</span> <span class='ocrx_word' id='word_1_8' title='bbox 646 780 796 856; x_wconf 84' lang='lat' dir='ltr'>funestis</span> <span class='ocrx_word' id='word_1_9' title='bbox 813 785 849 855; x_wconf 92' lang='lat' dir='ltr'>et</span> <span class='ocrx_word' id='word_1_10' title='bbox 866 781 943 854; x_wconf 89' lang='lat' dir='ltr'>eliis</span> <span class='ocrx_word' id='word_1_11' title='bbox 966 780 1129 856; x_wconf 78' lang='lat' dir='ltr'>candele.</span> <span class='ocrx_word' id='word_1_12' title='bbox 1155 785 1225 855; x_wconf 86' lang='lat' dir='ltr'>Pro</span> <span class='ocrx_word' id='word_1_13' title='bbox 1249 779 1496 856; x_wconf 77' lang='lat' dir='ltr'><strong>cardinalibus</strong></span> <span class='ocrx_word' id='word_1_14' title='bbox 1513 779 1657 856; x_wconf 84' lang='lat' dir='ltr'>fuerunt</span> 
     </span>
    </p>

    <p class='ocr_par' dir='ltr' id='par_1_3' title="bbox 243 905 1752 5012">
     <span class='ocr_line' id='line_1_3' title="bbox 293 905 1658 1011; baseline -0.002 -27"><span class='ocrx_word' id='word_1_15' title='bbox 293 919 296 928; x_wconf 88' lang='lat'>&#39;</span> <span class='ocrx_word' id='word_1_16' title='bbox 330 912 450 1011; x_wconf 91' lang='lat' dir='ltr'>posita</span> <span class='ocrx_word' id='word_1_17' title='bbox 475 931 623 982; x_wconf 87' lang='lat' dir='ltr'>scamna</span> <span class='ocrx_word' id='word_1_18' title='bbox 648 907 734 980; x_wconf 93' lang='lat' dir='ltr'>binc</span> <span class='ocrx_word' id='word_1_19' title='bbox 761 911 798 980; x_wconf 91' lang='lat' dir='ltr'>et</span> <span class='ocrx_word' id='word_1_20' title='bbox 822 905 919 997; x_wconf 87' lang='lat' dir='ltr'>inde,</span> <span class='ocrx_word' id='word_1_21' title='bbox 949 906 985 978; x_wconf 93' lang='lat' dir='ltr'>in</span> <span class='ocrx_word' id='word_1_22' title='bbox 1013 907 1125 979; x_wconf 90' lang='lat' dir='ltr'>charo</span> <span class='ocrx_word' id='word_1_23' title='bbox 1153 913 1188 981; x_wconf 92' lang='lat' dir='ltr'>et</span> <span class='ocrx_word' id='word_1_24' title='bbox 1213 907 1248 980; x_wconf 92' lang='lat' dir='ltr'>iu</span> <span class='ocrx_word' id='word_1_25' title='bbox 1276 911 1522 981; x_wconf 86' lang='lat' dir='ltr'>transversum</span> <span class='ocrx_word' id='word_1_26' title='bbox 1553 929 1658 1007; x_wconf 84' lang='lat' dir='ltr'>supra</span> 
     </span>
     <span class='ocr_line' id='line_1_4' title="bbox 243 1031 1653 1134; baseline -0.002 -25"><span class='ocrx_word' id='word_1_27' title='bbox 243 1092 246 1100; x_wconf 90' lang='lat'><em>.</em></span> <span class='ocrx_word' id='word_1_28' title='bbox 329 1036 478 1134; x_wconf 85' lang='lat' dir='ltr'>gradus,</span> <span class='ocrx_word' id='word_1_29' title='bbox 495 1038 532 1108; x_wconf 87' lang='lat' dir='ltr'>et</span> <span class='ocrx_word' id='word_1_30' title='bbox 548 1034 583 1105; x_wconf 91' lang='lat' dir='ltr'>iu</span> <span class='ocrx_word' id='word_1_31' title='bbox 601 1033 722 1106; x_wconf 88' lang='lat' dir='ltr'>medio</span> <span class='ocrx_word' id='word_1_32' title='bbox 741 1032 929 1106; x_wconf 88' lang='lat' dir='ltr'>dimissum</span> <span class='ocrx_word' id='word_1_33' title='bbox 949 1032 1103 1128; x_wconf 89' lang='lat' dir='ltr'>spatium</span> <span class='ocrx_word' id='word_1_34' title='bbox 1122 1055 1188 1128; x_wconf 92' lang='lat' dir='ltr'>pro</span> <span class='ocrx_word' id='word_1_35' title='bbox 1207 1031 1360 1106; x_wconf 90' lang='lat' dir='ltr'>introitu</span> <span class='ocrx_word' id='word_1_36' title='bbox 1372 1035 1477 1106; x_wconf 86' lang='lat' dir='ltr'>extre</span> <span class='ocrx_word' id='word_1_37' title='bbox 1489 1032 1653 1120; x_wconf 88' lang='lat' dir='ltr'>chorum,</span> 
     </span>
     <span class='ocr_line' id='line_1_5' title="bbox 328 1155 1657 1259; baseline -0.003 -25"><span class='ocrx_word' id='word_1_38' title='bbox 328 1162 552 1259; x_wconf 82' lang='lat' dir='ltr'>perlongum</span> <span class='ocrx_word' id='word_1_39' title='bbox 564 1158 736 1247; x_wconf 87' lang='lat' dir='ltr'>ecclesie;</span> <span class='ocrx_word' id='word_1_40' title='bbox 751 1180 815 1254; x_wconf 92' lang='lat' dir='ltr'>pro</span> <span class='ocrx_word' id='word_1_41' title='bbox 827 1156 975 1254; x_wconf 86' lang='lat' dir='ltr'>prelatis</span> <span class='ocrx_word' id='word_1_42' title='bbox 989 1179 1149 1245; x_wconf 86' lang='lat' dir='ltr'>scamna,</span> <span class='ocrx_word' id='word_1_43' title='bbox 1162 1161 1199 1230; x_wconf 89' lang='lat' dir='ltr'>ct</span> <span class='ocrx_word' id='word_1_44' title='bbox 1209 1155 1486 1253; x_wconf 86' lang='lat' dir='ltr'>subsellia,post</span> <span class='ocrx_word' id='word_1_45' title='bbox 1498 1161 1657 1230; x_wconf 83' lang='lat' dir='ltr'>castrum</span> 
     </span>
     <span class='ocr_line' id='line_1_6' title="bbox 330 1281 1658 1383; baseline -0.002 -23"><span class='ocrx_word' id='word_1_46' title='bbox 330 1287 467 1360; x_wconf 91' lang='lat' dir='ltr'>doloris</span> <span class='ocrx_word' id='word_1_47' title='bbox 486 1308 553 1383; x_wconf 89' lang='lat' dir='ltr'>pro</span> <span class='ocrx_word' id='word_1_48' title='bbox 569 1283 733 1374; x_wconf 76' lang='lat' dir='ltr'>funestis,</span> <span class='ocrx_word' id='word_1_49' title='bbox 755 1283 791 1355; x_wconf 94' lang='lat' dir='ltr'>in</span> <span class='ocrx_word' id='word_1_50' title='bbox 814 1282 944 1379; x_wconf 87' lang='lat' dir='ltr'>quibus</span> <span class='ocrx_word' id='word_1_51' title='bbox 968 1285 1060 1356; x_wconf 90' lang='lat' dir='ltr'>sedit</span> <span class='ocrx_word' id='word_1_52' title='bbox 1077 1289 1202 1357; x_wconf 90' lang='lat' dir='ltr'>orator</span> <span class='ocrx_word' id='word_1_53' title='bbox 1217 1283 1402 1381; x_wconf 84' lang='lat' dir='ltr'>Hispanis,</span> <span class='ocrx_word' id='word_1_54' title='bbox 1423 1306 1507 1356; x_wconf 90' lang='lat' dir='ltr'>cum</span> <span class='ocrx_word' id='word_1_55' title='bbox 1525 1281 1658 1358; x_wconf 78' lang='lat' dir='ltr'>familia</span> 
     </span>
     <span class='ocr_line' id='line_1_7' title="bbox 330 1407 1659 1508; baseline -0.002 -25"><span class='ocrx_word' id='word_1_56' title='bbox 330 1433 408 1500; x_wconf 90' lang='lat' dir='ltr'>sua,</span> <span class='ocrx_word' id='word_1_57' title='bbox 427 1408 593 1508; x_wconf 87' lang='lat' dir='ltr'>personis</span> <span class='ocrx_word' id='word_1_58' title='bbox 615 1407 740 1508; x_wconf 84' lang='lat' dir='ltr'>viginti</span> <span class='ocrx_word' id='word_1_59' title='bbox 757 1409 812 1482; x_wconf 86' lang='lat' dir='ltr'>vel</span> <span class='ocrx_word' id='word_1_60' title='bbox 831 1409 940 1498; x_wconf 87' lang='lat' dir='ltr'>circa,</span> <span class='ocrx_word' id='word_1_61' title='bbox 963 1409 1094 1506; x_wconf 83' lang='lat' dir='ltr'>singuli</span> <span class='ocrx_word' id='word_1_62' title='bbox 1116 1408 1295 1482; x_wconf 88' lang='lat' dir='ltr'>habentes</span> <span class='ocrx_word' id='word_1_63' title='bbox 1317 1407 1512 1482; x_wconf 90' lang='lat' dir='ltr'>mantellos</span> <span class='ocrx_word' id='word_1_64' title='bbox 1534 1408 1659 1505; x_wconf 88' lang='lat' dir='ltr'>longos</span> 
     </span>
     <span class='ocr_line' id='line_1_8' title="bbox 329 1533 1657 1631; baseline -0.005 -21"><span class='ocrx_word' id='word_1_65' title='bbox 329 1541 366 1610; x_wconf 90' lang='lat' dir='ltr'>et</span> <span class='ocrx_word' id='word_1_66' title='bbox 381 1534 525 1631; x_wconf 86' lang='lat' dir='ltr'>caputia</span> <span class='ocrx_word' id='word_1_67' title='bbox 541 1558 650 1631; x_wconf 89' lang='lat' dir='ltr'>super</span> <span class='ocrx_word' id='word_1_68' title='bbox 662 1534 812 1630; x_wconf 89' lang='lat' dir='ltr'>spatulis</span> <span class='ocrx_word' id='word_1_69' title='bbox 830 1535 875 1607; x_wconf 92' lang='lat' dir='ltr'>de</span> <span class='ocrx_word' id='word_1_70' title='bbox 891 1555 1012 1631; x_wconf 90' lang='lat' dir='ltr'>panno</span> <span class='ocrx_word' id='word_1_71' title='bbox 1024 1535 1257 1631; x_wconf 88' lang='lat' dir='ltr'>grossissima</span> <span class='ocrx_word' id='word_1_72' title='bbox 1269 1535 1386 1631; x_wconf 86' lang='lat' dir='ltr'>nigro.</span> <span class='ocrx_word' id='word_1_73' title='bbox 1409 1533 1657 1609; x_wconf 85' lang='lat' dir='ltr'>lnterluerunt</span> 
     </span>
     <span class='ocr_line' id='line_1_9' title="bbox 329 1660 1658 1759; baseline -0.003 -23"><span class='ocrx_word' id='word_1_74' title='bbox 329 1663 457 1738; x_wconf 88' lang='lat' dir='ltr'>decem</span> <span class='ocrx_word' id='word_1_75' title='bbox 485 1667 521 1741; x_wconf 84' lang='lat' dir='ltr'>et</span> <span class='ocrx_word' id='word_1_76' title='bbox 545 1685 675 1736; x_wconf 87' lang='lat' dir='ltr'>novem</span> <span class='ocrx_word' id='word_1_77' title='bbox 713 1660 929 1750; x_wconf 78' lang='lat' dir='ltr'>cardinales,</span> <span class='ocrx_word' id='word_1_78' title='bbox 957 1660 1127 1734; x_wconf 89' lang='lat' dir='ltr'>videlicet</span> <span class='ocrx_word' id='word_1_79' title='bbox 1163 1660 1437 1757; x_wconf 86' lang='lat' dir='ltr'>Neapolitanus,</span> <span class='ocrx_word' id='word_1_80' title='bbox 1471 1661 1658 1759; x_wconf 88' lang='lat' dir='ltr'>Portugel-</span> 
     </span>
     <span class='ocr_line' id='line_1_10' title="bbox 328 1785 1655 1880; baseline -0.005 -17"><span class='ocrx_word' id='word_1_81' title='bbox 328 1787 453 1879; x_wconf 76' lang='lat' dir='ltr'>lensiS,</span> <span class='ocrx_word' id='word_1_82' title='bbox 484 1787 754 1876; x_wconf 87' lang='lat' dir='ltr'>Recanalensis,</span> <span class='ocrx_word' id='word_1_83' title='bbox 783 1811 813 1860; x_wconf 76' lang='lat' dir='ltr'>S.</span> <span class='ocrx_word' id='word_1_84' title='bbox 843 1785 1030 1874; x_wconf 85' lang='lat' dir='ltr'>Praxedis,</span> <span class='ocrx_word' id='word_1_85' title='bbox 1058 1809 1087 1858; x_wconf 91' lang='lat' dir='ltr'>s.</span> <span class='ocrx_word' id='word_1_86' title='bbox 1124 1785 1282 1880; x_wconf 79' lang='lat' dir='ltr'>Georgii,</span> <span class='ocrx_word' id='word_1_87' title='bbox 1319 1785 1600 1874; x_wconf 81' lang='lat' dir='ltr'>Alexandrinus,</span> <span class='ocrx_word' id='word_1_88' title='bbox 1628 1811 1655 1858; x_wconf 94' lang='lat' dir='ltr'>s.</span> 
     </span>
     <span class='ocr_line' id='line_1_11' title="bbox 329 1911 1658 2010; baseline 0 -22"><span class='ocrx_word' id='word_1_89' title='bbox 329 1914 465 1996; x_wconf 81' lang='lat' dir='ltr'>Crucis,</span> <span class='ocrx_word' id='word_1_90' title='bbox 493 1913 764 2010; x_wconf 72' lang='lat' dir='ltr'>Agrigentinus,</span> <span class='ocrx_word' id='word_1_91' title='bbox 796 1911 1002 1998; x_wconf 89' lang='lat' dir='ltr'>Grimanus,</span> <span class='ocrx_word' id='word_1_92' title='bbox 1034 1911 1263 2000; x_wconf 85' lang='lat' dir='ltr'>Arborensis,</span> <span class='ocrx_word' id='word_1_93' title='bbox 1292 1911 1494 2008; x_wconf 85' lang='lat' dir='ltr'>Regiensis,</span> <span class='ocrx_word' id='word_1_94' title='bbox 1530 1915 1658 1988; x_wconf 87' lang='lat' dir='ltr'>Cusen·</span> 
     </span>
     <span class='ocr_line' id='line_1_12' title="bbox 328 2035 1654 2128; baseline -0.004 -13"><span class='ocrx_word' id='word_1_95' title='bbox 328 2041 438 2128; x_wconf 93' lang='lat' dir='ltr'>tinus,</span> <span class='ocrx_word' id='word_1_96' title='bbox 461 2037 721 2128; x_wconf 88' lang='lat' dir='ltr'>Salernitenus,</span> <span class='ocrx_word' id='word_1_97' title='bbox 742 2040 938 2126; x_wconf 85' lang='lat' dir='ltr'>Cumanus,</span> <span class='ocrx_word' id='word_1_98' title='bbox 957 2035 1210 2128; x_wconf 77' lang='lat' dir='ltr'>BononiensiS,</span> <span class='ocrx_word' id='word_1_99' title='bbox 1231 2037 1510 2126; x_wconf 88' lang='lat' dir='ltr'>Volaterranos,</span> <span class='ocrx_word' id='word_1_100' title='bbox 1529 2037 1654 2126; x_wconf 84' lang='lat' dir='ltr'>Flisca,</span> 
     </span>
     <span class='ocr_line' id='line_1_13' title="bbox 325 2161 1752 2260; baseline -0.008 -21"><span class='ocrx_word' id='word_1_101' title='bbox 325 2163 519 2253; x_wconf 75' lang='lat' dir='ltr'>Adrianus,</span> <span class='ocrx_word' id='word_1_102' title='bbox 535 2187 564 2236; x_wconf 90' lang='lat' dir='ltr'>s.</span> <span class='ocrx_word' id='word_1_103' title='bbox 586 2163 684 2237; x_wconf 89' lang='lat' dir='ltr'>Petri</span> <span class='ocrx_word' id='word_1_104' title='bbox 700 2163 746 2236; x_wconf 89' lang='lat' dir='ltr'>ed</span> <span class='ocrx_word' id='word_1_105' title='bbox 762 2163 934 2252; x_wconf 88' lang='lat' dir='ltr'>Vincula;</span> <span class='ocrx_word' id='word_1_106' title='bbox 954 2161 993 2234; x_wconf 89' lang='lat' dir='ltr'>hi</span> <span class='ocrx_word' id='word_1_107' title='bbox 1012 2185 1139 2238; x_wconf 88' lang='lat' dir='ltr'>omues</span> <span class='ocrx_word' id='word_1_108' title='bbox 1156 2161 1305 2236; x_wconf 87' lang='lat' dir='ltr'>eletere</span> <span class='ocrx_word' id='word_1_109' title='bbox 1317 2161 1515 2260; x_wconf 86' lang='lat' dir='ltr'>evengelii;</span> <span class='ocrx_word' id='word_1_110' title='bbox 1533 2161 1655 2260; x_wconf 84' lang='lat' dir='ltr'>ebalio</span> <span class='ocrx_word' id='word_1_111' title='bbox 1751 2207 1752 2228; x_wconf 48' lang='lat' dir='ltr'>t</span> 
     </span>
     <span class='ocr_line' id='line_1_14' title="bbox 280 2286 1652 2388; baseline -0.004 -25"><span class='ocrx_word' id='word_1_112' title='bbox 280 2385 281 2388; x_wconf 8' lang='grc' dir='ltr'><strong>Ἴ</strong></span> <span class='ocrx_word' id='word_1_113' title='bbox 326 2289 516 2378; x_wconf 90' lang='lat' dir='ltr'>Columna,</span> <span class='ocrx_word' id='word_1_114' title='bbox 543 2289 733 2378; x_wconf 84' lang='lat' dir='ltr'>Ascanius,</span> <span class='ocrx_word' id='word_1_115' title='bbox 764 2288 936 2378; x_wconf 76' lang='lat' dir='ltr'>Mediam,</span> <span class='ocrx_word' id='word_1_116' title='bbox 965 2287 1176 2386; x_wconf 85' lang='lat' dir='ltr'>Gurgensis,</span> <span class='ocrx_word' id='word_1_117' title='bbox 1205 2286 1391 2383; x_wconf 84' lang='lat' dir='ltr'>Aragonie</span> <span class='ocrx_word' id='word_1_118' title='bbox 1418 2292 1454 2358; x_wconf 89' lang='lat' dir='ltr'>et</span> <span class='ocrx_word' id='word_1_119' title='bbox 1475 2286 1652 2360; x_wconf 85' lang='lat' dir='ltr'>Elnensis.</span> 
     </span>
     <span class='ocr_line' id='line_1_15' title="bbox 325 2411 1752 2510; baseline -0.006 -20"><span class='ocrx_word' id='word_1_120' title='bbox 325 2413 434 2490; x_wconf 86' lang='lat' dir='ltr'>Venit</span> <span class='ocrx_word' id='word_1_121' title='bbox 460 2413 532 2486; x_wconf 86' lang='lat' dir='ltr'>dux</span> <span class='ocrx_word' id='word_1_122' title='bbox 558 2411 686 2487; x_wconf 88' lang='lat' dir='ltr'>Urbini</span> <span class='ocrx_word' id='word_1_123' title='bbox 717 2411 903 2510; x_wconf 73' lang='lat' dir='ltr'>prefectus</span> <span class='ocrx_word' id='word_1_124' title='bbox 931 2421 965 2486; x_wconf 90' lang='lat' dir='ltr'>et</span> <span class='ocrx_word' id='word_1_125' title='bbox 991 2412 1163 2510; x_wconf 87' lang='lat' dir='ltr'>princeps</span> <span class='ocrx_word' id='word_1_126' title='bbox 1180 2411 1448 2487; x_wconf 87' lang='lat' dir='ltr'>&#39;Salernitenus</span> <span class='ocrx_word' id='word_1_127' title='bbox 1480 2411 1546 2507; x_wconf 89' lang='lat' dir='ltr'>qui</span> <span class='ocrx_word' id='word_1_128' title='bbox 1571 2417 1652 2498; x_wconf 91' lang='lat' dir='ltr'>tres,</span> <span class='ocrx_word' id='word_1_129' title='bbox 1751 2433 1752 2452; x_wconf 58' lang='lat'>*</span> 
     </span>
     <span class='ocr_line' id='line_1_16' title="bbox 327 2535 1656 2644; baseline -0.003 -32"><span class='ocrx_word' id='word_1_130' title='bbox 327 2539 537 2636; x_wconf 88' lang='lat' dir='ltr'>aliquorum</span> <span class='ocrx_word' id='word_1_131' title='bbox 553 2539 657 2636; x_wconf 90' lang='lat' dir='ltr'>jussu</span> <span class='ocrx_word' id='word_1_132' title='bbox 676 2537 930 2644; x_wconf 69' lang='lat' dir='ltr'>cardinalium,</span> <span class='ocrx_word' id='word_1_133' title='bbox 951 2537 1097 2610; x_wconf 84' lang='lat' dir='ltr'>fuerunt</span> <span class='ocrx_word' id='word_1_134' title='bbox 1109 2537 1201 2635; x_wconf 88' lang='lat' dir='ltr'>jussi</span> <span class='ocrx_word' id='word_1_135' title='bbox 1221 2536 1348 2610; x_wconf 90' lang='lat' dir='ltr'>sedere</span> <span class='ocrx_word' id='word_1_136' title='bbox 1365 2543 1448 2633; x_wconf 86' lang='lat' dir='ltr'>post</span> <span class='ocrx_word' id='word_1_137' title='bbox 1463 2535 1656 2610; x_wconf 87' lang='lat' dir='ltr'>Elnensem</span> 
     </span>
     <span class='ocr_line' id='line_1_17' title="bbox 327 2660 1656 2758; baseline -0.005 -20"><span class='ocrx_word' id='word_1_138' title='bbox 327 2667 363 2739; x_wconf 91' lang='lat' dir='ltr'>el</span> <span class='ocrx_word' id='word_1_139' title='bbox 380 2663 569 2737; x_wconf 90' lang='lat' dir='ltr'>sederunt.</span> <span class='ocrx_word' id='word_1_140' title='bbox 590 2662 694 2749; x_wconf 83' lang='lat' dir='ltr'>Quod</span> <span class='ocrx_word' id='word_1_141' title='bbox 706 2662 829 2736; x_wconf 88' lang='lat' dir='ltr'>videns</span> <span class='ocrx_word' id='word_1_142' title='bbox 847 2687 877 2739; x_wconf 87' lang='lat' dir='ltr'>s.</span> <span class='ocrx_word' id='word_1_143' title='bbox 898 2663 1022 2738; x_wconf 86' lang='lat' dir='ltr'>Crucis</span> <span class='ocrx_word' id='word_1_144' title='bbox 1040 2661 1223 2736; x_wconf 89' lang='lat' dir='ltr'>commisit</span> <span class='ocrx_word' id='word_1_145' title='bbox 1244 2661 1366 2735; x_wconf 86' lang='lat' dir='ltr'>Paridi</span> <span class='ocrx_word' id='word_1_146' title='bbox 1391 2661 1489 2758; x_wconf 91' lang='lat' dir='ltr'>quad</span> <span class='ocrx_word' id='word_1_147' title='bbox 1518 2685 1564 2735; x_wconf 88' lang='lat' dir='ltr'>eo</span> <span class='ocrx_word' id='word_1_148' title='bbox 1581 2660 1656 2738; x_wconf 91' lang='lat' dir='ltr'>loco</span> 
     </span>
     <span class='ocr_line' id='line_1_18' title="bbox 327 2786 1658 2866; baseline -0.005 0"><span class='ocrx_word' id='word_1_149' title='bbox 327 2791 464 2866; x_wconf 86' lang='lat' dir='ltr'>taceret</span> <span class='ocrx_word' id='word_1_150' title='bbox 481 2813 544 2862; x_wconf 88' lang='lat' dir='ltr'>eos</span> <span class='ocrx_word' id='word_1_151' title='bbox 559 2788 680 2863; x_wconf 87' lang='lat' dir='ltr'>levare</span> <span class='ocrx_word' id='word_1_152' title='bbox 698 2795 734 2862; x_wconf 89' lang='lat' dir='ltr'>et</span> <span class='ocrx_word' id='word_1_153' title='bbox 751 2789 836 2862; x_wconf 91' lang='lat' dir='ltr'>iude</span> <span class='ocrx_word' id='word_1_154' title='bbox 849 2789 1026 2864; x_wconf 88' lang='lat' dir='ltr'>recedere</span> <span class='ocrx_word' id='word_1_155' title='bbox 1045 2789 1132 2864; x_wconf 89' lang='lat' dir='ltr'>:sed</span> <span class='ocrx_word' id='word_1_156' title='bbox 1152 2791 1379 2862; x_wconf 84' lang='lat' dir='ltr'>manserunt.</span> <span class='ocrx_word' id='word_1_157' title='bbox 1399 2787 1552 2860; x_wconf 89' lang='lat' dir='ltr'>Missam</span> <span class='ocrx_word' id='word_1_158' title='bbox 1571 2786 1658 2860; x_wconf 89' lang='lat' dir='ltr'>cele·</span> 
     </span>
     <span class='ocr_line' id='line_1_19' title="bbox 327 2911 1658 3012; baseline -0.007 -19"><span class='ocrx_word' id='word_1_159' title='bbox 327 2915 444 2993; x_wconf 87' lang='lat' dir='ltr'>brevit</span> <span class='ocrx_word' id='word_1_160' title='bbox 458 2912 669 2988; x_wconf 88' lang='lat' dir='ltr'>Patriercha</span> <span class='ocrx_word' id='word_1_161' title='bbox 686 2914 953 2988; x_wconf 83' lang='lat' dir='ltr'>Alexandrinus</span> <span class='ocrx_word' id='word_1_162' title='bbox 973 2937 1056 2989; x_wconf 91' lang='lat' dir='ltr'>cum</span> <span class='ocrx_word' id='word_1_163' title='bbox 1075 2921 1239 3012; x_wconf 91' lang='lat' dir='ltr'>quopost</span> <span class='ocrx_word' id='word_1_164' title='bbox 1258 2913 1407 2988; x_wconf 88' lang='lat' dir='ltr'>missam</span> <span class='ocrx_word' id='word_1_165' title='bbox 1427 2911 1658 2986; x_wconf 87' lang='lat' dir='ltr'>absolverunt</span> 
     </span>
     <span class='ocr_line' id='line_1_20' title="bbox 330 3037 1654 3138; baseline -0.006 -21"><span class='ocrx_word' id='word_1_166' title='bbox 330 3039 577 3130; x_wconf 76' lang='lat' dir='ltr'>FlorentinuS,</span> <span class='ocrx_word' id='word_1_167' title='bbox 608 3039 827 3136; x_wconf 87' lang='lat' dir='ltr'>Regusinus,</span> <span class='ocrx_word' id='word_1_168' title='bbox 853 3039 1024 3114; x_wconf 90' lang='lat' dir='ltr'>Berensis</span> <span class='ocrx_word' id='word_1_169' title='bbox 1060 3043 1097 3114; x_wconf 90' lang='lat' dir='ltr'>et</span> <span class='ocrx_word' id='word_1_170' title='bbox 1132 3039 1347 3113; x_wconf 90' lang='lat' dir='ltr'>Tarentinus</span> <span class='ocrx_word' id='word_1_171' title='bbox 1377 3037 1654 3138; x_wconf 84' lang='lat' dir='ltr'>archiepiscopi.</span> 
     </span>
     <span class='ocr_line' id='line_1_21' title="bbox 329 3164 1655 3262; baseline -0.005 -22"><span class='ocrx_word' id='word_1_172' title='bbox 329 3164 589 3256; x_wconf 85' lang='lat' dir='ltr'>lnterluerunt,</span> <span class='ocrx_word' id='word_1_173' title='bbox 614 3164 705 3238; x_wconf 88' lang='lat' dir='ltr'>sieut</span> <span class='ocrx_word' id='word_1_174' title='bbox 725 3187 849 3262; x_wconf 90' lang='lat' dir='ltr'>supra,</span> <span class='ocrx_word' id='word_1_175' title='bbox 874 3169 1039 3240; x_wconf 87' lang='lat' dir='ltr'>oratores</span> <span class='ocrx_word' id='word_1_176' title='bbox 1063 3165 1157 3262; x_wconf 90' lang='lat' dir='ltr'>regis</span> <span class='ocrx_word' id='word_1_177' title='bbox 1180 3169 1442 3254; x_wconf 87' lang='lat' dir='ltr'>Romanorum,</span> <span class='ocrx_word' id='word_1_178' title='bbox 1468 3164 1655 3252; x_wconf 85' lang='lat' dir='ltr'>Lucensis,</span> 
     </span>
     <span class='ocr_line' id='line_1_22' title="bbox 327 3289 1658 3387; baseline -0.006 -19"><span class='ocrx_word' id='word_1_179' title='bbox 327 3294 567 3378; x_wconf 72' lang='lat' dir='ltr'>Venetorum,</span> <span class='ocrx_word' id='word_1_180' title='bbox 590 3289 818 3364; x_wconf 90' lang='lat' dir='ltr'>Florentinus</span> <span class='ocrx_word' id='word_1_181' title='bbox 837 3289 898 3386; x_wconf 90' lang='lat' dir='ltr'>qui</span> <span class='ocrx_word' id='word_1_182' title='bbox 923 3291 1098 3364; x_wconf 89' lang='lat' dir='ltr'>sederunt</span> <span class='ocrx_word' id='word_1_183' title='bbox 1118 3289 1224 3364; x_wconf 91' lang='lat' dir='ltr'>simul</span> <span class='ocrx_word' id='word_1_184' title='bbox 1248 3313 1358 3387; x_wconf 85' lang='lat' dir='ltr'>supra</span> <span class='ocrx_word' id='word_1_185' title='bbox 1380 3311 1528 3362; x_wconf 87' lang='lat' dir='ltr'>scamna</span> <span class='ocrx_word' id='word_1_186' title='bbox 1545 3290 1658 3386; x_wconf 88' lang='lat' dir='ltr'>posite</span> 
     </span>
     <span class='ocr_line' id='line_1_23' title="bbox 327 3415 1657 3514; baseline -0.002 -25"><span class='ocrx_word' id='word_1_187' title='bbox 327 3416 432 3514; x_wconf 87' lang='lat' dir='ltr'>juxta</span> <span class='ocrx_word' id='word_1_188' title='bbox 452 3438 601 3490; x_wconf 86' lang='lat' dir='ltr'>scamna</span> <span class='ocrx_word' id='word_1_189' title='bbox 620 3415 865 3514; x_wconf 73' lang='lat' dir='ltr'>prelatorum,</span> <span class='ocrx_word' id='word_1_190' title='bbox 890 3421 1057 3490; x_wconf 83' lang='lat' dir='ltr'>centones</span> <span class='ocrx_word' id='word_1_191' title='bbox 1081 3415 1323 3489; x_wconf 83' lang='lat' dir='ltr'>interfuerunt</span> <span class='ocrx_word' id='word_1_192' title='bbox 1343 3439 1426 3489; x_wconf 91' lang='lat' dir='ltr'>cum</span> <span class='ocrx_word' id='word_1_193' title='bbox 1448 3415 1604 3490; x_wconf 88' lang='lat' dir='ltr'>diacono</span> <span class='ocrx_word' id='word_1_194' title='bbox 1626 3419 1657 3486; x_wconf 89' lang='lat' dir='ltr'>et</span> 
     </span>
     <span class='ocr_line' id='line_1_24' title="bbox 323 3541 1656 3640; baseline -0.005 -24"><span class='ocrx_word' id='word_1_195' title='bbox 323 3541 554 3616; x_wconf 86' lang='lat' dir='ltr'>subdiacono</span> <span class='ocrx_word' id='word_1_196' title='bbox 573 3541 723 3638; x_wconf 87' lang='lat' dir='ltr'>capelle.</span> <span class='ocrx_word' id='word_1_197' title='bbox 745 3541 955 3616; x_wconf 84' lang='lat' dir='ltr'>Orationem</span> <span class='ocrx_word' id='word_1_198' title='bbox 970 3541 1090 3616; x_wconf 89' lang='lat' dir='ltr'>locere</span> <span class='ocrx_word' id='word_1_199' title='bbox 1106 3542 1263 3615; x_wconf 87' lang='lat' dir='ltr'>debebat</span> <span class='ocrx_word' id='word_1_200' title='bbox 1276 3541 1471 3640; x_wconf 89' lang='lat' dir='ltr'>episcopus</span> <span class='ocrx_word' id='word_1_201' title='bbox 1485 3541 1656 3639; x_wconf 79' lang='lat' dir='ltr'>Aquinus,</span> 
     </span>
     <span class='ocr_line' id='line_1_25' title="bbox 329 3665 1657 3766; baseline -0.005 -24"><span class='ocrx_word' id='word_1_202' title='bbox 329 3671 454 3742; x_wconf 90' lang='lat' dir='ltr'>orator</span> <span class='ocrx_word' id='word_1_203' title='bbox 471 3667 570 3766; x_wconf 87' lang='lat' dir='ltr'>regis</span> <span class='ocrx_word' id='word_1_204' title='bbox 587 3672 836 3742; x_wconf 87' lang='lat' dir='ltr'>Romanorum</span> <span class='ocrx_word' id='word_1_205' title='bbox 855 3667 916 3762; x_wconf 94' lang='lat' dir='ltr'>qui</span> <span class='ocrx_word' id='word_1_206' title='bbox 936 3667 1078 3762; x_wconf 87' lang='lat' dir='ltr'>fingens</span> <span class='ocrx_word' id='word_1_207' title='bbox 1106 3691 1145 3741; x_wconf 88' lang='lat' dir='ltr'>se</span> <span class='ocrx_word' id='word_1_208' title='bbox 1169 3666 1357 3740; x_wconf 84' lang='lat' dir='ltr'>infirmum</span> <span class='ocrx_word' id='word_1_209' title='bbox 1380 3689 1453 3739; x_wconf 91' lang='lat' dir='ltr'>non</span> <span class='ocrx_word' id='word_1_210' title='bbox 1473 3665 1562 3740; x_wconf 87' lang='lat' dir='ltr'>lecit</span> <span class='ocrx_word' id='word_1_211' title='bbox 1579 3687 1657 3738; x_wconf 85' lang='lat' dir='ltr'>ora-</span> 
     </span>
     <span class='ocr_line' id='line_1_26' title="bbox 330 3791 1654 3891; baseline -0.004 -25"><span class='ocrx_word' id='word_1_212' title='bbox 330 3792 480 3867; x_wconf 90' lang='lat' dir='ltr'>tionem.</span> <span class='ocrx_word' id='word_1_213' title='bbox 499 3795 538 3865; x_wconf 94' lang='lat' dir='ltr'>ln</span> <span class='ocrx_word' id='word_1_214' title='bbox 556 3793 689 3885; x_wconf 91' lang='lat' dir='ltr'>media,</span> <span class='ocrx_word' id='word_1_215' title='bbox 711 3817 820 3890; x_wconf 90' lang='lat' dir='ltr'>supor</span> <span class='ocrx_word' id='word_1_216' title='bbox 837 3793 951 3866; x_wconf 87' lang='lat' dir='ltr'>altere</span> <span class='ocrx_word' id='word_1_217' title='bbox 970 3793 1101 3891; x_wconf 87' lang='lat' dir='ltr'>majus,</span> <span class='ocrx_word' id='word_1_218' title='bbox 1122 3797 1340 3866; x_wconf 87' lang='lat' dir='ltr'>erenterma</span> <span class='ocrx_word' id='word_1_219' title='bbox 1353 3791 1654 3888; x_wconf 88' lang='lat' dir='ltr'>reginedeluncte</span> 
     </span>
     <span class='ocr_line' id='line_1_27' title="bbox 323 3917 1654 4015; baseline -0.004 -25"><span class='ocrx_word' id='word_1_220' title='bbox 323 3917 428 4015; x_wconf 85' lang='lat' dir='ltr'>juxta</span> <span class='ocrx_word' id='word_1_221' title='bbox 453 3940 523 4012; x_wconf 89' lang='lat' dir='ltr'>que</span> <span class='ocrx_word' id='word_1_222' title='bbox 547 3917 583 3989; x_wconf 93' lang='lat' dir='ltr'>in</span> <span class='ocrx_word' id='word_1_223' title='bbox 608 3917 721 3992; x_wconf 86' lang='lat' dir='ltr'>latere</span> <span class='ocrx_word' id='word_1_224' title='bbox 748 3919 874 3991; x_wconf 88' lang='lat' dir='ltr'>dextro</span> <span class='ocrx_word' id='word_1_225' title='bbox 896 3925 973 3992; x_wconf 89' lang='lat' dir='ltr'>eret</span> <span class='ocrx_word' id='word_1_226' title='bbox 994 3918 1220 4014; x_wconf 89' lang='lat' dir='ltr'>descriptum</span> <span class='ocrx_word' id='word_1_227' title='bbox 1251 3941 1258 3990; x_wconf 93' lang='lat'>:</span> <span class='ocrx_word' id='word_1_228' title='bbox 1284 3917 1350 3989; x_wconf 84' lang='lat' dir='ltr'>sub</span> <span class='ocrx_word' id='word_1_229' title='bbox 1371 3917 1495 3990; x_wconf 79' lang='lat' dir='ltr'>urabra</span> <span class='ocrx_word' id='word_1_230' title='bbox 1521 3917 1654 3988; x_wconf 86' lang='lat' dir='ltr'>olorum</span> 
     </span>
     <span class='ocr_line' id='line_1_28' title="bbox 331 4040 1657 4140; baseline -0.002 -26"><span class='ocrx_word' id='word_1_231' title='bbox 331 4054 472 4115; x_wconf 83' lang='lat' dir='ltr'>marum</span> <span class='ocrx_word' id='word_1_232' title='bbox 481 4055 627 4140; x_wconf 68' lang='lat' dir='ltr'>prateae</span> <span class='ocrx_word' id='word_1_233' title='bbox 641 4067 715 4115; x_wconf 80' lang='lat' dir='ltr'>aeas.</span> <span class='ocrx_word' id='word_1_234' title='bbox 734 4044 808 4118; x_wconf 87' lang='lat' dir='ltr'>Sub</span> <span class='ocrx_word' id='word_1_235' title='bbox 825 4043 936 4116; x_wconf 89' lang='lat' dir='ltr'>armis</span> <span class='ocrx_word' id='word_1_236' title='bbox 955 4044 1130 4140; x_wconf 88' lang='lat' dir='ltr'>scriptum</span> <span class='ocrx_word' id='word_1_237' title='bbox 1148 4047 1227 4116; x_wconf 91' lang='lat' dir='ltr'>erat</span> <span class='ocrx_word' id='word_1_238' title='bbox 1247 4067 1254 4116; x_wconf 91' lang='lat'>:</span> <span class='ocrx_word' id='word_1_239' title='bbox 1272 4041 1368 4116; x_wconf 85' lang='lat' dir='ltr'>Dion</span> <span class='ocrx_word' id='word_1_240' title='bbox 1381 4041 1581 4131; x_wconf 76' lang='lat' dir='ltr'>Elisabeth,</span> <span class='ocrx_word' id='word_1_241' title='bbox 1593 4040 1657 4113; x_wconf 83' lang='lat' dir='ltr'>Dei</span> 
     </span>
     <span class='ocr_line' id='line_1_29' title="bbox 327 4165 1657 4266; baseline -0.005 -24"><span class='ocrx_word' id='word_1_242' title='bbox 327 4169 448 4265; x_wconf 77' lang='lat' dir='ltr'>pratia</span> <span class='ocrx_word' id='word_1_243' title='bbox 475 4167 750 4266; x_wconf 77' lang='lat' dir='ltr'>Hispaniarum,</span> <span class='ocrx_word' id='word_1_244' title='bbox 788 4170 972 4266; x_wconf 71' lang='lat' dir='ltr'>citcturque</span> <span class='ocrx_word' id='word_1_245' title='bbox 1006 4169 1126 4242; x_wconf 81' lang='lat' dir='ltr'>Sicilie</span> <span class='ocrx_word' id='word_1_246' title='bbox 1162 4182 1195 4243; x_wconf 89' lang='lat' dir='ltr'>et</span> <span class='ocrx_word' id='word_1_247' title='bbox 1230 4167 1460 4242; x_wconf 76' lang='lat' dir='ltr'>Hierusalem</span> <span class='ocrx_word' id='word_1_248' title='bbox 1494 4165 1657 4241; x_wconf 77' lang='lat' dir='ltr'>catholica</span> 
     </span>
     <span class='ocr_line' id='line_1_30' title="bbox 328 4291 1656 4392; baseline -0.005 -25"><span class='ocrx_word' id='word_1_249' title='bbox 328 4293 465 4391; x_wconf 79' lang='lat' dir='ltr'>rapina,</span> <span class='ocrx_word' id='word_1_250' title='bbox 479 4296 735 4390; x_wconf 84' lang='lat' dir='ltr'>potentissima,</span> <span class='ocrx_word' id='word_1_251' title='bbox 749 4295 1032 4384; x_wconf 82' lang='lat' dir='ltr'>clementissima,</span> <span class='ocrx_word' id='word_1_252' title='bbox 1047 4319 1185 4392; x_wconf 88' lang='lat' dir='ltr'>semper</span> <span class='ocrx_word' id='word_1_253' title='bbox 1195 4307 1363 4392; x_wconf 75' lang='lat' dir='ltr'>asapersta.</span> <span class='ocrx_word' id='word_1_254' title='bbox 1386 4296 1425 4366; x_wconf 93' lang='lat' dir='ltr'>ln</span> <span class='ocrx_word' id='word_1_255' title='bbox 1443 4291 1561 4365; x_wconf 90' lang='lat' dir='ltr'>muris</span> <span class='ocrx_word' id='word_1_256' title='bbox 1578 4291 1656 4363; x_wconf 90' lang='lat' dir='ltr'>hine</span> 
     </span>
     <span class='ocr_line' id='line_1_31' title="bbox 328 4413 1654 4516; baseline -0.006 -24"><span class='ocrx_word' id='word_1_257' title='bbox 328 4420 413 4493; x_wconf 88' lang='lat' dir='ltr'>inde</span> <span class='ocrx_word' id='word_1_258' title='bbox 428 4419 532 4516; x_wconf 84' lang='lat' dir='ltr'>juxte</span> <span class='ocrx_word' id='word_1_259' title='bbox 549 4419 663 4493; x_wconf 88' lang='lat' dir='ltr'>altere</span> <span class='ocrx_word' id='word_1_260' title='bbox 681 4419 788 4491; x_wconf 78' lang='lat' dir='ltr'>affixe</span> <span class='ocrx_word' id='word_1_261' title='bbox 807 4425 910 4492; x_wconf 90' lang='lat' dir='ltr'>erant</span> <span class='ocrx_word' id='word_1_262' title='bbox 928 4421 998 4493; x_wconf 90' lang='lat' dir='ltr'>due</span> <span class='ocrx_word' id='word_1_263' title='bbox 1017 4421 1147 4494; x_wconf 89' lang='lat' dir='ltr'>cedule</span> <span class='ocrx_word' id='word_1_264' title='bbox 1171 4419 1207 4492; x_wconf 95' lang='lat' dir='ltr'>in</span> <span class='ocrx_word' id='word_1_265' title='bbox 1232 4420 1362 4516; x_wconf 89' lang='lat' dir='ltr'>quibus</span> <span class='ocrx_word' id='word_1_266' title='bbox 1382 4417 1516 4490; x_wconf 88' lang='lat' dir='ltr'>litteris</span> <span class='ocrx_word' id='word_1_267' title='bbox 1541 4413 1654 4489; x_wconf 89' lang='lat' dir='ltr'>eureis</span> 
     </span>
     <span class='ocr_line' id='line_1_32' title="bbox 330 4543 1655 4641; baseline -0.005 -26"><span class='ocrx_word' id='word_1_268' title='bbox 330 4543 505 4641; x_wconf 88' lang='lat' dir='ltr'>scriptum</span> <span class='ocrx_word' id='word_1_269' title='bbox 522 4551 600 4618; x_wconf 90' lang='lat' dir='ltr'>eret</span> <span class='ocrx_word' id='word_1_270' title='bbox 621 4567 629 4616; x_wconf 91' lang='lat'>:</span> <span class='ocrx_word' id='word_1_271' title='bbox 650 4543 804 4616; x_wconf 71' lang='lat' dir='ltr'>dilexisti</span> <span class='ocrx_word' id='word_1_272' title='bbox 820 4544 1003 4639; x_wconf 84' lang='lat' dir='ltr'>justitiam</span> <span class='ocrx_word' id='word_1_273' title='bbox 1029 4555 1063 4616; x_wconf 85' lang='lat' dir='ltr'>et</span> <span class='ocrx_word' id='word_1_274' title='bbox 1081 4544 1186 4616; x_wconf 84' lang='lat' dir='ltr'>odisti</span> <span class='ocrx_word' id='word_1_275' title='bbox 1208 4544 1453 4639; x_wconf 60' lang='lat' dir='ltr'>iniquitatem</span> <span class='ocrx_word' id='word_1_276' title='bbox 1475 4554 1655 4638; x_wconf 80' lang='lat' dir='ltr'>propterea</span> 
     </span>
     <span class='ocr_line' id='line_1_33' title="bbox 329 4663 1655 4766; baseline -0.002 -26"><span class='ocrx_word' id='word_1_277' title='bbox 329 4670 435 4742; x_wconf 76' lang='lat' dir='ltr'>arcuit</span> <span class='ocrx_word' id='word_1_278' title='bbox 450 4681 483 4742; x_wconf 86' lang='lat' dir='ltr'>te</span> <span class='ocrx_word' id='word_1_279' title='bbox 501 4669 610 4758; x_wconf 85' lang='lat' dir='ltr'>Deus,</span> <span class='ocrx_word' id='word_1_280' title='bbox 627 4668 728 4742; x_wconf 72' lang='lat' dir='ltr'>Deras</span> <span class='ocrx_word' id='word_1_281' title='bbox 742 4681 836 4760; x_wconf 76' lang='lat' dir='ltr'>acus,</span> <span class='ocrx_word' id='word_1_282' title='bbox 854 4669 927 4742; x_wconf 88' lang='lat' dir='ltr'>oleo</span> <span class='ocrx_word' id='word_1_283' title='bbox 942 4670 1051 4742; x_wconf 84' lang='lat' dir='ltr'>letitie</span> <span class='ocrx_word' id='word_1_284' title='bbox 1057 4693 1127 4766; x_wconf 82' lang='lat' dir='ltr'>pro</span> <span class='ocrx_word' id='word_1_285' title='bbox 1138 4668 1354 4742; x_wconf 82' lang='lat' dir='ltr'>consortibus</span> <span class='ocrx_word' id='word_1_286' title='bbox 1369 4667 1453 4757; x_wconf 84' lang='lat' dir='ltr'>tuis,</span> <span class='ocrx_word' id='word_1_287' title='bbox 1467 4691 1537 4762; x_wconf 85' lang='lat' dir='ltr'>pro</span> <span class='ocrx_word' id='word_1_288' title='bbox 1545 4663 1655 4763; x_wconf 82' lang='lat' dir='ltr'>putri-</span> 
     </span>
     <span class='ocr_line' id='line_1_34' title="bbox 331 4793 1752 4892; baseline -0.003 -28"><span class='ocrx_word' id='word_1_289' title='bbox 331 4793 393 4865; x_wconf 85' lang='lat' dir='ltr'>dus</span> <span class='ocrx_word' id='word_1_290' title='bbox 409 4793 498 4886; x_wconf 79' lang='lat' dir='ltr'>tuis:</span> <span class='ocrx_word' id='word_1_291' title='bbox 514 4794 592 4866; x_wconf 83' lang='lat' dir='ltr'>auti</span> <span class='ocrx_word' id='word_1_292' title='bbox 614 4805 700 4865; x_wconf 82' lang='lat' dir='ltr'>sum</span> <span class='ocrx_word' id='word_1_293' title='bbox 714 4793 774 4864; x_wconf 84' lang='lat' dir='ltr'>tibi</span> <span class='ocrx_word' id='word_1_294' title='bbox 787 4793 880 4890; x_wconf 76' lang='lat' dir='ltr'>fibi,-</span> <span class='ocrx_word' id='word_1_295' title='bbox 901 4795 1089 4866; x_wconf 84' lang='lat' dir='ltr'>constitues</span> <span class='ocrx_word' id='word_1_296' title='bbox 1106 4794 1287 4892; x_wconf 81' lang='lat' dir='ltr'>principes</span> <span class='ocrx_word' id='word_1_297' title='bbox 1310 4816 1416 4890; x_wconf 86' lang='lat' dir='ltr'>super</span> <span class='ocrx_word' id='word_1_298' title='bbox 1436 4815 1575 4864; x_wconf 84' lang='lat' dir='ltr'>oaaaem</span> <span class='ocrx_word' id='word_1_299' title='bbox 1594 4801 1654 4861; x_wconf 86' lang='lat' dir='ltr'>ter·</span> <span class='ocrx_word' id='word_1_300' title='bbox 1751 4829 1752 4834; x_wconf 65' lang='lat'>,</span> 
     </span>
     <span class='ocr_line' id='line_1_35' title="bbox 330 4918 1752 5012; baseline 0.001 -21"><span class='ocrx_word' id='word_1_301' title='bbox 330 4943 420 4992; x_wconf 85' lang='lat' dir='ltr'>ram.</span> <span class='ocrx_word' id='word_1_302' title='bbox 440 4961 489 4972; x_wconf 91' lang='lat'>-</span> <span class='ocrx_word' id='word_1_303' title='bbox 507 4921 637 4991; x_wconf 88' lang='lat' dir='ltr'>Ferme</span> <span class='ocrx_word' id='word_1_304' title='bbox 655 4918 766 4991; x_wconf 87' lang='lat' dir='ltr'>castri</span> <span class='ocrx_word' id='word_1_305' title='bbox 785 4918 922 4992; x_wconf 89' lang='lat' dir='ltr'>doloris</span> <span class='ocrx_word' id='word_1_306' title='bbox 940 4927 993 4993; x_wconf 92' lang='lat' dir='ltr'>est</span> <span class='ocrx_word' id='word_1_307' title='bbox 1012 4918 1129 4992; x_wconf 87' lang='lat' dir='ltr'>inalia</span> <span class='ocrx_word' id='word_1_308' title='bbox 1147 4925 1262 4992; x_wconf 88' lang='lat' dir='ltr'>carta.</span> <span class='ocrx_word' id='word_1_309' title='bbox 1751 4997 1752 5012; x_wconf 50' lang='lat'>,</span> 
     </span>
    </p>

    <p class='ocr_par' dir='ltr' id='par_1_4' title="bbox 331 5017 1752 5383">
     <span class='ocr_line' id='line_1_36' title="bbox 380 5042 1653 5140; baseline 0.001 -24"><span class='ocrx_word' id='word_1_310' title='bbox 380 5043 554 5132; x_wconf 89' lang='lat' dir='ltr'>Sabbeto,</span> <span class='ocrx_word' id='word_1_311' title='bbox 573 5049 585 5114; x_wconf 91' lang='lat' dir='ltr'>l</span> <span class='ocrx_word' id='word_1_312' title='bbox 604 5043 737 5131; x_wconf 89' lang='lat' dir='ltr'>martii,</span> <span class='ocrx_word' id='word_1_313' title='bbox 753 5042 1166 5138; x_wconf 86' lang='lat' dir='ltr'>lueruntexequicbone</span> <span class='ocrx_word' id='word_1_314' title='bbox 1182 5043 1359 5118; x_wconf 90' lang='lat' dir='ltr'>memorie</span> <span class='ocrx_word' id='word_1_315' title='bbox 1373 5043 1535 5140; x_wconf 87' lang='lat' dir='ltr'>episcopi</span> <span class='ocrx_word' id='word_1_316' title='bbox 1553 5046 1653 5116; x_wconf 88' lang='lat' dir='ltr'>Cese-</span> 
     </span>
     <span class='ocr_line' id='line_1_37' title="bbox 332 5163 1654 5266; baseline -0.002 -27"><span class='ocrx_word' id='word_1_317' title='bbox 332 5167 494 5240; x_wconf 90' lang='lat' dir='ltr'>natcusis</span> <span class='ocrx_word' id='word_1_318' title='bbox 520 5167 558 5240; x_wconf 92' lang='lat' dir='ltr'>in</span> <span class='ocrx_word' id='word_1_319' title='bbox 583 5165 741 5240; x_wconf 90' lang='lat' dir='ltr'>ecclesia</span> <span class='ocrx_word' id='word_1_320' title='bbox 757 5167 918 5257; x_wconf 80' lang='lat' dir='ltr'>Araceli3</span> <span class='ocrx_word' id='word_1_321' title='bbox 945 5167 1095 5241; x_wconf 88' lang='lat' dir='ltr'>missam</span> <span class='ocrx_word' id='word_1_322' title='bbox 1119 5168 1314 5242; x_wconf 89' lang='lat' dir='ltr'>celebravit</span> <span class='ocrx_word' id='word_1_323' title='bbox 1334 5167 1503 5266; x_wconf 81' lang='lat' dir='ltr'>Aloysius</span> <span class='ocrx_word' id='word_1_324' title='bbox 1530 5163 1654 5264; x_wconf 87' lang='lat' dir='ltr'>Repel-</span> 
     </span>
     <span class='ocr_line' id='line_1_38' title="bbox 331 5281 1752 5383; baseline -0.005 -20"><span class='ocrx_word' id='word_1_325' title='bbox 331 5291 449 5364; x_wconf 87' lang='lat' dir='ltr'>lauus.</span> <span class='ocrx_word' id='word_1_326' title='bbox 470 5290 719 5364; x_wconf 89' lang='lat' dir='ltr'>lnterluerunt</span> <span class='ocrx_word' id='word_1_327' title='bbox 733 5295 808 5365; x_wconf 90' lang='lat' dir='ltr'>tres</span> <span class='ocrx_word' id='word_1_328' title='bbox 824 5291 1038 5382; x_wconf 86' lang='lat' dir='ltr'>cardinales,</span> <span class='ocrx_word' id='word_1_329' title='bbox 1056 5292 1224 5366; x_wconf 84' lang='lat' dir='ltr'>videlicet</span> <span class='ocrx_word' id='word_1_330' title='bbox 1239 5315 1269 5366; x_wconf 87' lang='lat' dir='ltr'>s.</span> <span class='ocrx_word' id='word_1_331' title='bbox 1294 5291 1478 5383; x_wconf 85' lang='lat' dir='ltr'>Praxedis,</span> <span class='ocrx_word' id='word_1_332' title='bbox 1491 5315 1521 5364; x_wconf 91' lang='lat' dir='ltr'>s.</span> <span class='ocrx_word' id='word_1_333' title='bbox 1541 5287 1655 5364; x_wconf 85' lang='lat' dir='ltr'>Crucis</span> <span class='ocrx_word' id='word_1_334' title='bbox 1751 5281 1752 5320; x_wconf 68' lang='lat'>³</span> 
     </span>
    </p>
   </div>
   <div class='ocr_carea' id='block_1_3' title="bbox 0 0 1767 6036">
    <p class='ocr_par' dir='ltr' id='par_1_5' title="bbox 0 0 1767 6036">
     <span class='ocr_line' id='line_1_39' title="bbox 0 0 1767 6036; baseline 0 0"><span class='ocrx_word' id='word_1_335' title='bbox 0 0 1767 6036; x_wconf 95' lang='lat' dir='ltr'> </span> 
     </span>
    </p>
   </div>
  </div>
 </body>
</html>
