3520 6036
289 521 342 576 ave
625 567 629 572 .
743 491 918 572 vouadurs
942 514 1164 582 succussor,
1379 517 1540 578 [novemus
1554 519 1624 580 vsvs]

290 672 456 761 interra,
478 674 563 744 ante
581 669 709 758 altare,
734 667 984 745 Narbonensis
1010 693 1031 742 a
1056 669 1195 742 dextris
1219 675 1256 744 et
1278 670 1504 744 Nlimatensis
1532 671 1625 744 asi-

289 797 411 870 nistris
446 800 494 885 et,
526 795 624 868 dicta
651 794 831 883 oratione,
864 800 1101 868 recesserunt
1136 796 1182 870 ad
1210 796 1465 870 consistorium
1497 819 1624 871 omnes

290 921 495 996 cardinales
513 921 557 993 ad
583 921 663 992 loca
682 943 760 1008 sua,
781 919 947 1016 exceptis
966 925 1121 1016 quatuor
1144 921 1359 996 ductoribus
1378 921 1623 995 cardinalibus

289 1047 351 1144 qui
369 1069 452 1119 cum
470 1045 612 1120 duobus
631 1045 733 1118 novis
750 1051 987 1119 accesserunt
1012 1046 1057 1118 ad
1077 1046 1208 1118 solium
1229 1050 1338 1144 Papa,
1360 1053 1397 1118 ct
1416 1051 1517 1143 Papa
1536 1069 1623 1118 con·

288 1171 399 1245 cessit
417 1171 598 1268 capellum
616 1169 772 1244 rubeum
787 1170 1014 1244 Narbonensi
1030 1171 1164 1268 primo,
1183 1171 1315 1244 deinde
1333 1170 1544 1246 nvimatensi
1561 1171 1624 1244 sub

290 1297 408 1372 verbis
425 1296 565 1370 solitis:
587 1295 770 1392 capellum
798 1295 1046 1370 Narbonensis
1067 1296 1185 1370 tenuit
1204 1296 1277 1369 sive
1294 1296 1422 1370 babuit
1436 1295 1624 1369 lohannes

289 1421 471 1496 ltlaltheus
483 1421 527 1496 da
538 1421 726 1511 Sartoriis,
739 1421 958 1496 secretarius
969 1424 1080 1518 Papa,
1095 1427 1132 1494 et
1142 1421 1369 1495 Mimatensis
1381 1425 1423 1494 D.
1437 1421 1624 1495 lohannes

291 1547 508 1620 Franciscus
531 1546 740 1637 Alberinus,
773 1546 915 1643 primus
940 1552 1177 1620 conservator
1204 1569 1348 1620 camere
1374 1545 1496 1619 Urbis.
1524 1546 1625 1620 Datis

290 1671 453 1769 capellis,
473 1675 571 1768 Papa
590 1694 673 1744 cum
693 1670 943 1744 cardinalibus
957 1671 1066 1746 rediit
1082 1671 1127 1744 ad
1144 1693 1330 1746 cameram
1347 1669 1532 1768 Papagalli
1549 1670 1621 1758 ubi,

289 1795 465 1892 depositis
480 1819 547 1897 per
564 1798 699 1891 Papam
710 1795 948 1890 paramentis,
964 1795 1168 1869 cardinales
1180 1795 1449 1868 associaverunt
1461 1793 1623 1892 legatum

291 1915 455 1994 et'uovos
470 1919 673 1993 cardinales
690 1919 736 1992 ad
753 1918 902 1992 domum
918 1920 1190 2010 Recanatensis,
1208 1920 1245 1992 in
1262 1920 1390 1993 ultimo
1406 1919 1504 2007 loco,
1528 1920 1622 1992 inter

291 2045 449 2118 ltledices
466 2048 547 2118 ets.
569 2042 745 2130 Severini,
764 2044 1013 2119 Narbonensis
1029 2045 1066 2118 iu
1085 2044 1313 2142 precedenti,
1332 2043 1560 2116 Nlimatensis
1575 2044 1624 2114 in-

292 2176 349 2242 ter
367 2169 579 2243 Cesariuum
595 2171 632 2241 et
650 2167 862 2242 Faruesium
884 2194 892 2242 :
915 2169 1162 2244 interfuerunt
1185 2171 1243 2244 alii
1261 2170 1384 2269 viginti
1401 2169 1621 2258 cardinales,

292 2293 460 2367 videlicet
489 2318 496 2366 :
527 2292 798 2390 Neapolitanus,
823 2297 1097 2386 RecanateusiS,
1126 2320 1155 2368 a.
1183 2295 1377 2385 Pravedis‚
1402 2319 1432 2367 s.
1458 2295 1620 2391 Georgii,

293 2417 577 2507 Alexandrinus,
596 2417 805 2508 Grimanm,
829 2419 1060 2508 Arboreusis,
1081 2419 1281 2517 Regiensis
1305 2418 1538 2507 Guscntinus',
1561 2420 1625 2491 Sa-

293 2542 511 2632 lernitauus,
529 2542 830 2640 caputaquensis,
848 2546 1044 2635 Cumanus,
1069 2544 1323 2632 Bononiensis,
1344 2543 1623 2622 Volaterranos,

284 2668 337 2740 de
377 2666 506 2756 Flisco,
529 2667 722 2759 Adrianus,
752 2668 950 2766 aragonia,
983 2669 1127 2766 Borgia,
1162 2668 1353 2742 Cornelius
1387 2673 1423 2740 ct
1449 2672 1626 2770 Constan-

296 2790 570 2887 tinopolitanus.
613 2795 838 2865 Pranserunt
876 2791 912 2864 in
953 2791 1062 2866 domo
1097 2793 1356 2866 Recanatensis
1385 2814 1469 2866 cum
1506 2792 1627 2864 cardi-

295 2915 437 2988 nalibus
464 2915 652 2988 associatis
688 2916 952 2992 volaterranus
984 2922 1021 2990 et
1050 2941 1081 2990 s.
1110 2916 1287 3005 Severini,
1319 2922 1355 2990 ct
1384 2939 1452 3014 ego
1488 2916 1526 2988 in
1557 2917 1628 2990 alia

296 3063 425 3114 mensa
448 3064 517 3136 pro
541 3040 692 3136 prelatis
710 3047 852 3137 parata,
885 3041 920 3114 in
949 3064 1021 3138 qua
1042 3041 1087 3114 ab
1112 3065 1185 3114 uuo
1208 3041 1327 3138 capite
1357 3041 1530 3116 sederunt
1553 3051 1629 3115 tres

297 3168 587 3254 conservatores,
616 3165 662 3238 ab
688 3165 759 3238 alio
779 3166 897 3263 capite
927 3166 1118 3263 episcopus
1140 3166 1461 3262 Melopotamensis
1486 3173 1523 3240 et
1544 3191 1626 3264 ego,

298 3295 334 3362 et
349 3289 444 3362 inter
460 3312 527 3362 nos
550 3294 690 3388 septem
707 3291 763 3364 vel
780 3299 863 3366 octo
882 3291 1061 3388 capellani
1079 3291 1382 3391 Rothomageusis
1400 3297 1437 3365 et
1456 3292 1528 3364 duo
1548 3298 1630 3389 post

297 3437 377 3488 nos.
1360 3436 1364 3444 ·

348 3539 485 3612 Eadem
505 3539 563 3614 dic
577 3539 676 3630 lune,
692 3539 736 3614 de
750 3539 922 3614 mandato
942 3545 1050 3640 Papa,
1072 3551 1154 3640 post
1170 3543 1357 3640 publicum
1370 3543 1632 3617 consistorium

299 3665 367 3740 leci
391 3665 559 3738 intimare
582 3665 841 3762 equitationem
867 3665 912 3740 ad
940 3669 1161 3742 Lateranum
1192 3691 1261 3764 pro
1291 3671 1452 3744 crastina
1478 3669 1537 3742 die
1567 3693 1633 3764 per

300 3813 483 3881 cursores,
505 3789 633 3886 quibus
651 3790 735 3864 dadi
753 3790 921 3864 cedulam
946 3793 1083 3866 tenoris
1106 3793 1382 3890 subsequentis:
1404 3824 1420 3857 «
1437 3793 1632 3868 lntimelur

300 3917 358 3989 dic
381 3915 632 4010 crastinaque
661 3915 732 3989 erit
757 3915 882 3989 martis
906 3922 927 3990 5
954 3917 1174 4008 decembris,
1204 3919 1232 3991 si
1254 3943 1327 3993 uon
1352 3919 1464 4017 pluet,
1493 3922 1558 3994 SS.
1587 3923 1628 3992 1).

301 4045 427 4114 noster
444 4038 566 4113 audiet
584 4039 731 4114 missam
747 4041 824 4114 sinc
840 4047 948 4116 cantu
965 4041 1001 4115 in
1016 4043 1155 4141 capella
1169 4044 1239 4116 divi
1254 4045 1400 4118 Andree
1414 4048 1451 4118 et
1464 4045 1630 4142 Gregorii

302 4165 339 4236 in
357 4163 506 4238 basilica
524 4189 552 4237 s.
575 4165 672 4239 Petri
690 4173 725 4238 et
742 4166 827 4240 inde
839 4168 1045 4242 cardinales
1063 4175 1098 4242 et
1109 4169 1238 4266 prelati
1254 4169 1292 4242 in
1305 4169 1528 4267 paramentis
1541 4169 1632 4242 albis

303 4290 503 4363 ascendent
520 4289 636 4364 mulas
654 4314 737 4365 suas
762 4297 954 4389 coopertas
980 4294 1177 4390 equitaturi
1202 4302 1313 4391 prout
1337 4294 1424 4368 alias
1446 4294 1513 4367 luit
1533 4293 1633 4367 ordi-

303 4421 446 4506 natum;
466 4419 502 4488 et
517 4417 838 4512 processionaliter
851 4418 1068 4514 equitabunt
1081 4420 1126 4492 ad
1145 4420 1332 4495 basilicam
1345 4424 1633 4495 Lataranensem

303 4545 412 4637 prout
429 4540 465 4612 in
482 4540 667 4614 creatione
685 4541 900 4638 pontificum
913 4542 994 4618 sveri
1014 4544 1106 4619 solet
1122 4575 1154 4617 u.

355 4665 420 4738 Die
438 4666 580 4756 martis,
602 4665 857 4758 5decembris,
879 4669 943 4742 SS.
969 4672 1013 4742 ll.
1031 4674 1158 4742 noster
1177 4670 1213 4742 in
1238 4693 1388 4744 camara
1414 4693 1480 4744 sua
1496 4672 1634 4768 accepit

305 4789 467 4862 sandalia
488 4798 521 4862 ot
542 4791 577 4863 in
598 4813 744 4864 camera
759 4793 942 4890 Papagalli
962 4793 1148 4884 amictum,
1171 4796 1305 4886 albam,
1327 4795 1481 4892 pluviale
1498 4797 1636 4894 pretio-

306 4937 385 4986 sum
401 4914 525 4987 album
540 4917 742 4990 Innocentii
760 4924 794 4992 et
810 4941 964 5016 regnum
982 4943 1116 4994 novum
1133 4921 1231 5016 quod
1252 4921 1433 4994 Sanctitas
1449 4921 1536 4995 lecit
1554 4921 1633 4994 ficri

307 5039 468 5133 pondere
486 5039 661 5113 librarum
686 5047 824 5138 septem
850 5043 906 5118 vel
930 5044 1094 5118 circada
1118 5045 1273 5142 gemmis
1297 5045 1491 5142 pretiosis:
1522 5045 1634 5119 noluit

308 5185 440 5258 rapere
467 5164 637 5238 fanonem
665 5191 781 5262 neque
809 5169 1017 5242 tunicellam
1050 5180 1085 5244 ct
1113 5170 1345 5243 dalmaticam
1374 5194 1417 5243 ac
1451 5173 1632 5269 planetam
