3554 6042
291 561 316 598 n
577 555 580 562 ⁴
683 519 921 592 succiduam
942 535 966 590 0
987 531 1234 592 0000000000.

290 692 406 776 gratiis
420 704 672 770 prosequamur.
690 686 823 748 Dudum
838 687 866 749 si
882 685 1018 765 quidem
1033 690 1142 750 tecum
1156 691 1247 760 tunc,
1267 685 1352 748 sicut
1368 685 1571 764 accepimus,
1585 687 1616 750 iu

292 796 385 856 sexto
413 795 468 851 tue
485 787 583 850 etatis
604 785 795 862 constituto,
824 801 924 863 super
949 784 1078 848 deiectu
1102 784 1263 848 natalium
1290 801 1392 864 quem
1423 783 1616 862 paterisne

293 891 447 969 episcopo
465 884 623 948 cardinali
635 884 769 964 genitus
784 889 815 947 et
833 885 1011 965 conjugata
1027 887 1063 946 ut
1080 883 1327 962 quamprimum
1344 884 1527 962 septimum
1542 883 1622 946 dicte

294 987 392 1052 etatis
414 1000 540 1047 annum
562 983 750 1061 attingeres,
776 983 916 1046 clericali
941 987 1105 1045 caractere
1127 982 1290 1062 insigniri,
1316 987 1404 1045 etc...
1431 983 1493 1046 tibi
1518 997 1626 1045 conce-

296 1083 403 1148 dendo
419 1083 544 1146 nullam
562 1081 604 1143 de
622 1079 752 1144 defectu
772 1081 931 1144 natalium
946 1085 979 1144 et
1003 1081 1250 1160 dispensatione
1263 1081 1459 1161 huJusmodi
1482 1083 1624 1146 mentio·

294 1201 371 1246 nem
385 1181 493 1244 facere
511 1177 658 1241 'tenearis
663 1225 737 1254 ......
756 1182 793 1240 01
817 1179 845 1240 si
860 1179 900 1240 de
918 1179 1067 1258 legitimo
1085 1179 1179 1241 thoro
1195 1183 1296 1241 natus
1313 1194 1418 1256 esses,
1446 1196 1510 1258 per
1532 1197 1627 1260 quas-

296 1283 373 1345 dam
404 1281 545 1354 litteras,
581 1280 688 1356 primo
712 1279 859 1359 gratiose
900 1277 1182 1357 dispensavimus
1210 1277 1438 1340 concessimus
1465 1281 1499 1341 et
1534 1280 1628 1342 etiam

295 1379 546 1444 indulsimus...
573 1382 605 1439 et
627 1374 747 1439 deinde
770 1375 995 1440 venerabilem
1012 1376 1148 1439 fratrem
1168 1380 1320 1439 nostrum
1344 1375 1545 1439 Rodericum
1567 1379 1630 1458 epi-

296 1496 416 1558 copum
433 1479 661 1551 Portuensem,
678 1475 713 1536 S.
739 1477 775 1538 n.
797 1475 834 1537 Ε.
860 1475 1185 1552 Vicecancellarium,
1208 1479 1300 1538 motu
1325 1474 1435 1550 simili,
1461 1491 1526 1554 par
1552 1475 1629 1538 alias

296 1583 428 1642 nostras
450 1576 589 1650 litteras,
619 1574 768 1636 omnium
798 1578 831 1636 et
860 1573 1069 1654 singulorum
1094 1575 1384 1650 monasteriorum,
1400 1574 1630 1652 prioratuum,

296 1655 592 1757 prepositurarum,
614 1672 869 1735 canonicatuum
888 1677 920 1734 et
937 1672 1185 1749 prebendarum
1206 1689 1244 1734 ac
1259 1673 1455 1753 dignitatem
1476 1689 1632 1750 persona·

299 1782 403 1849 tuum,
431 1771 754 1834 administrationum
770 1775 803 1832 et
827 1769 1024 1846 officiorum,
1049 1771 1256 1850 aliorumque
1274 1767 1514 1834 beneficiorum
1533 1771 1629 1834 eccle·

298 1872 519 1946 siastieorum,
536 1887 612 1932 cum
625 1887 703 1932 cura
721 1873 754 1932 et
769 1869 840 1932 sine
860 1887 940 1932 cura
955 1887 1019 1949 que
1033 1871 1068 1932 10
1089 1869 1221 1933 titulum
1239 1871 1290 1933 vei
1307 1869 1628 1934 commendationem

298 1974 377 2032 tunc
387 1969 575 2048 obtinebas
592 1969 669 2032 etin
679 1974 851 2048 posterum
862 1968 1043 2046 0101100000,
1056 1985 1231 2048 usquequo
1245 1973 1281 2031 tu
1292 1973 1449 2048 quartum
1464 1968 1629 2032 decimum

297 2068 394 2130 etatis
404 2067 600 2148 hujusmodi
615 2084 741 2130 annum
757 2067 1003 2146 complevisses
1018 2067 1339 2131 administrationem
1351 2069 1386 2130 in
1401 2069 1630 2146 spiritualibus

299 2171 331 2229 ct
353 2167 595 2244 temporalibus
624 2167 815 2246 generalem
838 2165 978 2228 fecimus
1005 2171 1037 2229 et
1059 2166 1365 2245 deputavimus;....
1395 2171 1429 2228 et
1446 2184 1505 2246 qur
1533 2167 1630 2231 etiam

299 2265 486 2344 accepimus
502 2265 536 2328 10
555 2264 642 2328 dicto
663 2265 803 2342 septimo
820 2268 876 2327 tue
894 2265 990 2326 etatis
1013 2281 1101 2327 anno
1115 2265 1316 2328 constitutus
1340 2265 1506 2328 existis...
1536 2271 1574 2328 ut
1591 2267 1632 2328 si-

298 2366 421 2429 militer
435 2365 623 2443 accepimus
638 2362 746 2425 dilecti
770 2359 830 2424 filii
843 2362 949 2424 nostri
973 2363 1128 2426 ludovici
1143 2363 1304 2426 lobannis
1321 2363 1408 2426 tituli
1433 2364 1630 2426 Sanctorum

299 2469 443 2543 quatuor
471 2465 709 2527 coronatorum
740 2460 914 2524 Presbiteri
936 2460 1118 2524 cardinalis
1134 2462 1178 2537 (i)
1195 2478 1300 2540 nepos
1323 2462 1477 2524 existis...
1502 2463 1556 2524 Sic
1573 2463 1630 2525 tibi

300 2563 398 2626 etiam
412 2579 472 2642 per
483 2561 607 2624 dictum
622 2559 818 2623 Rodericum
833 2559 1033 2638 Episcopum
1047 2564 1080 2622 et
1090 2560 1163 2622 Vice
1179 2560 1428 2638 cancellarium,
1444 2561 1630 2641 genitorem

301 2667 406 2738 tuum,
427 2677 601 2742 usquequo
622 2660 747 2722 dictum
764 2661 894 2721 sextum
910 2658 1075 2721 decimum
1091 2663 1148 2720 tue
1163 2658 1260 2720 etatis
1285 2675 1408 2721 annum
1432 2659 1583 2740 attigeris
1598 2663 1631 2721 01

301 2761 419 2824 deinde
430 2761 463 2823 10
478 2761 611 2824 titulum
624 2759 735 2840 quoad
749 2759 879 2832 vixeris,
891 2761 928 2820 ut
940 2758 1116 2836 perfertur,
1132 2757 1287 2833 retinere,
1300 2757 1455 2836 dictoque
1470 2759 1628 2835 episeopo

298 2859 570 2922 Viceeancellario
587 2859 738 2940 genitore
753 2862 810 2920 tuo
825 2857 859 2918 10
870 2856 1139 2920 archidiaconatu
1153 2861 1185 2918 et
1195 2855 1341 2918 Ecclesia
1357 2855 1398 2918 de
1409 2854 1536 2918 Gaudia
1550 2856 1631 2936 (Xo-

301 2955 406 3037 11001)
417 2973 557 3018 necnon
571 2956 780 3036 prepositura
797 2957 943 3035 predicta
948 3001 1008 3016 .....
1020 2955 1120 3018 etiam
1131 2954 1388 3032 incompatibilia
1400 2952 1563 3016 beneficia
1573 2955 1631 3016 hu·

296 3053 444 3132 jusmodi
456 3054 645 3118 immediate
655 3052 865 3134 possidisset,
881 3071 1018 3118 necnon
1030 3053 1191 3117 natalium
1202 3058 1235 3115 et
1247 3053 1345 3116 etatis
1361 3051 1555 3116 huiusmodi
1575 3052 1632 3116 de·

298 3151 477 3214 lectibus...
503 3153 697 3216 auctoritate
721 3153 900 3232 apostolica
926 3157 1041 3216 tenore
1067 3152 1324 3232 presentium...
1342 3152 1630 3232 dispensamus...

298 3249 464 3410 (agitur
486 3251 532 3314 illi
550 3250 852 3314 archidiaconatum
867 3251 908 3314 de
925 3250 1066 3332 Xativa).
1085 3251 1206 3314 Datum
1224 3251 1337 3326 110000,
1353 3251 1434 3314 XVll
1454 3249 1524 3312 ital.
1544 3255 1628 3327 sept.

299 3349 314 3408 1
381 3393 389 3410 .

819 3704 858 3769 19
876 3723 997 3768 tlnvmn
1015 3703 1106 3796 1483.

339 3895 378 3956 N⁰
403 3891 473 3954 911.
499 3877 734 3956 Enumeration
763 3893 823 3956 des
844 3897 972 3956 tuteurs
1002 3897 1035 3956 01
1056 3896 1229 3956 curateurs
1257 3894 1298 3956 de
1320 3895 1401 3956 toan
1428 3893 1469 3957 de
1495 3895 1630 3975 Borgia,

301 3988 474 4052 deuxieme
487 3989 550 4052 due
567 3989 608 4052 de
625 3988 750 4053 Gandie
773 3995 805 4052 01
827 3991 970 4071 premier
987 3991 1027 4054 do
1045 4009 1082 4054 ce
1101 4008 1191 4056 nom.
1212 3993 1302 4072 (Acte
1322 3991 1465 4072 original
1485 4010 1544 4055 sur
1559 4009 1631 4072 par·

300 4088 430 4149 chemin
446 4105 526 4151 avec
541 4089 655 4152 lettres
668 4089 810 4152 initiales
831 4106 873 4152 00
893 4106 931 4151 00
951 4094 984 4153 01
1003 4107 1044 4152 00
1062 4091 1223 4168 couleur.)
1240 4093 1298 4153 list
1313 4090 1395 4154 ecrit
1411 4107 1453 4152 en
1470 4091 1630 4172 gothique

300 4186 330 4248 le
346 4185 420 4248 titre
432 4186 564 4250 suivant
581 4207 589 4249 :
610 4207 625 4246 0
642 4191 902 4251 instrumentum
920 4189 1022 4251 tutele
1037 4189 1269 4252 Dnitohannis
1281 4189 1322 4252 de
1333 4187 1442 4271 BorJa.
1460 4213 1473 4244 ι

342 4361 357 4396 α
370 4341 405 4401 10
415 4340 548 4403 nomine
559 4341 690 4403 Domini
701 4344 815 4404 110000.
827 4343 939 4404 Pateat
955 4341 1107 4404 omnibus
1123 4343 1265 4420 qualiter
1278 4359 1366 4406 anno
1381 4343 1564 4407 nativitatis
1576 4345 1634 4406 Do-

300 4437 420 4502 minice
430 4439 606 4501 millesimo
617 4436 945 4519 quadringentesimo
955 4441 1182 4520 octuagesimo
1192 4441 1301 4516 tertio,
1311 4441 1364 4504 die
1372 4441 1536 4522 vigesima
1549 4458 1632 4504 nona

296 4536 453 4618 januarii,
474 4535 653 4600 indictione
667 4537 785 4616 prima,
803 4536 1014 4600 Pontificatus
1036 4538 1242 4602 sanctissimi
1256 4541 1319 4602 Dni
1339 4539 1448 4602 Nostri
1459 4541 1523 4602 Dni
1543 4540 1631 4614 Sinti,

300 4635 412 4699 divina
421 4634 627 4698 Providentia
638 4637 723 4714 Pape
733 4636 853 4713 quarti,
872 4652 959 4698 anno
974 4636 1182 4714 duodecimo,
1199 4638 1398 4700 constitutus
1414 4639 1634 4716 personaliter

299 4737 402 4797 limus
414 4734 528 4797 Presul
541 4739 573 4796 01
583 4736 687 4808 Dnus,
700 4735 792 4796 Dnus
805 4733 1033 4798 Rodericusde
1047 4734 1336 4816 Borjaltpiscopus
1347 4736 1551 4810 Portuensis,
1561 4737 1632 4800 Car·

298 4833 417 4896 (linaiis
428 4830 619 4894 Valentinus
633 4836 666 4894 et
677 4833 794 4895 Sancte
812 4833 958 4895 Romane
972 4835 1115 4897 Ecclesia
1129 4833 1423 4897 Vicecancellarius
1449 4817 1633 4896 000000110-

298 4930 442 4996 verendo
454 4931 586 4994 Presuie
598 4929 1631 4995 11001010000101001011001010000010010003001110οΒ1οΜ0010

299 5029 1629 5118 blaJ'oris...ltemlimusDnusVioecauoeliariusasserensseexeacaritatequam

333 5225 356 5273 1.
374 5221 432 5273 lton
448 5224 508 5276 Luto
521 5225 588 5276 1000
602 5225 635 5275 de
650 5226 722 5290 Milo,
736 5226 778 5276 iila
792 5227 825 5276 de
839 5222 911 5278 (10100
925 5225 1046 5278 Cutcrioa
1066 5226 1099 5278 do
1119 5227 1205 5292 Borja,
1220 5240 1294 5279 soeur
1307 5226 1341 5278 de
1359 5225 1469 5278 Cullixte
1484 5225 1530 5277 111.
