3590 6042
126 626 208 692 [aaa
224 627 298 690 tero]
472 622 599 680 RERUM
625 622 850 682 URBANARUM
873 623 1136 685 Comuaurnam
1433 633 1469 688 23

179 779 321 870 Martis,
352 784 371 853 3
403 777 540 869 martii,
568 783 815 852 cucurrerunt
841 779 932 855 asini
957 787 992 854 et
1020 781 1142 854 bubali
1171 783 1372 856 successive
1401 807 1467 880 pru

128 929 261 982 eorum
281 904 413 1002 palliis,
436 904 545 981 etiam
566 905 612 980 ed
630 928 658 976 s.
681 907 842 978 Petrum.
1391 995 1393 1000 Ι

184 1033 292 1106 Faria
325 1033 459 1126 quarte
490 1030 675 1119 cinerum,
706 1035 727 1104 t
756 1031 891 1106 mensis
917 1032 1054 1120 martii,
1082 1034 1145 1106 SS.
1177 1037 1218 1106 D.
1251 1038 1377 1108 noster
1403 1035 1467 1110 be-

132 1157 273 1238 nedixit
303 1161 336 1230 et
368 1155 540 1251 imposuit
567 1155 729 1244 cineres,
758 1179 861 1230 more
894 1156 1012 1232 solito.
1043 1163 1168 1232 Rmus.
1200 1163 1243 1232 D.
1272 1160 1467 1240 cardinalis

132 1309 163 1360 s.
193 1281 321 1356 Crucis
352 1278 550 1356 celebravit
577 1279 724 1354 missam
758 1285 793 1354 et
822 1280 992 1378 imposuit
1023 1283 1167 1354 cineres
1194 1287 1308 1380 Pape;
1341 1289 1467 1358 orator

134 1431 248 1482 noxus
272 1405 371 1501 regis
398 1403 624 1500 Neapolitani
648 1405 750 1480 dedit
773 1429 904 1502 aquam
929 1406 1097 1480 manibus
1121 1412 1230 1504 Papa,
1258 1432 1467 1484 sermonem

134 1533 221 1606 lacit
245 1530 369 1604 nescio
393 1529 474 1626 quis
497 1529 686 1616 diaconus,
712 1531 852 1627 accepit
876 1531 1171 1608 benedictionem
1198 1557 1219 1606 a
1243 1537 1353 1632 Papa,
1380 1536 1466 1608 dnm

134 1657 325 1731 diceretur
353 1676 478 1726 versus
506 1658 662 1739 tractus,
691 1654 854 1728 esculeto
881 1655 981 1752 prius
1009 1657 1103 1752 pede
1134 1660 1230 1754 Pape
1256 1663 1291 1730 et
1318 1658 1466 1732 incenso

133 1804 203 1880 per
228 1785 364 1878 Papam-
387 1777 571 1858 thuribulo
595 1778 858 1876 imposito;alia
876 1804 977 1855 more
997 1781 1115 1854 solito.
1137 1785 1194 1872 Et,
1215 1781 1319 1858 finite
1340 1785 1465 1868 missa,

133 1909 235 2001 Papa
252 1905 298 1978 ed
317 1903 619 2000 supplicationem
640 1925 760 1976 mcum
780 1905 962 1990 concessit
981 1905 1080 1981 socio
1098 1929 1181 1998 meo
1200 1911 1235 1980 et
1254 1907 1404 2004 singulis
1422 1909 1466 1982 de

132 2030 275 2128 capella
297 2033 424 2104 nostra
449 2027 688 2100 existentibus
713 2030 810 2124 quod
839 2029 988 2125 quilibet
1015 2036 1229 2106 nostrorum
1254 2042 1376 2130 posset
1401 2033 1466 2106 sibi

134 2156 273 2251 eligere
299 2154 549 2230 confessorem
580 2153 640 2248 qui
670 2176 753 2226 eum
784 2154 946 2250 plenarie
975 2155 1178 2254 absolveret
1202 2163 1238 2230 et
1264 2157 1466 2254 plenariam

136 2279 400 2378 indulgentiam
424 2279 530 2352 daret
555 2285 592 2358 ut
618 2277 795 2354 visitando
823 2278 938 2352 tribus
964 2280 1100 2354 vicibus
1126 2281 1198 2355 sive
1228 2281 1355 2358 diebus
1378 2306 1468 2380 qua-

136 2415 222 2480 tuor
241 2403 414 2478 ecclesies
432 2405 622 2500 deputatas
641 2425 952 2500 consequeremur
975 2405 1217 2502 indulgentias
1231 2407 1370 2503 jubilei.
1392 2411 1467 2504 Ego

135 2529 333 2630 supplicari
355 2553 422 2626 pro
440 2552 499 2608 me
519 2530 629 2624 quod,
650 2529 827 2604 visitando
847 2529 962 2602 tribus
981 2531 1118 2604 vicibus
1135 2531 1208 2606 sive
1228 2531 1354 2604 dicbus
1372 2533 1467 2605 besi-

134 2657 244 2730 licam
268 2681 296 2728 s.
325 2658 423 2730 Petri
446 2656 633 2744 duntaxat,
656 2678 905 2752 consequerer
928 2655 1168 2752 indulgentias
1193 2656 1318 2752 jubilei
1341 2681 1348 2728 :
1371 2661 1467 2754 Papa

136 2781 252 2858 uoluit
270 2781 362 2856 mibi
377 2781 448 2854 hoc
465 2781 670 2878 indulgere.

133 2973 137 2980 .
182 2906 288 2980 Faria
303 2906 440 3004 quinta,
460 2912 480 2980 ὃ
498 2906 633 2980 mensis
647 2906 765 2982 martii
782 2906 1045 2988 illustrissimus
1061 2906 1353 2982 duxValentinus
1369 2907 1464 2980 ince-

137 3031 184 3130 pit
203 3031 348 3106 visitere
367 3035 658 3112 omuesltltmos.
682 3029 882 3104 cardinales
899 3038 934 3106 et
950 3055 1020 3106 non
1038 3031 1162 3106 hebuit
1175 3031 1467 3129 secumaliquem

135 3157 348 3256 episcopum
365 3157 419 3230 rel
435 3157 626 3254 prelatum,
644 3157 709 3232 sed
724 3157 923 3230 associatus
939 3156 1004 3232 luit
1020 3181 1041 3230 a
1057 3157 1129 3230 suis
1146 3158 1318 3232 duntaxat
1335 3157 1468 3254 stipen-

135 3282 271 3356 diariis.
298 3284 387 3363 Cum
409 3281 569 3356 visitaret
584 3281 804 3358 cardinalem
832 3284 1046 3372 Sanamem,
1065 3281 1319 3356 descendendo
1343 3283 1387 3356 da
1407 3305 1467 3356 ca-

135 3432 250 3498 mere,
269 3407 459 3486 associavit
474 3430 558 3482 eum
579 3431 691 3506 usqne
713 3408 758 3482 ad
775 3407 887 3506 pedes
902 3408 1082 3483 scalarum
1097 3416 1131 3482 et
1150 3407 1209 3481 ivit
1226 3407 1272 3480 ad
1287 3408 1467 3480 sinistram

135 3532 329 3608 cardinalis
349 3534 432 3630 quia
448 3532 545 3608 nullo
561 3535 670 3608 modu
686 3533 970 3630 veluitaccipera
986 3534 1184 3609 dexteram.
1201 3532 1287 3606 licet
1304 3532 1468 3604 cardine-

131 3659 176 3734 lis
209 3681 291 3734 cum
309 3681 441 3754 magna
465 3657 631 3732 instantia
659 3657 757 3732 illam
782 3658 849 3732 sibi
877 3658 1043 3746 otlerret;
1075 3657 1171 3730 idem
1203 3656 1310 3732 audio
1338 3655 1467 3732 secisse

132 3807 218 3862 cum
243 3785 324 3860 aliis
343 3783 587 3859 cardinalibus
599 3807 607 3874 ;
619 3784 782 3858 veniente
799 3783 904 3874 duce,
930 3783 1054 3858 nescio
1070 3805 1257 3880 quousque
1275 3779 1467 3857 cardinalis

132 3910 201 3984 sibi
219 3909 391 3997 occurrit,
407 3916 683 4007 proptereenon
698 3909 1000 4006 potuiannotare.

181 4035 349 4124 Veneris,
367 4039 388 4108 a
405 4035 523 4109 martii
547 4034 740 4110 cardinalis
764 4034 957 4108 Gurccnsis
974 4027 1139 4108 rediitad
1158 4033 1291 4106 Urbem
1308 4032 1353 4106 de
1371 4031 1469 4126 lege·

134 4163 236 4238 tione
253 4184 317 4236 sua
333 4160 522 4250 Perusina,
540 4160 621 4234 siue
633 4159 902 4257 licentia'Pape,
922 4163 961 4236 ut
974 4157 1146 4232 intellexi.

187 4286 360 4378 Sabbata,
380 4293 399 4362 7
421 4285 584 4384 ejusdem
611 4285 747 4364 mensis
767 4285 901 4374 martii,
918 4284 1011 4359 leste
1034 4309 1063 4358 s.
1092 4283 1230 4364 Tbome
1257 4282 1301 4356 de
1325 4283 1469 4380 Aquino

136 4417 181 4486 R.
205 4416 244 4496 Ρ.
273 4417 316 4489 Ι).
343 4413 568 4510 Hieramyas,
587 4410 782 4508 episcopus
797 4409 1088 4498 assisinatensis,
1108 4407 1304 4486 celebrarit
1319 4407 1469 4480 missam
1586 4424 1591 4434 ’

137 4537 342 4610 solemnem
371 4539 408 4608 in
436 4536 590 4612 ecelesia
616 4537 796 4624 Minerve;
826 4535 915 4608 dixit
947 4557 1055 4612 unam
1083 4533 1285 4608 orationem
1315 4538 1466 4620 tautum,

140 4659 255 4734 Credo
271 4665 306 4734 at
322 4660 565 4761 prelationem
581 4683 815 4736 communem
829 4663 865 4734 at
880 4658 1014 4745 chorus
1030 4657 1094 4732 init
1111 4663 1255 4755 paratus
1271 4679 1337 4753 pro
1352 4655 1469 4730 cardi-

137 4785 282 4863 nalibus
298 4794 334 4860 et
348 4785 513 4884 prelatis,
532 4789 643 4882 prout
657 4785 760 4858 annis
771 4783 1032 4881 superioribus.
1047 4784 1257 4859 Orationem
1269 4786 1350 4878 post
1361 4802 1469 4857 evan-

137 4909 276 5008 gelium
292 4910 378 4989 tecit
399 4915 441 4986 D.
469 4911 626 4992 Thomas
642 4911 768 4998 chra,
788 4915 913 4984 orator
928 4909 1086 5005 optimus
1103 4915 1138 4980 at
1154 4905 1360 5001 singularis,
1384 4927 1469 4982 cum

137 5057 270 5132 magna
285 5035 450 5108 omnium
465 5035 586 5110 laude.
605 5036 724 5110 Finita
746 5035 869 5124 missa,
885 5057 957 5108 uun
979 5032 1127 5106 luerunt
1143 5030 1384 5127 pronunciata
1412 5029 1468 5100 in-

138 5160 339 5258 dulgentie,
363 5161 450 5256 quia
475 5159 637 5256 plenarie
658 5159 695 5234 in
714 5159 823 5235 valvis
839 5157 990 5233 ecclesie
1007 5157 1205 5254 publicata.
1221 5153 1470 5228 luterluerunt

140 5284 335 5364 duodecim
352 5284 567 5372 cardinales,
591 5263 760 5360 videlicet
780 5281 1052 5379 Neapolitanus,
1075 5279 1348 5370 Recanatansis,
1373 5279 1470 5374 epis-
