3506 6034
323 553 384 612 aas·
717 553 720 558 ’
781 550 958 608 rouuunrs
982 549 1207 623 auaauunur,
1510 552 1575 615 run
1590 555 1662 618 roo

326 705 403 782 sine
431 705 658 790 baldachino,
688 729 790 780 more
819 705 948 795 solil0;
982 705 1068 780 dum
1099 706 1297 799 diceretur,
1331 706 1444 783 voluit
1470 707 1593 807 [Papa]
1615 708 1660 806 (l)

324 833 420 928 quod
437 831 576 905 reniret
593 836 630 904 et
644 829 913 921 baldachinum,
932 829 998 904 sub
1016 853 1088 929 quo
1106 831 1215 922 venit,
1232 829 1345 904 missa
1360 830 1475 922 finita,
1493 832 1539 906 ab
1555 831 1660 906 altari

327 957 468 1053 majore
485 979 598 1053 usque
615 956 661 1029 ad
675 954 796 1030 locum
811 954 957 1053 publice
973 955 1251 1047 benedictionis,
1267 956 1439 1052 adquam
1454 955 1660 1032 cardinales

328 1087 364 1156 et
380 1081 510 1177 prelati
530 1086 706 1155 venerunt
726 1080 763 1153 in
780 1082 917 1178 cappis,
940 1086 974 1154 et
993 1080 1117 1156 omnia
1130 1080 1202 1154 alia
1218 1087 1300 1156 acta
1316 1085 1400 1155 sunt
1415 1105 1519 1156 more
1537 1081 1656 1156 solito.

328 1208 426 1304 Papa
440 1207 548 1280 hodie
564 1229 637 1279 non
654 1212 709 1280 est
724 1229 809 1279 usus
822 1229 948 1304 regno,
966 1205 1031 1279 sed
1043 1206 1150 1280 mitra
1161 1210 1303 1280 tantum
1314 1205 1380 1280 sub
1391 1229 1463 1304 qua
1474 1206 1660 1281 benedixit

326 1327 541 1402 solemniter
562 1329 708 1428 populo.
735 1332 815 1404 Dux
838 1329 1109 1406 valentinensis
1131 1329 1296 1405 interluit
1318 1331 1427 1405 misse
1454 1335 1492 1405 et
1513 1330 1658 1428 publice

327 1452 585 1528 benedictioni.

378 1577 549 1670 Sabbata,
569 1577 691 1677 vigilia
708 1582 954 1670 Pentecostes,
979 1585 1022 1654 ll
1039 1581 1137 1670 maii,
1158 1580 1310 1656 mutatio
1331 1602 1545 1678 capparum,
1567 1580 1660 1656 dicte

328 1710 411 1780 sunt
436 1727 585 1802 vespere
616 1705 798 1780 solemnes
826 1703 863 1778 in
893 1705 1034 1802 capella
1058 1706 1218 1804 majore,
1250 1709 1347 1803 Papa
1372 1711 1566 1803 presente,
1601 1707 1659 1804 qui

327 1829 444 1904 noluit
461 1827 623 1928 incipere
642 1829 843 1928 hymmum.

377 1953 567 2030 [lominica
585 1954 764 2052 sequenti,
784 1955 877 2030 sesto
896 1959 1144 2047 Pentecostes,
1167 1960 1292 2031 Rmns.
1312 1960 1356 2031 D.
1382 1955 1580 2031 cardinalis
1599 1961 1661 2032 Be-

327 2086 549 2154 navcntanus
568 2079 764 2155 celebravit
782 2080 931 2154 missam
950 2081 1151 2156 solemnem
1166 2081 1203 2154 in
1217 2081 1368 2156 basilica
1382 2107 1412 2155 s.
1434 2081 1548 2172 Petri,
1567 2085 1660 2181 Papa

326 2211 512 2301 prasente,
538 2207 575 2278 et
599 2204 672 2279 dux
693 2204 962 2282 Valentinensis
986 2205 1096 2281 etiam
1123 2205 1298 2280 interluit.
1329 2209 1547 2280 Sermonem
1575 2207 1661 2282 lecit

327 2327 473 2424 quidam
489 2329 682 2427 Hispanus,
703 2328 790 2404 olim
806 2329 1001 2405 cardinalis
1021 2330 1181 2429 Capuaui
1196 2331 1424 2429 capellanus:
1444 2331 1515 2406 alia
1538 2333 1660 2406 omnia

326 2475 428 2528 more
446 2455 564 2529 sclito.

349 2671 354 2678 ¹
375 2579 546 2670 Sabbata,
565 2583 605 2653 2¹
626 2578 725 2670 maii,
744 2578 866 2677 vigilia
884 2579 1079 2672 Trinitatis,
1094 2581 1242 2656 luerunt
1255 2579 1351 2657 dicte
1365 2605 1514 2680 vespere
1527 2581 1660 2658 solem·

326 2725 391 2778 nes
407 2703 445 2778 in
464 2703 605 2803 capella
619 2705 774 2802 majore,
798 2708 895 2803 Papa
912 2713 1094 2803 presente.

258 2837 264 2844 '
377 2829 568 2906 [lominica
592 2830 769 2927 sequenli,
790 2829 882 2905 sesto
903 2831 1099 2924 Trinitatis,
1119 2835 1243 2906 Rmns.
1270 2836 1312 2906 D.
1331 2830 1523 2906 cardinalis
1541 2831 1657 2906 Arbo-

327 2956 443 3030 rensis
459 2954 653 3029 celebravit
666 2953 816 3029 missam
838 2955 1040 3032 solemnem
1057 2956 1094 3030 in
1115 2957 1244 3031 eodem
1264 2955 1415 3054 capella,
1432 2959 1533 3053 Papa
1548 2955 1656 3030 etiam

324 3085 519 3181 presente:
545 3102 751 3156 sermonem
771 3079 858 3155 lecit
877 3080 1024 3178 quidam
1043 3082 1156 3156 irater
1175 3080 1311 3156 ordinis
1329 3080 1524 3172 minorum,
1548 3081 1653 3155 bene.

245 3223 247 3228 '
325 3211 405 3282 Non
425 3205 493 3280 luit
515 3205 610 3280 lacta
630 3207 930 3282 commemoratio
949 3232 1067 3305 neque
1089 3209 1127 3282 in
1150 3207 1310 3305 vesperis
1331 3231 1452 3304 neque
1471 3207 1509 3280 in
1531 3207 1653 3282 missa.

325 3330 545 3430 luterrogari
572 3335 708 3430 Papam
729 3331 774 3406 de
796 3331 889 3407 hora
916 3337 953 3407 et
979 3337 1091 3408 strata
1116 3333 1361 3432 processionis
1387 3331 1469 3407 lasti
1494 3330 1655 3430 corporis

324 3455 473 3548 Christi,
491 3456 551 3554 qui
567 3456 658 3531 mihi
674 3458 861 3555 respondit
882 3459 980 3556 quod
1001 3457 1160 3533 intimari
1175 3459 1333 3533 lacerem
1349 3457 1560 3556 hujusmodi
1575 3481 1655 3554 pro-

324 3583 529 3658 cessionem
545 3581 760 3658 oltieialibns
775 3585 812 3656 et
831 3581 1008 3679 religiosis
1024 3589 1061 3658 et
1080 3583 1178 3658 clero
1197 3607 1263 3681 pro
1282 3583 1388 3674 hora,
1406 3581 1502 3656 inter
1522 3603 1653 3657 nonam
1744 3673 1745 3682 ἵ

326 3715 364 3784 el
380 3710 573 3802 decimam,
595 3734 661 3809 per
678 3709 775 3784 viam
795 3709 938 3785 solitam
958 3733 1072 3808 usque
1096 3710 1143 3784 ad
1167 3711 1317 3784 domum
1344 3734 1373 3782 s.
1399 3707 1597 3784 Clementis
1620 3711 1654 3780 et
1744 3687 1745 3712 ¹

322 3835 408 3910 inde
430 3836 476 3910 ad
495 3861 524 3909 s.
552 3839 699 3910 Petrum
722 3835 940 3926 faciendam,
967 3841 1004 3910 et
1028 3835 1126 3932 quod
1149 3835 1349 3910 cardinales
1369 3836 1542 3908 ornarent
1563 3833 1653 3906 viam
1744 3889 1745 3920 ,

323 3981 425 4035 more
440 3965 629 4034 consueto.
648 3959 731 4033 Feci
749 3983 858 4058 super
872 3960 944 4040 hoc
957 3960 1029 4034 tria
1042 3961 1214 4035 mandata
1234 3959 1272 4033 in
1290 3960 1407 4034 forma
1425 3965 1534 4056 prout
1552 3953 1652 4031 annis
1744 3983 1745 3988 ¹

325 4083 570 4183 superioribus
594 4083 729 4160 lactum
754 4090 823 4176 est,
848 4091 885 4160 et
907 4084 989 4160 dedi
1010 4108 1055 4161 eo
1070 4083 1534 4181 ‘cursoribusexaquenda;
1559 4077 1652 4178 quod

323 4209 501 4286 lecerunt.

371 4336 476 4410 Faria
490 4337 631 4434 quarta,
651 4339 696 4410 25
712 4334 797 4410 dicti
817 4333 952 4409 mensis
972 4334 1072 4426 maii,
1091 4333 1212 4432 vigilia
1232 4333 1394 4431 corporis
1410 4331 1553 4424 Christi,
1575 4331 1651 4406 lua·

321 4465 404 4536 runt
418 4460 514 4536 dicte
531 4483 681 4559 vespere
697 4459 880 4534 solemnes
894 4459 930 4532 in
944 4459 1086 4558 capella
1099 4460 1251 4557 majora,
1268 4462 1367 4557 Papa
1381 4461 1564 4558 presente,
1578 4455 1649 4554 qui,
1744 4457 1745 4548 l

321 4585 431 4661 linitis
453 4585 628 4684 vesperiS,
651 4585 739 4660 dixit
758 4584 1002 4659 cardinalibus
1023 4585 1121 4682 quod
1139 4584 1305 4660 venirent
1328 4607 1394 4682 pro
1421 4581 1650 4682 processione

321 4731 414 4804 cras,
433 4735 553 4802 mane,
571 4711 668 4786 inter
684 4729 818 4786 nonam
833 4715 870 4784 et
885 4710 1066 4785 decimam
1081 4707 1210 4784 horam
1224 4708 1270 4783 ad
1288 4708 1475 4807 palatium.
1490 4711 1530 4781 ln
1546 4727 1650 4780 manc

321 4836 407 4912 dicti
423 4838 505 4913 lasti
519 4835 681 4934 corporis
698 4834 843 4926 Christi,
861 4837 924 4909 SS.
943 4839 986 4909 D.
1003 4835 1206 4909 nosteriuit
1220 4839 1379 4932 paratus,
1394 4834 1486 4908 hora
1496 4831 1648 4918 decima,
1744 4829 1745 4924 ᾗ

322 4963 421 5038 crire
434 4963 480 5037 ad
492 4961 783 5062 processionem;
802 4960 866 5035 sed
881 4961 1083 5038 cardinales
1098 4960 1262 5036 nondum
1274 4964 1461 5050 uenerant,
1475 4959 1535 5056 qni
1548 4977 1652 5032 rene·
1744 5003 1745 5040 3

322 5092 408 5161 runt
422 5088 520 5164 circa
535 5087 765 5164 undecimam
781 5085 931 5176 horam3
953 5065 1082 5184 parum
1101 5089 1185 5184 post
1199 5084 1430 5162 undecimam
1449 5087 1546 5182 Papa
1559 5077 1652 5157 venit
1744 5085 1745 5148 ξ

360 5239 387 5296 1.
406 5238 727 5313 reparamentum
746 5241 811 5296 tous
826 5235 866 5294 les
881 5253 948 5294 mss.
