3506 6034
99 608 260 671 [naariam]
400 598 554 665 'ababuc
578 605 806 666 asennaeum
829 608 1092 670 connanraau.
1375 616 1427 670 aar

100 766 187 838 R.P.
209 765 252 836 D.
274 761 490 860 episcopum
506 765 800 855 casanatensem,
814 766 1016 840 auditorem
1036 789 1180 840 camere
1198 773 1233 842 et
1250 771 1293 842 1).
1318 769 1428 841 Anto·
1488 779 1493 794 ·

98 887 189 962 nium
207 884 253 960 de
270 885 479 984 Spiritibus‚
498 886 816 984 prothonotarium
829 895 866 966 et
883 891 1059 965 clericum
1077 915 1236 982 camere,
1253 892 1289 966 in
1307 898 1427 967 castro

98 1013 358 1104 incarceratos,
382 1013 447 1086 sub
461 1035 557 1110 pena
575 1013 704 1090 decem
719 1015 818 1090 mille
841 1017 1068 1098 ducatorum.
1091 1023 1126 1091 et
1147 1016 1293 1090 luerunt
1317 1017 1426 1092 etiarn

98 1139 217 1214 eadem
237 1138 299 1212 die
319 1139 364 1211 de
382 1144 501 1212 castro
517 1138 673 1214 liberati.
1205 1243 1207 1246 v

141 1263 293 1340 Visitavi
318 1264 448 1338 eodem
471 1287 555 1338 sero
583 1266 785 1341 auditorem
814 1289 960 1342 camere
977 1267 1012 1339 in
1043 1269 1153 1341 domo
1180 1291 1268 1342 sua:
1290 1267 1426 1342 dictum

97 1388 156 1463 luit
172 1411 318 1486 parma
337 1413 381 1462 ex
406 1397 533 1486 rogatu
553 1389 702 1464 Mariani
721 1390 897 1486 Stephani
915 1391 1096 1465 Francisci
1124 1392 1220 1487 quod
1245 1393 1427 1466 diceretur

97 1520 234 1588 secreto
251 1514 300 1614 (l)
328 1515 420 1588 hora
446 1514 619 1611 vigesima
641 1515 856 1590 intraturum
879 1515 1014 1590 Urbem
1043 1519 1260 1613 Prosperum
1285 1517 1428 1592 Column-

97 1661 190 1727 nam;
208 1645 245 1714 et
279 1641 379 1736 quod
405 1639 617 1714 nunciatum
643 1647 738 1715 essct
753 1665 881 1714 rursus
905 1663 979 1714 non
996 1641 1132 1730 venire,
1158 1643 1256 1737 quod
1284 1641 1426 1716 interim

96 1786 162 1838 uon
192 1769 411 1838 tenerentur
431 1787 540 1838 unam
568 1773 709 1862 partem
734 1765 976 1840 intromittere
1005 1767 1035 1840 si
1056 1765 1220 1840 alienon
1244 1766 1425 1842 venisset:

96 1888 186 1986 quod
213 1892 295 1964 DD.
326 1889 450 1964 Ritmi.
471 1891 709 1987 dignarentur
729 1891 938 1990 probibere.
966 1891 1165 1966 Commissa
1189 1891 1333 1966 luerunt
1358 1892 1427 1964 due

97 2014 228 2104 littere3
249 2038 327 2088 una
348 2015 394 2088 ad
413 2020 627 2112 Prosperum
643 2041 710 2114 per
726 2040 834 2113 quam
855 2016 1117 2090 admoneretur
1136 2039 1209 2090 non
1224 2016 1346 2092 venire
1363 2041 1427 2114 pro

97 2140 210 2236 quiete
242 2140 368 2214 future
388 2141 577 2214 electionis
602 2146 637 2214 et
652 2143 812 2240 collegii,
842 2141 939 2216 idem
966 2141 1176 2240 promisisse
1204 2141 1370 2232 Ursinoa
1389 2149 1421 2218 el

98 2265 201 2340 misse
218 2271 309 2340 sunt
327 2290 393 2362 per
413 2270 457 2340 b.
480 2267 670 2340 Nicolaum
688 2269 733 2340 de
758 2268 970 2364 capranica,
991 2268 1059 2340 alic
1078 2267 1124 2340 ad
1145 2267 1297 2342 Ursinos
1318 2269 1427 2342 etiam

97 2413 138 2464 ne
153 2392 340 2481 venirent,
362 2399 395 2464 et
414 2391 524 2464 misse
547 2416 613 2488 per
634 2397 676 2466 b.
695 2394 740 2466 de
756 2394 879 2490 Capite
900 2393 945 2466 de
963 2396 1093 2482 Ferro;
1114 2392 1175 2488 qui
1197 2401 1426 2469 recesserunt

99 2517 219 2590 eadem
236 2519 313 2592 die.

143 2645 179 2714 ln
210 2667 312 2734 sero,
344 2649 425 2740 post
458 2642 669 2740 vigesimam
698 2643 866 2740 quartam
889 2643 1034 2735 horam,
1070 2647 1228 2739 Prosper
1251 2641 1429 2717 Columna

101 2767 236 2842 intravit
262 2767 400 2842 Urbem
417 2789 500 2840 cum
522 2772 669 2842 centum
689 2767 869 2864 equitibus
894 2767 948 2840 vel
964 2767 1061 2841 circa
1079 2791 1123 2840 ex
1140 2767 1227 2857 suis,
1247 2768 1306 2842 cui
1323 2790 1429 2843 vene-

102 2897 174 2964 runt
198 2891 346 2966 obviem
368 2891 476 2988 aliqui
505 2892 604 2965 cives
627 2914 671 2965 ex
693 2892 768 2966 suis
788 2893 1014 2989 partialibus,
1045 2899 1080 2966 et
1103 2896 1205 2966 extra
1219 2899 1360 2990 portem
1382 2895 1424 2966 b.

101 3015 263 3093 b'icolaus
287 3015 471 3114 predictus
497 3017 716 3113 presentavit
742 3017 810 3090 sibi
831 3017 991 3090 litteram
1014 3041 1123 3114 quam
1147 3017 1208 3090 ille
1237 3042 1310 3091 non
1325 3017 1425 3114 legit,

102 3142 158 3214 sed
170 3143 318 3217 intravit
333 3141 468 3216 Urbem
486 3142 579 3216 letus
595 3149 631 3214 et
646 3143 809 3240 gaudens
826 3143 863 3215 iu
882 3143 1030 3216 domum
1050 3166 1164 3216 suam.
1185 3145 1323 3218 Eodem
1345 3166 1427 3216 sero

104 3265 179 3342 lac-ti
196 3275 282 3344 eunt
295 3269 397 3366 ignes
409 3268 588 3366 inpalatio
605 3274 640 3342 et
651 3268 826 3366 Capitolio
837 3277 871 3343 et
883 3269 1047 3365 pluribus
1059 3269 1138 3342 aliis
1149 3269 1239 3342 locis
1251 3268 1429 3342 etclama-

103 3401 169 3466 tum
187 3417 304 3492 super
323 3394 552 3468 Rotundam:
576 3393 776 3466 Columna!
798 3393 975 3466 Columna
991 3397 1002 3464 t
1021 3393 1198 3488 Equitavit
1214 3395 1259 3466 de
1277 3416 1427 3489 congre·

101 3519 237 3612 gatione
273 3519 318 3592 ad
347 3519 520 3616 palatium
549 3541 632 3592 cum
658 3518 816 3615 quinque
846 3517 1087 3591 cardinalibus
1117 3517 1297 3614 palatinis.
1336 3520 1424 3590 Cum

102 3667 258 3718 essemus
277 3645 313 3718 in
329 3649 438 3742 ponte
458 3667 486 3716 s.
505 3642 647 3740 augeli,
670 3643 740 3716 due
763 3649 898 3717 carette
917 3641 1128 3716 barillorum
1144 3641 1298 3738 pulveris
1314 3642 1426 3716 duce-

102 3768 222 3844 bantur
241 3771 287 3843 de
305 3769 436 3867 palatio
455 3769 499 3842 ad
516 3775 672 3843 castrum
690 3793 719 3841 s.
735 3769 864 3866 Angeli
883 3773 916 3842 et
933 3791 999 3865 per
1017 3771 1099 3840 octo
1125 3766 1180 3839 rel
1200 3765 1328 3840 decem
1353 3765 1426 3840 lac-

101 3893 216 3970 cbinos
234 3895 347 3970 etiam
369 3896 606 3992 portabantur
622 3895 751 3967 barilia
769 3893 815 3992 (2)
839 3893 996 3991 pulveris
1014 3895 1060 3966 ad
1077 3893 1174 3966 idem
1193 3897 1370 3980 castrum;
1391 3901 1424 3966 et

101 4021 188 4114 quod
206 4023 338 4118 gentes
355 4019 651 4096 ducisValentini
668 4017 953 4116 insequebantur
971 4024 1179 4116 portatores
1197 4024 1231 4092 et
1250 4023 1425 4092 carrelias

103 4149 131 4216 et
152 4144 343 4220 voluerunt
371 4144 538 4242 pulveres
565 4166 697 4240 capere
722 4167 768 4216 ne
796 4145 972 4237 intrarent
999 4149 1156 4218 castrum
1175 4149 1209 4215 et
1227 4153 1424 4241 rapuerunt

103 4289 212 4361 unam,
231 4269 338 4342 aliam
355 4293 427 4342 non
446 4273 644 4366 potuerunt
657 4267 741 4364 quia
756 4268 950 4365 spingarde
963 4267 1108 4341 luerunt
1119 4271 1231 4342 tracte
1243 4269 1287 4342 de
1301 4274 1421 4375 castro

102 4399 215 4468 contra
236 4401 363 4492 gentes
385 4394 486 4467 ducis
501 4392 818 4494 quelaulugerunt.
841 4397 917 4467 Hoc
938 4393 1073 4468 lactum
1093 4416 1167 4467 non
1184 4393 1251 4466 suit
1273 4394 1317 4466 ad
1337 4416 1420 4490 pro-

101 4520 244 4610 positum
263 4521 474 4594 concordia.

141 4646 199 4718 liie
217 4646 406 4736 mercurii,
429 4651 473 4718 23
492 4646 648 4742 augusti,
674 4645 741 4718 luit
759 4646 886 4741 quinta
904 4645 1141 4741 congregatio
1157 4643 1194 4718 in
1214 4645 1323 4718 domo
1341 4667 1420 4717 car-

101 4765 215 4844 dinalis
234 4771 460 4868 Neapolitani
483 4796 490 4844 :
507 4772 544 4844 in
560 4770 666 4844 tertia
678 4793 826 4845 camera
841 4794 906 4843 sua
921 4770 1039 4867 posita
1057 4768 1205 4843 luerunt
1222 4792 1369 4843 scamna
1383 4769 1418 4842 in

100 4897 262 4986 quadrum
282 4903 317 4970 et
337 4896 470 4993 tapetia
488 4903 671 4993 cooperta,
689 4899 729 4968 ln
750 4897 866 4970 tribus
882 4894 1055 4968 sederunt
1075 4894 1237 4991 espicopi
1263 4903 1298 4968 et
1318 4919 1421 4993 pres-

103 5013 214 5113 byteri,
231 5022 265 5094 in
285 5029 412 5118 quarto
429 5021 571 5096 diaconi
587 5045 743 5118 quorum
754 5022 875 5120 capita
890 5045 953 5094 seu
968 5020 1110 5118 priores
1131 5019 1303 5096 sederunt
1318 5022 1420 5118 juxta

128 5206 149 5260 1.
167 5229 179 5257 (ι
195 5209 267 5282 quod
281 5207 432 5264 disceretur
443 5213 547 5264 secreto
561 5231 586 5280 u,
603 5208 693 5282 Cbigi,
710 5209 741 5266 L.
759 5207 780 5280 Ι,
795 5209 840 5273 14,
860 5207 878 5264 l.
899 5208 939 5263 ll.

125 5297 148 5350 ’2.
165 5295 214 5354 bes
228 5298 301 5354 deux
317 5297 416 5354 termes
431 5299 545 5354 berillus
559 5305 587 5354 et
600 5299 686 5354 tinette
699 5303 762 5354 sont
776 5296 933 5372 employdes
946 5295 1016 5352 daus
1031 5303 1093 5352 tous
1110 5295 1149 5352 tes
1167 5313 1235 5358 mas.
1342 5363 1347 5367 ,
