3502 6036
75 581 180 646 [rainer
195 577 267 642 rrae]
397 577 524 636 RERUM
546 573 772 636 Uttbtrtbrttlnt
793 575 1056 640 COMMENTARH.
1347 576 1399 638 ros

72 733 230 834 predicti,
255 740 292 807 et
315 727 542 830 pernoctavit
562 729 611 806 ibi
634 738 671 806 ct
692 755 833 824 amaea,
857 739 956 832 Papa
980 737 1016 808 in
1046 755 1145 824 arce,
1170 735 1230 808 alii
1258 732 1342 808 hinc
1364 741 1400 808 et

73 861 163 934 inda.

116 984 283 1070 Sabbato,
304 977 453 1080 peracto
469 983 637 1080 prandio,
659 987 758 1081 Papa
774 984 946 1080 equitavit
961 989 1173 1076 cornetum,
1196 990 1233 1059 et
1250 1007 1334 1060 eum
1356 1009 1400 1060 eo

74 1112 150 1198 dux,
172 1109 378 1184 cardinales
402 1113 439 1184 et
463 1131 591 1183 omnes
616 1109 673 1182 alii
695 1109 904 1206 supradicti.
935 1113 1032 1206 Papa
1055 1110 1259 1207 hospitatus
1283 1116 1337 1183 est
1364 1108 1399 1181 in

74 1235 202 1334 palatio
217 1231 435 1332 patriarcba,
451 1233 601 1330 quidam
617 1257 700 1308 cum
716 1255 772 1324 eo,
792 1235 903 1309 etalii
922 1234 1009 1308 hino
1027 1240 1063 1308 et
1082 1235 1181 1324 inde,
1200 1234 1402 1331 permansit

76 1360 203 1434 ibidem
218 1359 255 1432 in
271 1359 371 1434 diem
386 1367 612 1456 sequentem,
630 1359 676 1432 ad
689 1359 882 1456 prandium
899 1364 1105 1457 peractum.

118 1481 310 1560 Dominica
336 1483 497 1558 secunda
525 1484 818 1581 quadragesime,
853 1490 899 1558 20
930 1483 1016 1558 dicti
1045 1483 1181 1558 mensis
1210 1484 1399 1574 fabruarii,

74 1608 207 1708 pallore]
231 1615 401 1706 paratum
418 1608 486 1681 luit
501 1609 715 1682 solemniter
734 1633 816 1682 oum
831 1618 988 1706 quatuor
1002 1609 1176 1707 apostolis
1193 1607 1253 1708 (l),
1274 1609 1404 1682 cende*

74 1735 180 1810 labris
198 1733 398 1830 argenteis,
418 1733 454 1806 in
476 1733 560 1807 aula
577 1757 641 1807 seu
660 1757 809 1808 camera
829 1734 1033 1831 paramenti
1052 1733 1176 1832 palatii
1196 1733 1403 1831 patriarche

75 1861 280 1960 supradicto
299 1859 336 1932 in
357 1883 430 1956 quo
449 1863 552 1956 Papa
568 1865 647 1934 erat
665 1859 870 1958 hospitatus
889 1861 950 1934 ubi
971 1865 1013 1933 D.
1043 1859 1293 1934 Bernardiuus
1315 1863 1403 1934 Gut-

78 1985 164 2074 terii,
194 1984 371 2082 magister
396 1984 706 2076 ceremoniarum,
736 1984 855 2060 socius
880 2009 997 2075 meus,
1030 1975 1229 2060 celebravit
1255 1985 1403 2058 missam

79 2109 256 2208 publicam
281 2109 319 2182 in
345 2113 469 2200 cantu,
497 2107 790 2184 ministrantibus
820 2109 888 2182 sibi
921 2107 1077 2184 diacono
1109 2115 1145 2185 et
1181 2101 1409 2184 subdiacono¹

79 2235 209 2333 capelle
232 2235 268 2308 in
291 2235 514 2332 paramentis
534 2235 705 2309 violaceis
722 2235 768 2309 de
789 2235 976 2327 braccata),
996 2229 1053 2309 oui
1074 2239 1169 2333 Papa
1191 2235 1352 2311 interfuit
1369 2235 1405 2308 in

81 2361 239 2436 rochetto
252 2363 291 2433 et
301 2357 504 2434 cardinales
517 2360 603 2451 dno,
616 2359 824 2434 videlicets.
843 2360 1019 2434 Praxedis
1035 2365 1072 2434 et
1085 2359 1247 2448 Ursinus,
1263 2361 1406 2458 priores

82 2485 195 2583 populi
212 2485 406 2560 cornetani
423 2485 534 2559 etalii
549 2485 611 2582 qui
627 2485 808 2560 volebant.

122 2614 236 2684 Rome
254 2614 392 2696 autem,
414 2609 450 2681 iu
471 2608 613 2706 capella
630 2611 773 2710 majore
793 2609 931 2708 palatii,
953 2608 1148 2684 celebravit
1168 2609 1318 2682 missam
1339 2633 1407 2708 pu-

83 2735 206 2808 blicam
230 2738 274 2807 ll.
306 2737 345 2808 P.
376 2736 418 2806 Ι).
443 2732 644 2824 lohannes,
673 2733 970 2832 archiepiscopus
993 2730 1211 2833 Ragnsiuus,
1236 2735 1408 2808 assistens

85 2864 192 2958 Papa:
223 2879 433 2932 sermonem
454 2858 539 2933 lecit
561 2865 780 2957 procurator
801 2861 967 2958 ejusdem
986 2859 1140 2934 ordinis.
1166 2859 1410 2934 luterluerunt

87 2984 353 3082 quatuordecim
375 2984 576 3059 cardinales
593 2985 805 3084 hujusmodi
829 2985 962 3076 officio,
988 2985 1181 3060 videlicet:
1201 2985 1410 3084 Neapolita-

89 3133 158 3200 nus,
186 3109 459 3200 Recanatensis,
479 3113 768 3202 Beneventanus,
791 3110 1071 3201 Alexandrinus,
1095 3134 1124 3183 s.
1149 3112 1288 3216 Crucis,
1309 3111 1412 3210 Agri-

91 3236 265 3331 gentinus,
299 3235 511 3327 (trimanus,
542 3237 778 3326 Arborensis,
814 3235 1075 3326 Salemitanus,
1110 3237 1409 3333 caputaquensis,

91 3357 306 3446 Mutinensis,
339 3358 514 3450 MediceS,
550 3361 743 3435 Cesaribus
774 3365 811 3434 et
843 3361 1051 3436 Farnesius.
1083 3361 1191 3434 blissa
1222 3367 1259 3435 et
1292 3385 1413 3436 sermo

92 3482 288 3582 hujusmodi
307 3485 452 3558 luerunt
470 3485 626 3560 intimati
647 3509 713 3583 per
729 3508 899 3561 cursores
915 3485 1010 3575 heri,
1033 3491 1197 3581 exparte
1220 3487 1284 3558 SS.
1307 3488 1349 3558 l).
1367 3487 1410 3561 N.

93 3631 187 3706 papa,
207 3632 312 3686 more
330 3610 448 3701 solito,
469 3635 514 3685 ox
527 3611 786 3686 commissione
800 3611 893 3686 Rmi.
910 3615 953 3685 D.
973 3609 1168 3684 cardinalis
1183 3609 1411 3702 Mutinensis,

90 3735 162 3828 quie
178 3739 292 3834 Papa,
313 3741 398 3809 ante
419 3759 619 3826 recessum,
640 3733 691 3810 sic
710 3737 790 3811 beri
807 3736 945 3812 debere
963 3735 1076 3810 voluit
1091 3740 1128 3809 et
1141 3734 1338 3810 mandavit.

134 3861 267 3936 &dem
285 3861 357 3954 die,
375 3861 413 3935 in
435 3865 611 3954 Corneto,
628 3865 725 3956 Papa
746 3861 930 3936 commisit
951 3861 1191 3950 Bernardiuo,
1210 3863 1309 3936 socio
1332 3885 1415 3936 meo

96 3986 267 4080 predicto,
286 3987 391 4083 'quod
417 3986 531 4062 celeri
555 3988 718 4085 equitatu
744 3989 885 4063 veniret
910 3985 1142 4062 Plumbinum
1168 4011 1252 4062 cum
1282 3987 1417 4062 familia

98 4111 293 4186 sanctitatis
309 4134 387 4201 sue,
403 4136 469 4209 pro
487 4113 618 4210 quibus
632 4111 700 4210 ipsi
714 4116 756 4186 D.
779 4113 1004 4187 bernardino
1020 4113 1065 4186 de
1086 4113 1250 4210 pecuniis
1265 4112 1419 4210 providit

100 4256 156 4328 pro
173 4235 315 4310 illorum
332 4238 514 4334 expensis.
538 4238 702 4313 Recessit
717 4238 829 4336 igitur
847 4243 890 4312 D.
914 4237 1175 4330 Bernardinus,
1197 4237 1326 4312 eadem
1343 4237 1416 4328 die,

102 4357 323 4452 decennem,
341 4367 474 4438 etcum
493 4385 538 4438 eo
556 4364 693 4438 familia
710 4367 804 4462 Papa
819 4389 827 4454 3
847 4369 1032 4460 equestres
1049 4387 1203 4438 numero
1221 4370 1368 4439 centum
1384 4369 1418 4438 et

103 4539 200 4619 indique
218 4549 351 4622 pourtant
369 4543 593 4606 cirita-Verebia
609 4567 714 4606 comme
733 4547 865 4626 premiere
885 4551 963 4624 ttape
983 4549 1021 4606 du
1040 4567 1125 4624 pape.
1151 4572 1206 4611 a...
1223 4549 1244 4605 ll
1263 4547 1340 4623 Papa
1359 4551 1422 4605 sara

104 4633 197 4692 atraere
217 4635 253 4692 ad
271 4634 494 4694 Civile-Veacbia
512 4651 520 4694 ι
541 4637 651 4695 domani
671 4638 755 4694 andra
774 4657 791 4694 a
807 4636 924 4696 Corneto
946 4639 1019 4696 dous
1042 4637 1122 4696 vuole
1146 4637 1289 4696 domenico
1308 4635 1422 4694 metlino

103 4715 244 4780 huenen:
261 4729 288 4781 et
306 4725 407 4798 perche
423 4724 441 4780 it
462 4731 554 4801 tempo
573 4731 588 4784 ὸ
610 4733 681 4785 stato
702 4726 787 4784 molto
800 4727 902 4784 brusco
923 4731 951 4782 et
971 4725 1115 4794 contrario,
1134 4725 1159 4782 la
1177 4724 1257 4800 galee
1276 4742 1331 4782 non
1353 4742 1422 4782 sono

104 4805 177 4867 ascite
188 4811 214 4867 di
230 4811 348 4871 tiumeet
364 4813 387 4870 si
404 4814 486 4872 stima
500 4815 517 4874 il
532 4817 609 4890 Papa
625 4815 685 4873 atil
704 4817 775 4873 duca
792 4834 848 4873 non
868 4833 897 4872 sa
913 4833 947 4872 ue
965 4822 1100 4890 potranno
1117 4814 1219 4872 servire
1235 4833 1242 4871 :
1258 4822 1287 4873 et
1299 4818 1357 4872 cosi
1374 4832 1421 4872 ro·

104 4893 173 4956 tendo
185 4901 286 4960 andare
299 4898 347 4977 piu
360 4903 462 4973 avanti,
479 4921 597 4963 saranno
607 4907 753 4964 constracti
768 4907 871 4963 andare
885 4923 934 4980 per
947 4913 1027 4963 terra.
1044 4905 1074 4960 Et
1090 4904 1114 4960 si
1127 4904 1209 4960 stima
1222 4919 1277 4961 non
1294 4913 1422 4974 seranna,

103 4985 178 5056 prima
189 4991 238 5048 abe
252 4993 364 5048 retrardi
376 4993 427 5050 che
438 4993 525 5064 viena,
537 4995 573 5052 ad
583 4995 736 5052 Piornbino.
752 4995 837 5061 Dave,
850 5012 898 5068 per
912 4994 1012 5052 bavero
1025 4999 1134 5067 portato
1150 4993 1233 5049 secoil
1246 4993 1424 5052 baldacebino

104 5074 128 5130 di
148 5077 288 5138 broccbato
311 5081 386 5138 d'oro
411 5083 478 5140 tatto
499 5084 526 5140 di
550 5101 650 5155 nuovo,
670 5083 693 5141 si
712 5085 795 5142 erede
809 5087 838 5144 S.
860 5081 1108 5162 Sanctitieuterni
1124 5081 1185 5156 (sa)
1205 5099 1256 5140 con
1276 5099 1376 5158 pompa
1395 5089 1421 5140 et

107 5161 332 5228 honoratamente.
351 5193 365 5222 a
382 5169 466 5244 (Clas.
482 5171 517 5243 X,
533 5173 604 5230 dist.
621 5171 712 5230 2blza
726 5173 771 5244 50,
786 5191 838 5232 ac.
854 5174 911 5247 86.)

138 5256 161 5312 1.
176 5255 212 5318 Le
224 5259 289 5317 livre
303 5260 355 5318 des
366 5265 463 5335 quatre
477 5263 626 5337 evangites,
640 5261 666 5320 le
680 5263 810 5321 Nouaeau
825 5263 993 5321 Testament.

237 5399 264 5440 τ.
286 5400 324 5442 nr.
1253 5388 1286 5444 13
