<?xml version="1.0" encoding="UTF-8"?>
<!DOCTYPE html PUBLIC "-//W3C//DTD XHTML 1.0 Transitional//EN"
    "http://www.w3.org/TR/xhtml1/DTD/xhtml1-transitional.dtd">
<html xmlns="http://www.w3.org/1999/xhtml" xml:lang="en" lang="en">
 <head>
  <title>
</title>
<meta http-equiv="Content-Type" content="text/html;charset=utf-8" />
  <meta name='ocr-system' content='tesseract 3.04.00' />
  <meta name='ocr-capabilities' content='ocr_page ocr_carea ocr_par ocr_line ocrx_word'/>
</head>
<body>
  <div class='ocr_page' id='page_1' title='image "./johannisburchar03burcgoog/johannisburchar03burcgoog_0114.png"; bbox 0 0 3590 6042; ppageno 0'>
   <div class='ocr_carea' id='block_1_1' title="bbox 349 578 1701 648">
    <p class='ocr_par' dir='ltr' id='par_1_1' title="bbox 349 578 1701 648">
     <span class='ocr_line' id='line_1_1' title="bbox 349 578 1701 648; baseline -0.01 -4"><span class='ocrx_word' id='word_1_1' title='bbox 349 591 382 645; x_wconf 74' lang='lat' dir='ltr'>Si</span> <span class='ocrx_word' id='word_1_2' title='bbox 804 579 980 637; x_wconf 75' lang='lat' dir='ltr'>JOHANNlS</span> <span class='ocrx_word' id='word_1_3' title='bbox 1001 579 1222 648; x_wconf 80' lang='lat' dir='ltr'>BURCHARDI,</span> <span class='ocrx_word' id='word_1_4' title='bbox 1517 581 1596 646; x_wconf 73' lang='lat' dir='ltr'>[Avrll</span> <span class='ocrx_word' id='word_1_5' title='bbox 1618 578 1701 642; x_wconf 79' lang='lat'><strong>¹500]</strong></span> 
     </span>
    </p>
   </div>
   <div class='ocr_carea' id='block_1_2' title="bbox 350 705 1704 1436">
    <p class='ocr_par' dir='ltr' id='par_1_2' title="bbox 350 705 1704 1436">
     <span class='ocr_line' id='line_1_2' title="bbox 353 705 1703 838; baseline -0.006 -25"><span class='ocrx_word' id='word_1_6' title='bbox 353 737 575 838; x_wconf 81' lang='lat' dir='ltr'><strong>paramentis</strong></span> <span class='ocrx_word' id='word_1_7' title='bbox 597 736 788 824; x_wconf 87' lang='lat' dir='ltr'>violaceis;</span> <span class='ocrx_word' id='word_1_8' title='bbox 816 761 879 811; x_wconf 85' lang='lat' dir='ltr'>sex</span> <span class='ocrx_word' id='word_1_9' title='bbox 902 739 1027 832; x_wconf 87' lang='lat' dir='ltr'>partes</span> <span class='ocrx_word' id='word_1_10' title='bbox 1050 733 1227 831; x_wconf 80' lang='lat' dir='ltr'>passionis</span> <span class='ocrx_word' id='word_1_11' title='bbox 1251 717 1505 820; x_wconf 82' lang='lat' dir='ltr'>cantaverunt,</span> <span class='ocrx_word' id='word_1_12' title='bbox 1532 705 1703 807; x_wconf 47' lang='grc' dir='ltr'>ειὼῖιή-</span> 
     </span>
     <span class='ocr_line' id='line_1_3' title="bbox 355 859 1704 956; baseline -0.005 -18"><span class='ocrx_word' id='word_1_13' title='bbox 355 866 420 938; x_wconf 89' lang='lat' dir='ltr'>bus</span> <span class='ocrx_word' id='word_1_14' title='bbox 437 863 584 937; x_wconf 90' lang='lat' dir='ltr'>vocibus</span> <span class='ocrx_word' id='word_1_15' title='bbox 602 860 730 949; x_wconf 89' lang='lat' dir='ltr'>semel,</span> <span class='ocrx_word' id='word_1_16' title='bbox 751 860 921 932; x_wconf 91' lang='lat' dir='ltr'>videlicet</span> <span class='ocrx_word' id='word_1_17' title='bbox 942 883 949 930; x_wconf 92' lang='lat'>:</span> <span class='ocrx_word' id='word_1_18' title='bbox 973 859 1096 931; x_wconf 82' lang='lat' dir='ltr'>Tristis</span> <span class='ocrx_word' id='word_1_19' title='bbox 1112 871 1164 930; x_wconf 80' lang='lat' dir='ltr'>est</span> <span class='ocrx_word' id='word_1_20' title='bbox 1176 859 1298 931; x_wconf 84' lang='lat' dir='ltr'>anima</span> <span class='ocrx_word' id='word_1_21' title='bbox 1319 884 1396 932; x_wconf 84' lang='lat' dir='ltr'>meo</span> <span class='ocrx_word' id='word_1_22' title='bbox 1411 885 1521 956; x_wconf 84' lang='lat' dir='ltr'>usque</span> <span class='ocrx_word' id='word_1_23' title='bbox 1537 860 1586 932; x_wconf 87' lang='lat' dir='ltr'>ud</span> <span class='ocrx_word' id='word_1_24' title='bbox 1596 883 1704 932; x_wconf 84' lang='lat' dir='ltr'>mor-</span> 
     </span>
     <span class='ocr_line' id='line_1_4' title="bbox 354 983 1700 1096; baseline -0.005 -34"><span class='ocrx_word' id='word_1_25' title='bbox 354 1003 441 1096; x_wconf 61' lang='lat' dir='ltr'>tarn⁶</span> <span class='ocrx_word' id='word_1_26' title='bbox 454 1031 500 1042; x_wconf 91' lang='lat'>-</span> <span class='ocrx_word' id='word_1_27' title='bbox 527 989 640 1060; x_wconf 75' lang='lat' dir='ltr'>Putea·</span> <span class='ocrx_word' id='word_1_28' title='bbox 656 986 717 1075; x_wconf 80' lang='lat' dir='ltr'>rui,</span> <span class='ocrx_word' id='word_1_29' title='bbox 732 986 763 1056; x_wconf 83' lang='lat' dir='ltr'>si</span> <span class='ocrx_word' id='word_1_30' title='bbox 779 1010 851 1058; x_wconf 80' lang='lat' dir='ltr'>raon</span> <span class='ocrx_word' id='word_1_31' title='bbox 861 996 982 1080; x_wconf 80' lang='lat' dir='ltr'>potest</span> <span class='ocrx_word' id='word_1_32' title='bbox 997 985 1054 1056; x_wconf 89' lang='lat' dir='ltr'>lu&#39;c</span> <span class='ocrx_word' id='word_1_33' title='bbox 1068 983 1162 1055; x_wconf 71' lang='lat' dir='ltr'>colla</span> <span class='ocrx_word' id='word_1_34' title='bbox 1182 986 1333 1058; x_wconf 79' lang='lat' dir='ltr'>transire</span> <span class='ocrx_word' id='word_1_35' title='bbox 1353 985 1424 1056; x_wconf 83' lang='lat' dir='ltr'>uisi</span> <span class='ocrx_word' id='word_1_36' title='bbox 1441 985 1554 1056; x_wconf 81' lang='lat' dir='ltr'>bidom</span> <span class='ocrx_word' id='word_1_37' title='bbox 1570 986 1700 1072; x_wconf 85' lang='lat' dir='ltr'>illum,</span> 
     </span>
     <span class='ocr_line' id='line_1_5' title="bbox 350 1108 1704 1212; baseline -0.006 -25"><span class='ocrx_word' id='word_1_38' title='bbox 350 1115 418 1212; x_wconf 60' lang='grc' dir='ltr'>βαι</span> <span class='ocrx_word' id='word_1_39' title='bbox 432 1113 590 1186; x_wconf 79' lang='lat' dir='ltr'>uoluntas</span> <span class='ocrx_word' id='word_1_40' title='bbox 604 1123 677 1182; x_wconf 73' lang='lat' dir='ltr'>tacu.</span> <span class='ocrx_word' id='word_1_41' title='bbox 697 1151 744 1162; x_wconf 93' lang='lat'><em>-</em></span> <span class='ocrx_word' id='word_1_42' title='bbox 760 1108 858 1200; x_wconf 85' lang='lat' dir='ltr'>Heli,</span> <span class='ocrx_word' id='word_1_43' title='bbox 883 1110 966 1199; x_wconf 82' lang='lat' dir='ltr'>bell,</span> <span class='ocrx_word' id='word_1_44' title='bbox 990 1109 1084 1180; x_wconf 80' lang='lat' dir='ltr'>lauro</span> <span class='ocrx_word' id='word_1_45' title='bbox 1103 1109 1305 1198; x_wconf 69' lang='lat' dir='ltr'>sabathani.</span> <span class='ocrx_word' id='word_1_46' title='bbox 1321 1153 1369 1164; x_wconf 94' lang='lat'>—</span> <span class='ocrx_word' id='word_1_47' title='bbox 1391 1109 1443 1182; x_wconf 85' lang='lat' dir='ltr'>Et</span> <span class='ocrx_word' id='word_1_48' title='bbox 1462 1110 1549 1207; x_wconf 84' lang='lat' dir='ltr'>quid</span> <span class='ocrx_word' id='word_1_49' title='bbox 1566 1110 1704 1182; x_wconf 82' lang='lat' dir='ltr'>dereli-</span> 
     </span>
     <span class='ocr_line' id='line_1_6' title="bbox 354 1232 1702 1334; baseline -0.001 -24"><span class='ocrx_word' id='word_1_50' title='bbox 354 1239 461 1334; x_wconf 81' lang='lat' dir='ltr'>quisti</span> <span class='ocrx_word' id='word_1_51' title='bbox 475 1261 529 1310; x_wconf 84' lang='lat' dir='ltr'>ma</span> <span class='ocrx_word' id='word_1_52' title='bbox 541 1242 557 1309; x_wconf 82' lang='lat' dir='ltr'>l</span> <span class='ocrx_word' id='word_1_53' title='bbox 570 1279 618 1289; x_wconf 95' lang='lat'>-</span> <span class='ocrx_word' id='word_1_54' title='bbox 633 1234 684 1308; x_wconf 81' lang='lat' dir='ltr'>El</span> <span class='ocrx_word' id='word_1_55' title='bbox 700 1234 814 1306; x_wconf 74' lang='lat' dir='ltr'>euri-rit</span> <span class='ocrx_word' id='word_1_56' title='bbox 827 1234 1005 1329; x_wconf 79' lang='lat' dir='ltr'>spiritura.</span> <span class='ocrx_word' id='word_1_57' title='bbox 1030 1275 1078 1286; x_wconf 93' lang='lat'>-</span> <span class='ocrx_word' id='word_1_58' title='bbox 1091 1232 1259 1307; x_wconf 74' lang='lat' dir='ltr'>sedenter</span> <span class='ocrx_word' id='word_1_59' title='bbox 1276 1247 1398 1308; x_wconf 81' lang='lat' dir='ltr'>contra</span> <span class='ocrx_word' id='word_1_60' title='bbox 1412 1235 1629 1331; x_wconf 81' lang='lat' dir='ltr'>sepulcrum.</span> <span class='ocrx_word' id='word_1_61' title='bbox 1646 1277 1702 1288; x_wconf 91' lang='lat'><em>-</em></span> 
     </span>
     <span class='ocr_line' id='line_1_7' title="bbox 354 1360 1254 1436; baseline -0.01 -1"><span class='ocrx_word' id='word_1_62' title='bbox 354 1363 435 1436; x_wconf 78' lang='lat' dir='ltr'>alia</span> <span class='ocrx_word' id='word_1_63' title='bbox 452 1384 557 1435; x_wconf 92' lang='lat' dir='ltr'>more</span> <span class='ocrx_word' id='word_1_64' title='bbox 576 1360 694 1433; x_wconf 91' lang='lat' dir='ltr'>solito.</span> <span class='ocrx_word' id='word_1_65' title='bbox 1250 1361 1254 1368; x_wconf 89' lang='lat'>&#39;</span> 
     </span>
    </p>
   </div>
   <div class='ocr_carea' id='block_1_3' title="bbox 406 1482 1792 1572">
    <p class='ocr_par' dir='ltr' id='par_1_3' title="bbox 406 1482 1792 1572">
     <span class='ocr_line' id='line_1_8' title="bbox 406 1482 1792 1572; baseline -0.004 -12"><span class='ocrx_word' id='word_1_66' title='bbox 406 1487 514 1560; x_wconf 83' lang='lat' dir='ltr'>Faria</span> <span class='ocrx_word' id='word_1_67' title='bbox 541 1484 716 1571; x_wconf 85' lang='lat' dir='ltr'>secunda,</span> <span class='ocrx_word' id='word_1_68' title='bbox 742 1483 830 1556; x_wconf 87' lang='lat' dir='ltr'>dicti</span> <span class='ocrx_word' id='word_1_69' title='bbox 853 1482 989 1555; x_wconf 84' lang='lat' dir='ltr'>mensis</span> <span class='ocrx_word' id='word_1_70' title='bbox 1017 1486 1073 1570; x_wconf 85' lang='lat'>13,</span> <span class='ocrx_word' id='word_1_71' title='bbox 1097 1484 1234 1557; x_wconf 92' lang='lat' dir='ltr'>lllmus.</span> <span class='ocrx_word' id='word_1_72' title='bbox 1258 1485 1330 1557; x_wconf 86' lang='lat' dir='ltr'>dux</span> <span class='ocrx_word' id='word_1_73' title='bbox 1354 1484 1566 1560; x_wconf 74' lang='lat' dir='ltr'>Valentinus</span> <span class='ocrx_word' id='word_1_74' title='bbox 1590 1484 1700 1556; x_wconf 92' lang='lat' dir='ltr'>misit</span> <span class='ocrx_word' id='word_1_75' title='bbox 1791 1565 1792 1572; x_wconf 7' lang='grc' dir='ltr'>ἵ</span> 
     </span>
    </p>
   </div>
   <div class='ocr_carea' id='block_1_4' title="bbox 355 1607 1703 2081">
    <p class='ocr_par' dir='ltr' id='par_1_4' title="bbox 355 1607 1703 2081">
     <span class='ocr_line' id='line_1_9' title="bbox 356 1607 1703 1707; baseline -0.004 -21"><span class='ocrx_word' id='word_1_76' title='bbox 356 1613 444 1686; x_wconf 90' lang='lat' dir='ltr'>mibi</span> <span class='ocrx_word' id='word_1_77' title='bbox 465 1617 541 1684; x_wconf 86' lang='lat' dir='ltr'>tres</span> <span class='ocrx_word' id='word_1_78' title='bbox 559 1633 695 1682; x_wconf 89' lang='lat' dir='ltr'>cannas</span> <span class='ocrx_word' id='word_1_79' title='bbox 718 1607 827 1704; x_wconf 90' lang='lat' dir='ltr'>panni</span> <span class='ocrx_word' id='word_1_80' title='bbox 851 1607 965 1680; x_wconf 86' lang='lat' dir='ltr'>rasati</span> <span class='ocrx_word' id='word_1_81' title='bbox 989 1608 1168 1698; x_wconf 90' lang='lat' dir='ltr'>linissimi,</span> <span class='ocrx_word' id='word_1_82' title='bbox 1195 1635 1262 1707; x_wconf 89' lang='lat' dir='ltr'>pro</span> <span class='ocrx_word' id='word_1_83' title='bbox 1284 1635 1356 1706; x_wconf 91' lang='lat' dir='ltr'>quo</span> <span class='ocrx_word' id='word_1_84' title='bbox 1380 1610 1484 1683; x_wconf 90' lang='lat' dir='ltr'>solvit</span> <span class='ocrx_word' id='word_1_85' title='bbox 1507 1610 1551 1682; x_wconf 94' lang='lat' dir='ltr'>ad</span> <span class='ocrx_word' id='word_1_86' title='bbox 1578 1609 1703 1682; x_wconf 85' lang='lat' dir='ltr'>ratio-</span> 
     </span>
     <span class='ocr_line' id='line_1_10' title="bbox 356 1732 1701 1832; baseline -0.004 -21"><span class='ocrx_word' id='word_1_87' title='bbox 356 1761 441 1811; x_wconf 92' lang='lat' dir='ltr'>nem</span> <span class='ocrx_word' id='word_1_88' title='bbox 467 1734 646 1808; x_wconf 75' lang='lat' dir='ltr'>tredecim</span> <span class='ocrx_word' id='word_1_89' title='bbox 673 1734 893 1805; x_wconf 91' lang='lat' dir='ltr'>ducatorum</span> <span class='ocrx_word' id='word_1_90' title='bbox 915 1732 952 1804; x_wconf 91' lang='lat' dir='ltr'>in</span> <span class='ocrx_word' id='word_1_91' title='bbox 977 1757 1069 1806; x_wconf 93' lang='lat' dir='ltr'>auro</span> <span class='ocrx_word' id='word_1_92' title='bbox 1091 1758 1158 1830; x_wconf 91' lang='lat' dir='ltr'>pro</span> <span class='ocrx_word' id='word_1_93' title='bbox 1188 1759 1318 1824; x_wconf 91' lang='lat' dir='ltr'>canna,</span> <span class='ocrx_word' id='word_1_94' title='bbox 1346 1739 1453 1832; x_wconf 84' lang='lat' dir='ltr'>prout</span> <span class='ocrx_word' id='word_1_95' title='bbox 1481 1759 1502 1806; x_wconf 92' lang='lat' dir='ltr'>a</span> <span class='ocrx_word' id='word_1_96' title='bbox 1529 1735 1701 1830; x_wconf 87' lang='lat' dir='ltr'>quodam</span> 
     </span>
     <span class='ocr_line' id='line_1_11' title="bbox 357 1857 1702 1957; baseline -0.002 -23"><span class='ocrx_word' id='word_1_97' title='bbox 357 1860 536 1948; x_wconf 81' lang='lat' dir='ltr'>intelleri;</span> <span class='ocrx_word' id='word_1_98' title='bbox 559 1859 656 1932; x_wconf 92' lang='lat' dir='ltr'>idem</span> <span class='ocrx_word' id='word_1_99' title='bbox 680 1858 781 1930; x_wconf 90' lang='lat' dir='ltr'>dedit</span> <span class='ocrx_word' id='word_1_100' title='bbox 804 1857 904 1930; x_wconf 92' lang='lat' dir='ltr'>socio</span> <span class='ocrx_word' id='word_1_101' title='bbox 928 1881 1024 1946; x_wconf 90' lang='lat' dir='ltr'>meo,</span> <span class='ocrx_word' id='word_1_102' title='bbox 1051 1859 1096 1930; x_wconf 87' lang='lat' dir='ltr'>de</span> <span class='ocrx_word' id='word_1_103' title='bbox 1120 1859 1226 1957; x_wconf 88' lang='lat' dir='ltr'>cujus</span> <span class='ocrx_word' id='word_1_104' title='bbox 1250 1883 1431 1933; x_wconf 90' lang='lat' dir='ltr'>consensu</span> <span class='ocrx_word' id='word_1_105' title='bbox 1454 1859 1579 1932; x_wconf 90' lang='lat' dir='ltr'>remisi</span> <span class='ocrx_word' id='word_1_106' title='bbox 1604 1859 1702 1932; x_wconf 85' lang='lat' dir='ltr'>duci</span> 
     </span>
     <span class='ocr_line' id='line_1_12' title="bbox 355 1977 1386 2081; baseline -0.004 -21"><span class='ocrx_word' id='word_1_107' title='bbox 355 1993 494 2060; x_wconf 92' lang='lat' dir='ltr'>vestem</span> <span class='ocrx_word' id='word_1_108' title='bbox 511 2007 621 2081; x_wconf 89' lang='lat' dir='ltr'>quam</span> <span class='ocrx_word' id='word_1_109' title='bbox 640 1983 676 2055; x_wconf 94' lang='lat' dir='ltr'>in</span> <span class='ocrx_word' id='word_1_110' title='bbox 693 1982 878 2055; x_wconf 85' lang='lat' dir='ltr'>dominica</span> <span class='ocrx_word' id='word_1_111' title='bbox 895 1981 1023 2054; x_wconf 83' lang='lat' dir='ltr'>Leture</span> <span class='ocrx_word' id='word_1_112' title='bbox 1042 1983 1087 2056; x_wconf 87' lang='lat' dir='ltr'>ab</span> <span class='ocrx_word' id='word_1_113' title='bbox 1106 2007 1150 2056; x_wconf 92' lang='lat' dir='ltr'>eo</span> <span class='ocrx_word' id='word_1_114' title='bbox 1168 1977 1386 2058; x_wconf 82' lang='lat' dir='ltr'>habueram.</span> 
     </span>
    </p>
   </div>
   <div class='ocr_carea' id='block_1_5' title="bbox 407 2107 1793 2206">
    <p class='ocr_par' dir='ltr' id='par_1_5' title="bbox 407 2107 1793 2206">
     <span class='ocr_line' id='line_1_13' title="bbox 407 2107 1793 2206; baseline -0.002 -22"><span class='ocrx_word' id='word_1_115' title='bbox 407 2110 512 2184; x_wconf 87' lang='lat' dir='ltr'>Feria</span> <span class='ocrx_word' id='word_1_116' title='bbox 530 2107 651 2194; x_wconf 90' lang='lat' dir='ltr'>tertia,</span> <span class='ocrx_word' id='word_1_117' title='bbox 674 2111 717 2178; x_wconf 75' lang='lat' dir='ltr'>lt</span> <span class='ocrx_word' id='word_1_118' title='bbox 737 2107 824 2179; x_wconf 89' lang='lat' dir='ltr'>dicti</span> <span class='ocrx_word' id='word_1_119' title='bbox 841 2107 975 2179; x_wconf 93' lang='lat' dir='ltr'>mensis</span> <span class='ocrx_word' id='word_1_120' title='bbox 994 2107 1133 2203; x_wconf 83' lang='lat' dir='ltr'>aprilis,</span> <span class='ocrx_word' id='word_1_121' title='bbox 1155 2110 1218 2181; x_wconf 90' lang='lat' dir='ltr'>SS.</span> <span class='ocrx_word' id='word_1_122' title='bbox 1238 2112 1280 2181; x_wconf 89' lang='lat' dir='ltr'>D.</span> <span class='ocrx_word' id='word_1_123' title='bbox 1303 2112 1344 2182; x_wconf 87' lang='lat' dir='ltr'>N.</span> <span class='ocrx_word' id='word_1_124' title='bbox 1367 2115 1517 2206; x_wconf 90' lang='lat' dir='ltr'>paratus</span> <span class='ocrx_word' id='word_1_125' title='bbox 1536 2109 1697 2186; x_wconf 82' lang='lat' dir='ltr'>amictu.</span> <span class='ocrx_word' id='word_1_126' title='bbox 1792 2113 1793 2118; x_wconf 75' lang='grc'>’</span> 
     </span>
    </p>
   </div>
   <div class='ocr_carea' id='block_1_6' title="bbox 358 2231 1702 2455">
    <p class='ocr_par' dir='ltr' id='par_1_6' title="bbox 358 2231 1702 2455">
     <span class='ocr_line' id='line_1_14' title="bbox 358 2231 1702 2331; baseline -0.004 -21"><span class='ocrx_word' id='word_1_127' title='bbox 358 2237 454 2324; x_wconf 91' lang='lat' dir='ltr'>alba,</span> <span class='ocrx_word' id='word_1_128' title='bbox 478 2232 624 2330; x_wconf 85' lang='lat' dir='ltr'>cingulo</span> <span class='ocrx_word' id='word_1_129' title='bbox 644 2236 680 2304; x_wconf 90' lang='lat' dir='ltr'>et</span> <span class='ocrx_word' id='word_1_130' title='bbox 708 2231 801 2304; x_wconf 90' lang='lat' dir='ltr'>stola</span> <span class='ocrx_word' id='word_1_131' title='bbox 828 2236 864 2303; x_wconf 90' lang='lat' dir='ltr'>et</span> <span class='ocrx_word' id='word_1_132' title='bbox 890 2232 1048 2328; x_wconf 88' lang='lat' dir='ltr'>desuper</span> <span class='ocrx_word' id='word_1_133' title='bbox 1071 2233 1263 2329; x_wconf 77' lang='lat' dir='ltr'>capasiae,</span> <span class='ocrx_word' id='word_1_134' title='bbox 1295 2233 1506 2307; x_wconf 70' lang='lat' dir='ltr'>visitaturus</span> <span class='ocrx_word' id='word_1_135' title='bbox 1533 2239 1702 2331; x_wconf 90' lang='lat' dir='ltr'>quatuor</span> 
     </span>
     <span class='ocr_line' id='line_1_15' title="bbox 358 2356 1699 2455; baseline -0.003 -19"><span class='ocrx_word' id='word_1_136' title='bbox 358 2359 532 2435; x_wconf 85' lang='lat' dir='ltr'>ecclesias</span> <span class='ocrx_word' id='word_1_137' title='bbox 551 2356 739 2431; x_wconf 89' lang='lat' dir='ltr'>ordinatas</span> <span class='ocrx_word' id='word_1_138' title='bbox 756 2381 821 2452; x_wconf 92' lang='lat' dir='ltr'>pro</span> <span class='ocrx_word' id='word_1_139' title='bbox 834 2357 972 2453; x_wconf 87' lang='lat' dir='ltr'>jubileo</span> <span class='ocrx_word' id='word_1_140' title='bbox 993 2359 1265 2454; x_wconf 87' lang='lat' dir='ltr'>consequendo,</span> <span class='ocrx_word' id='word_1_141' title='bbox 1286 2360 1508 2455; x_wconf 87' lang='lat' dir='ltr'>precedente</span> <span class='ocrx_word' id='word_1_142' title='bbox 1527 2383 1639 2433; x_wconf 87' lang='lat' dir='ltr'>cruce</span> <span class='ocrx_word' id='word_1_143' title='bbox 1661 2367 1699 2432; x_wconf 88' lang='lat' dir='ltr'>et</span> 
     </span>
    </p>
   </div>
   <div class='ocr_carea' id='block_1_7' title="bbox 358 2481 1794 2594">
    <p class='ocr_par' dir='ltr' id='par_1_7' title="bbox 358 2481 1794 2594">
     <span class='ocr_line' id='line_1_16' title="bbox 358 2481 1794 2594; baseline -0.002 -34"><span class='ocrx_word' id='word_1_144' title='bbox 358 2483 618 2570; x_wconf 81' lang='lat' dir='ltr'>cardinalibus,</span> <span class='ocrx_word' id='word_1_145' title='bbox 651 2482 840 2554; x_wconf 90' lang='lat' dir='ltr'>descendit</span> <span class='ocrx_word' id='word_1_146' title='bbox 868 2483 913 2554; x_wconf 87' lang='lat' dir='ltr'>ad</span> <span class='ocrx_word' id='word_1_147' title='bbox 942 2481 1130 2556; x_wconf 90' lang='lat' dir='ltr'>basilicam</span> <span class='ocrx_word' id='word_1_148' title='bbox 1160 2508 1188 2556; x_wconf 90' lang='lat' dir='ltr'>s.</span> <span class='ocrx_word' id='word_1_149' title='bbox 1219 2483 1331 2556; x_wconf 88' lang='lat' dir='ltr'>Petri.</span> <span class='ocrx_word' id='word_1_150' title='bbox 1360 2485 1534 2558; x_wconf 78' lang='lat' dir='ltr'>Ascendit</span> <span class='ocrx_word' id='word_1_151' title='bbox 1559 2485 1701 2558; x_wconf 89' lang='lat' dir='ltr'>deinde</span> <span class='ocrx_word' id='word_1_152' title='bbox 1793 2573 1794 2594; x_wconf 60' lang='lat'>,</span> 
     </span>
    </p>
   </div>
   <div class='ocr_carea' id='block_1_8' title="bbox 334 2605 1702 5328">
    <p class='ocr_par' dir='ltr' id='par_1_8' title="bbox 334 2605 1702 5328">
     <span class='ocr_line' id='line_1_17' title="bbox 359 2605 1702 2708; baseline -0.002 -24"><span class='ocrx_word' id='word_1_153' title='bbox 359 2634 494 2708; x_wconf 90' lang='lat' dir='ltr'>equum</span> <span class='ocrx_word' id='word_1_154' title='bbox 518 2605 724 2682; x_wconf 89' lang='lat' dir='ltr'>cumomni</span> <span class='ocrx_word' id='word_1_155' title='bbox 748 2607 856 2679; x_wconf 86' lang='lat' dir='ltr'>solita</span> <span class='ocrx_word' id='word_1_156' title='bbox 872 2630 1021 2703; x_wconf 90' lang='lat' dir='ltr'>pompa,</span> <span class='ocrx_word' id='word_1_157' title='bbox 1043 2614 1077 2680; x_wconf 92' lang='lat' dir='ltr'>et</span> <span class='ocrx_word' id='word_1_158' title='bbox 1097 2609 1319 2704; x_wconf 88' lang='lat' dir='ltr'>precedente</span> <span class='ocrx_word' id='word_1_159' title='bbox 1344 2633 1468 2698; x_wconf 88' lang='lat' dir='ltr'>eruce,</span> <span class='ocrx_word' id='word_1_160' title='bbox 1498 2609 1702 2682; x_wconf 90' lang='lat' dir='ltr'>cardinali·</span> 
     </span>
     <span class='ocr_line' id='line_1_18' title="bbox 359 2731 1700 2832; baseline -0.001 -23"><span class='ocrx_word' id='word_1_161' title='bbox 359 2737 426 2810; x_wconf 88' lang='lat' dir='ltr'>bus</span> <span class='ocrx_word' id='word_1_162' title='bbox 444 2757 594 2810; x_wconf 85' lang='lat' dir='ltr'>crucem</span> <span class='ocrx_word' id='word_1_163' title='bbox 619 2731 856 2826; x_wconf 89' lang='lat' dir='ltr'>sequentibus</span> <span class='ocrx_word' id='word_1_164' title='bbox 876 2737 913 2804; x_wconf 86' lang='lat' dir='ltr'>et</span> <span class='ocrx_word' id='word_1_165' title='bbox 936 2737 1018 2828; x_wconf 88' lang='lat' dir='ltr'>post</span> <span class='ocrx_word' id='word_1_166' title='bbox 1040 2755 1103 2806; x_wconf 92' lang='lat' dir='ltr'>eos</span> <span class='ocrx_word' id='word_1_167' title='bbox 1126 2734 1219 2807; x_wconf 89' lang='lat' dir='ltr'>duce</span> <span class='ocrx_word' id='word_1_168' title='bbox 1241 2735 1427 2830; x_wconf 86' lang='lat' dir='ltr'>equitante</span> <span class='ocrx_word' id='word_1_169' title='bbox 1451 2759 1535 2808; x_wconf 89' lang='lat' dir='ltr'>cum</span> <span class='ocrx_word' id='word_1_170' title='bbox 1557 2759 1700 2832; x_wconf 82' lang='lat' dir='ltr'>magna</span> 
     </span>
     <span class='ocr_line' id='line_1_19' title="bbox 360 2855 1700 2955; baseline -0.001 -22"><span class='ocrx_word' id='word_1_171' title='bbox 360 2859 531 2933; x_wconf 87' lang='lat' dir='ltr'>comitiva</span> <span class='ocrx_word' id='word_1_172' title='bbox 552 2859 800 2932; x_wconf 82' lang='lat' dir='ltr'>stellariorum</span> <span class='ocrx_word' id='word_1_173' title='bbox 828 2855 1022 2930; x_wconf 89' lang='lat' dir='ltr'>alabardas</span> <span class='ocrx_word' id='word_1_174' title='bbox 1050 2858 1291 2954; x_wconf 88' lang='lat' dir='ltr'>portantium,</span> <span class='ocrx_word' id='word_1_175' title='bbox 1322 2883 1412 2954; x_wconf 92' lang='lat' dir='ltr'>quos</span> <span class='ocrx_word' id='word_1_176' title='bbox 1439 2861 1538 2955; x_wconf 89' lang='lat' dir='ltr'>Papa</span> <span class='ocrx_word' id='word_1_177' title='bbox 1561 2881 1700 2953; x_wconf 92' lang='lat' dir='ltr'>seque-</span> 
     </span>
     <span class='ocr_line' id='line_1_20' title="bbox 360 2980 1701 3080; baseline -0.001 -24"><span class='ocrx_word' id='word_1_178' title='bbox 360 2985 468 3057; x_wconf 89' lang='lat' dir='ltr'>batur</span> <span class='ocrx_word' id='word_1_179' title='bbox 486 2987 522 3055; x_wconf 88' lang='lat' dir='ltr'>et</span> <span class='ocrx_word' id='word_1_180' title='bbox 542 2989 623 3080; x_wconf 87' lang='lat' dir='ltr'>post</span> <span class='ocrx_word' id='word_1_181' title='bbox 642 3007 726 3056; x_wconf 90' lang='lat' dir='ltr'>eum</span> <span class='ocrx_word' id='word_1_182' title='bbox 745 2980 893 3078; x_wconf 90' lang='lat' dir='ltr'>prelati,</span> <span class='ocrx_word' id='word_1_183' title='bbox 914 2980 1043 3054; x_wconf 88' lang='lat' dir='ltr'>ordine</span> <span class='ocrx_word' id='word_1_184' title='bbox 1063 2987 1257 3072; x_wconf 82' lang='lat' dir='ltr'>consuet03</span> <span class='ocrx_word' id='word_1_185' title='bbox 1279 3007 1369 3080; x_wconf 88' lang='lat' dir='ltr'>quos</span> <span class='ocrx_word' id='word_1_186' title='bbox 1392 2983 1588 3056; x_wconf 91' lang='lat' dir='ltr'>multitudo</span> <span class='ocrx_word' id='word_1_187' title='bbox 1606 3007 1701 3080; x_wconf 80' lang='lat' dir='ltr'>geu-</span> 
     </span>
     <span class='ocr_line' id='line_1_21' title="bbox 362 3105 1700 3204; baseline 0.001 -24"><span class='ocrx_word' id='word_1_188' title='bbox 362 3109 453 3180; x_wconf 89' lang='lat' dir='ltr'>tium</span> <span class='ocrx_word' id='word_1_189' title='bbox 481 3130 672 3180; x_wconf 91' lang='lat' dir='ltr'>armorum</span> <span class='ocrx_word' id='word_1_190' title='bbox 695 3105 931 3202; x_wconf 87' lang='lat' dir='ltr'>sequebatur.</span> <span class='ocrx_word' id='word_1_191' title='bbox 961 3105 1143 3200; x_wconf 89' lang='lat' dir='ltr'>Equitavit</span> <span class='ocrx_word' id='word_1_192' title='bbox 1170 3131 1237 3203; x_wconf 91' lang='lat' dir='ltr'>per</span> <span class='ocrx_word' id='word_1_193' title='bbox 1265 3131 1438 3204; x_wconf 88' lang='lat' dir='ltr'>campum</span> <span class='ocrx_word' id='word_1_194' title='bbox 1464 3108 1585 3194; x_wconf 88' lang='lat' dir='ltr'>Flore,</span> <span class='ocrx_word' id='word_1_195' title='bbox 1617 3109 1700 3203; x_wconf 91' lang='lat' dir='ltr'>pla-</span> 
     </span>
     <span class='ocr_line' id='line_1_22' title="bbox 361 3229 1698 3329; baseline 0.001 -24"><span class='ocrx_word' id='word_1_196' title='bbox 361 3238 459 3306; x_wconf 89' lang='lat' dir='ltr'>team</span> <span class='ocrx_word' id='word_1_197' title='bbox 480 3231 696 3321; x_wconf 88' lang='lat' dir='ltr'>Judeorum,</span> <span class='ocrx_word' id='word_1_198' title='bbox 720 3229 902 3326; x_wconf 90' lang='lat' dir='ltr'>hospitale</span> <span class='ocrx_word' id='word_1_199' title='bbox 926 3254 955 3303; x_wconf 89' lang='lat' dir='ltr'>s.</span> <span class='ocrx_word' id='word_1_200' title='bbox 976 3231 1090 3303; x_wconf 84' lang='lat' dir='ltr'>Maria</span> <span class='ocrx_word' id='word_1_201' title='bbox 1115 3231 1150 3302; x_wconf 94' lang='lat' dir='ltr'>in</span> <span class='ocrx_word' id='word_1_202' title='bbox 1176 3232 1337 3321; x_wconf 87' lang='lat' dir='ltr'>Portica,</span> <span class='ocrx_word' id='word_1_203' title='bbox 1359 3257 1387 3304; x_wconf 94' lang='lat' dir='ltr'>s.</span> <span class='ocrx_word' id='word_1_204' title='bbox 1409 3232 1627 3329; x_wconf 81' lang='lat' dir='ltr'>Gregorium</span> <span class='ocrx_word' id='word_1_205' title='bbox 1646 3234 1698 3306; x_wconf 88' lang='lat' dir='ltr'>ad</span> 
     </span>
     <span class='ocr_line' id='line_1_23' title="bbox 361 3352 1698 3450; baseline -0.001 -21"><span class='ocrx_word' id='word_1_206' title='bbox 361 3381 389 3429; x_wconf 92' lang='lat' dir='ltr'>s.</span> <span class='ocrx_word' id='word_1_207' title='bbox 424 3355 577 3430; x_wconf 85' lang='lat' dir='ltr'>Paulum</span> <span class='ocrx_word' id='word_1_208' title='bbox 603 3362 640 3429; x_wconf 94' lang='lat' dir='ltr'>et</span> <span class='ocrx_word' id='word_1_209' title='bbox 661 3355 745 3428; x_wconf 92' lang='lat' dir='ltr'>inde</span> <span class='ocrx_word' id='word_1_210' title='bbox 769 3354 814 3427; x_wconf 88' lang='lat' dir='ltr'>ad</span> <span class='ocrx_word' id='word_1_211' title='bbox 842 3379 870 3428; x_wconf 92' lang='lat' dir='ltr'>s.</span> <span class='ocrx_word' id='word_1_212' title='bbox 902 3352 1108 3428; x_wconf 87' lang='lat' dir='ltr'>Johannem</span> <span class='ocrx_word' id='word_1_213' title='bbox 1136 3359 1437 3450; x_wconf 88' lang='lat' dir='ltr'>Lateranensem,</span> <span class='ocrx_word' id='word_1_214' title='bbox 1469 3357 1618 3429; x_wconf 91' lang='lat' dir='ltr'>tandem</span> <span class='ocrx_word' id='word_1_215' title='bbox 1647 3357 1698 3430; x_wconf 89' lang='lat' dir='ltr'>ad</span> 
     </span>
     <span class='ocr_line' id='line_1_24' title="bbox 362 3481 1693 3580; baseline -0.001 -25"><span class='ocrx_word' id='word_1_216' title='bbox 362 3481 571 3555; x_wconf 72' lang='lat' dir='ltr'>albariam</span> <span class='ocrx_word' id='word_1_217' title='bbox 596 3483 792 3580; x_wconf 91' lang='lat' dir='ltr'>majorem.</span> <span class='ocrx_word' id='word_1_218' title='bbox 823 3481 1009 3553; x_wconf 87' lang='lat' dir='ltr'>Concessit</span> <span class='ocrx_word' id='word_1_219' title='bbox 1035 3481 1204 3554; x_wconf 91' lang='lat' dir='ltr'>omnibus</span> <span class='ocrx_word' id='word_1_220' title='bbox 1233 3481 1432 3571; x_wconf 90' lang='lat' dir='ltr'>canonicis,</span> <span class='ocrx_word' id='word_1_221' title='bbox 1463 3482 1693 3556; x_wconf 86' lang='lat' dir='ltr'>beneficiatis</span> 
     </span>
     <span class='ocr_line' id='line_1_25' title="bbox 362 3606 1696 3694; baseline -0.001 -13"><span class='ocrx_word' id='word_1_222' title='bbox 362 3613 398 3681; x_wconf 91' lang='lat' dir='ltr'>et</span> <span class='ocrx_word' id='word_1_223' title='bbox 421 3607 565 3681; x_wconf 89' lang='lat' dir='ltr'>clericis</span> <span class='ocrx_word' id='word_1_224' title='bbox 588 3632 616 3680; x_wconf 79' lang='lat' dir='ltr'>a.</span> <span class='ocrx_word' id='word_1_225' title='bbox 643 3607 754 3694; x_wconf 85' lang='lat' dir='ltr'>Petri,</span> <span class='ocrx_word' id='word_1_226' title='bbox 776 3632 804 3678; x_wconf 90' lang='lat' dir='ltr'>s.</span> <span class='ocrx_word' id='word_1_227' title='bbox 826 3606 1000 3677; x_wconf 87' lang='lat' dir='ltr'>lobannis</span> <span class='ocrx_word' id='word_1_228' title='bbox 1028 3607 1284 3679; x_wconf 88' lang='lat' dir='ltr'>Lateranensis</span> <span class='ocrx_word' id='word_1_229' title='bbox 1308 3613 1344 3680; x_wconf 91' lang='lat' dir='ltr'>et</span> <span class='ocrx_word' id='word_1_230' title='bbox 1368 3607 1403 3678; x_wconf 93' lang='lat' dir='ltr'>b.</span> <span class='ocrx_word' id='word_1_231' title='bbox 1431 3607 1545 3680; x_wconf 81' lang='lat' dir='ltr'>Maria</span> <span class='ocrx_word' id='word_1_232' title='bbox 1570 3607 1696 3680; x_wconf 90' lang='lat' dir='ltr'>eccle-</span> 
     </span>
     <span class='ocr_line' id='line_1_26' title="bbox 362 3731 1698 3828; baseline -0.001 -22"><span class='ocrx_word' id='word_1_233' title='bbox 362 3733 500 3806; x_wconf 91' lang='lat' dir='ltr'>siarum</span> <span class='ocrx_word' id='word_1_234' title='bbox 517 3733 553 3804; x_wconf 92' lang='lat' dir='ltr'>id</span> <span class='ocrx_word' id='word_1_235' title='bbox 570 3733 773 3805; x_wconf 86' lang='lat' dir='ltr'>successive</span> <span class='ocrx_word' id='word_1_236' title='bbox 799 3731 1019 3827; x_wconf 84' lang='lat' dir='ltr'>patentibus,</span> <span class='ocrx_word' id='word_1_237' title='bbox 1044 3732 1142 3826; x_wconf 90' lang='lat' dir='ltr'>quod</span> <span class='ocrx_word' id='word_1_238' title='bbox 1168 3732 1346 3805; x_wconf 90' lang='lat' dir='ltr'>visitando</span> <span class='ocrx_word' id='word_1_239' title='bbox 1366 3757 1438 3805; x_wconf 92' lang='lat' dir='ltr'>una</span> <span class='ocrx_word' id='word_1_240' title='bbox 1457 3733 1515 3805; x_wconf 92' lang='lat' dir='ltr'>die</span> <span class='ocrx_word' id='word_1_241' title='bbox 1534 3738 1698 3828; x_wconf 89' lang='lat' dir='ltr'>quatuor</span> 
     </span>
     <span class='ocr_line' id='line_1_27' title="bbox 362 3855 1699 3954; baseline 0.001 -26"><span class='ocrx_word' id='word_1_242' title='bbox 362 3855 536 3928; x_wconf 85' lang='lat' dir='ltr'>ecclesias</span> <span class='ocrx_word' id='word_1_243' title='bbox 563 3855 771 3951; x_wconf 63' lang='lat' dir='ltr'>deputatas</span> <span class='ocrx_word' id='word_1_244' title='bbox 801 3859 838 3926; x_wconf 91' lang='lat' dir='ltr'>et</span> <span class='ocrx_word' id='word_1_245' title='bbox 870 3855 1032 3928; x_wconf 88' lang='lat' dir='ltr'>ecclesiis</span> <span class='ocrx_word' id='word_1_246' title='bbox 1066 3856 1138 3928; x_wconf 92' lang='lat' dir='ltr'>suis</span> <span class='ocrx_word' id='word_1_247' title='bbox 1164 3857 1341 3953; x_wconf 89' lang='lat' dir='ltr'>predictis</span> <span class='ocrx_word' id='word_1_248' title='bbox 1366 3857 1569 3954; x_wconf 89' lang='lat' dir='ltr'>respective</span> <span class='ocrx_word' id='word_1_249' title='bbox 1602 3858 1699 3932; x_wconf 89' lang='lat' dir='ltr'>bene</span> 
     </span>
     <span class='ocr_line' id='line_1_28' title="bbox 362 3979 1698 4078; baseline 0.002 -25"><span class='ocrx_word' id='word_1_250' title='bbox 362 3979 592 4053; x_wconf 90' lang='lat' dir='ltr'>inserviendo</span> <span class='ocrx_word' id='word_1_251' title='bbox 620 3985 934 4074; x_wconf 85' lang='lat' dir='ltr'>consequerentur</span> <span class='ocrx_word' id='word_1_252' title='bbox 961 3981 1206 4078; x_wconf 82' lang='lat' dir='ltr'>indulgentias</span> <span class='ocrx_word' id='word_1_253' title='bbox 1232 4005 1275 4054; x_wconf 92' lang='lat' dir='ltr'>ac</span> <span class='ocrx_word' id='word_1_254' title='bbox 1303 3982 1346 4072; x_wconf 90' lang='lat' dir='ltr'>si,</span> <span class='ocrx_word' id='word_1_255' title='bbox 1372 3987 1469 4071; x_wconf 88' lang='lat' dir='ltr'>ete.;</span> <span class='ocrx_word' id='word_1_256' title='bbox 1496 3987 1533 4056; x_wconf 92' lang='lat' dir='ltr'>et</span> <span class='ocrx_word' id='word_1_257' title='bbox 1556 3983 1698 4056; x_wconf 87' lang='lat' dir='ltr'>dictum</span> 
     </span>
     <span class='ocr_line' id='line_1_29' title="bbox 362 4103 1700 4202; baseline 0.003 -26"><span class='ocrx_word' id='word_1_258' title='bbox 362 4105 429 4177; x_wconf 86' lang='lat' dir='ltr'>luit</span> <span class='ocrx_word' id='word_1_259' title='bbox 456 4103 558 4190; x_wconf 93' lang='lat' dir='ltr'>mihi,</span> <span class='ocrx_word' id='word_1_260' title='bbox 589 4104 652 4176; x_wconf 91' lang='lat' dir='ltr'>sed</span> <span class='ocrx_word' id='word_1_261' title='bbox 680 4127 701 4175; x_wconf 90' lang='lat' dir='ltr'>a</span> <span class='ocrx_word' id='word_1_262' title='bbox 728 4106 827 4200; x_wconf 90' lang='lat' dir='ltr'>Papa</span> <span class='ocrx_word' id='word_1_263' title='bbox 853 4127 927 4177; x_wconf 92' lang='lat' dir='ltr'>non</span> <span class='ocrx_word' id='word_1_264' title='bbox 953 4105 1085 4194; x_wconf 88' lang='lat' dir='ltr'>audivi,</span> <span class='ocrx_word' id='word_1_265' title='bbox 1117 4107 1214 4201; x_wconf 75' lang='lat' dir='ltr'>(quod</span> <span class='ocrx_word' id='word_1_266' title='bbox 1241 4106 1318 4202; x_wconf 87' lang='lat' dir='ltr'>ipse</span> <span class='ocrx_word' id='word_1_267' title='bbox 1349 4111 1447 4202; x_wconf 89' lang='lat' dir='ltr'>Papa</span> <span class='ocrx_word' id='word_1_268' title='bbox 1475 4107 1510 4179; x_wconf 95' lang='lat' dir='ltr'>in</span> <span class='ocrx_word' id='word_1_269' title='bbox 1539 4107 1700 4180; x_wconf 85' lang='lat' dir='ltr'>ecclesia</span> 
     </span>
     <span class='ocr_line' id='line_1_30' title="bbox 364 4227 1699 4304; baseline 0.003 -4"><span class='ocrx_word' id='word_1_270' title='bbox 364 4252 393 4300; x_wconf 93' lang='lat' dir='ltr'>s.</span> <span class='ocrx_word' id='word_1_271' title='bbox 417 4227 591 4300; x_wconf 83' lang='lat' dir='ltr'>Johannis</span> <span class='ocrx_word' id='word_1_272' title='bbox 618 4229 877 4300; x_wconf 89' lang='lat' dir='ltr'>Lateranensis</span> <span class='ocrx_word' id='word_1_273' title='bbox 904 4229 1086 4301; x_wconf 88' lang='lat' dir='ltr'>concessit</span> <span class='ocrx_word' id='word_1_274' title='bbox 1113 4229 1281 4302; x_wconf 93' lang='lat' dir='ltr'>omnibus</span> <span class='ocrx_word' id='word_1_275' title='bbox 1306 4229 1549 4303; x_wconf 83' lang='lat' dir='ltr'>familiaribus</span> <span class='ocrx_word' id='word_1_276' title='bbox 1574 4231 1699 4304; x_wconf 87' lang='lat' dir='ltr'>cardi—</span> 
     </span>
     <span class='ocr_line' id='line_1_31' title="bbox 363 4351 1700 4452; baseline 0.002 -27"><span class='ocrx_word' id='word_1_277' title='bbox 363 4351 501 4426; x_wconf 92' lang='lat' dir='ltr'>nalium</span> <span class='ocrx_word' id='word_1_278' title='bbox 528 4352 589 4447; x_wconf 93' lang='lat' dir='ltr'>qui</span> <span class='ocrx_word' id='word_1_279' title='bbox 617 4373 701 4424; x_wconf 91' lang='lat' dir='ltr'>eum</span> <span class='ocrx_word' id='word_1_280' title='bbox 734 4352 843 4426; x_wconf 89' lang='lat' dir='ltr'>hodie</span> <span class='ocrx_word' id='word_1_281' title='bbox 877 4353 1042 4427; x_wconf 89' lang='lat' dir='ltr'>comitati</span> <span class='ocrx_word' id='word_1_282' title='bbox 1077 4359 1174 4443; x_wconf 88' lang='lat' dir='ltr'>suat,</span> <span class='ocrx_word' id='word_1_283' title='bbox 1200 4354 1399 4452; x_wconf 88' lang='lat' dir='ltr'>jubileum;</span> <span class='ocrx_word' id='word_1_284' title='bbox 1436 4356 1481 4428; x_wconf 87' lang='lat' dir='ltr'>de</span> <span class='ocrx_word' id='word_1_285' title='bbox 1515 4381 1544 4429; x_wconf 91' lang='lat' dir='ltr'>s.</span> <span class='ocrx_word' id='word_1_286' title='bbox 1582 4355 1700 4428; x_wconf 84' lang='lat' dir='ltr'>Maria</span> 
     </span>
     <span class='ocr_line' id='line_1_32' title="bbox 363 4479 1699 4575; baseline 0.002 -25"><span class='ocrx_word' id='word_1_287' title='bbox 363 4479 502 4574; x_wconf 89' lang='lat' dir='ltr'>Majore</span> <span class='ocrx_word' id='word_1_288' title='bbox 529 4479 640 4572; x_wconf 89' lang='lat' dir='ltr'>Papa,</span> <span class='ocrx_word' id='word_1_289' title='bbox 664 4499 730 4571; x_wconf 90' lang='lat' dir='ltr'>per</span> <span class='ocrx_word' id='word_1_290' title='bbox 753 4501 781 4550; x_wconf 90' lang='lat' dir='ltr'>s.</span> <span class='ocrx_word' id='word_1_291' title='bbox 805 4481 985 4567; x_wconf 88' lang='lat' dir='ltr'>Marcum,</span> <span class='ocrx_word' id='word_1_292' title='bbox 1014 4503 1187 4575; x_wconf 89' lang='lat' dir='ltr'>campum</span> <span class='ocrx_word' id='word_1_293' title='bbox 1211 4479 1319 4552; x_wconf 83' lang='lat' dir='ltr'>Flore</span> <span class='ocrx_word' id='word_1_294' title='bbox 1342 4485 1379 4553; x_wconf 89' lang='lat' dir='ltr'>et</span> <span class='ocrx_word' id='word_1_295' title='bbox 1402 4481 1487 4555; x_wconf 91' lang='lat' dir='ltr'>inde</span> <span class='ocrx_word' id='word_1_296' title='bbox 1509 4485 1615 4554; x_wconf 89' lang='lat' dir='ltr'>recta</span> <span class='ocrx_word' id='word_1_297' title='bbox 1641 4481 1699 4553; x_wconf 89' lang='lat' dir='ltr'>via</span> 
     </span>
     <span class='ocr_line' id='line_1_33' title="bbox 362 4601 745 4696; baseline -0.013 -20"><span class='ocrx_word' id='word_1_298' title='bbox 362 4601 473 4676; x_wconf 89' lang='lat' dir='ltr'>rediit</span> <span class='ocrx_word' id='word_1_299' title='bbox 490 4601 536 4674; x_wconf 93' lang='lat' dir='ltr'>ad</span> <span class='ocrx_word' id='word_1_300' title='bbox 554 4601 745 4696; x_wconf 91' lang='lat' dir='ltr'>palatium.</span> 
     </span>
     <span class='ocr_line' id='line_1_34' title="bbox 407 4725 1694 4827; baseline 0.003 -27"><span class='ocrx_word' id='word_1_301' title='bbox 407 4731 448 4800; x_wconf 92' lang='lat' dir='ltr'>ln</span> <span class='ocrx_word' id='word_1_302' title='bbox 474 4729 583 4798; x_wconf 89' lang='lat' dir='ltr'>nocte</span> <span class='ocrx_word' id='word_1_303' title='bbox 616 4725 796 4820; x_wconf 86' lang='lat' dir='ltr'>sequenti,</span> <span class='ocrx_word' id='word_1_304' title='bbox 831 4729 1039 4800; x_wconf 88' lang='lat' dir='ltr'>nuntiatum</span> <span class='ocrx_word' id='word_1_305' title='bbox 1072 4733 1127 4800; x_wconf 86' lang='lat' dir='ltr'>est</span> <span class='ocrx_word' id='word_1_306' title='bbox 1159 4730 1205 4801; x_wconf 92' lang='lat' dir='ltr'>ad</span> <span class='ocrx_word' id='word_1_307' title='bbox 1236 4730 1372 4804; x_wconf 89' lang='lat' dir='ltr'>Urbem</span> <span class='ocrx_word' id='word_1_308' title='bbox 1404 4730 1502 4827; x_wconf 91' lang='lat' dir='ltr'>quod</span> <span class='ocrx_word' id='word_1_309' title='bbox 1529 4731 1565 4803; x_wconf 94' lang='lat' dir='ltr'>in</span> <span class='ocrx_word' id='word_1_310' title='bbox 1593 4730 1694 4804; x_wconf 90' lang='lat' dir='ltr'>dicto</span> 
     </span>
     <span class='ocr_line' id='line_1_35' title="bbox 334 4850 1699 4954; baseline 0.001 -29"><span class='ocrx_word' id='word_1_311' title='bbox 334 4885 346 4898; x_wconf 92' lang='lat'>··</span> <span class='ocrx_word' id='word_1_312' title='bbox 363 4851 534 4926; x_wconf 90' lang='lat' dir='ltr'>coussictu</span> <span class='ocrx_word' id='word_1_313' title='bbox 563 4872 630 4946; x_wconf 91' lang='lat' dir='ltr'>per</span> <span class='ocrx_word' id='word_1_314' title='bbox 657 4850 893 4940; x_wconf 88' lang='lat' dir='ltr'>Ludovicum,</span> <span class='ocrx_word' id='word_1_315' title='bbox 920 4853 1052 4925; x_wconf 88' lang='lat' dir='ltr'>ducem</span> <span class='ocrx_word' id='word_1_316' title='bbox 1074 4853 1283 4943; x_wconf 88' lang='lat' dir='ltr'>Mediolani,</span> <span class='ocrx_word' id='word_1_317' title='bbox 1312 4854 1421 4954; x_wconf 89' lang='lat' dir='ltr'>(cum)</span> <span class='ocrx_word' id='word_1_318' title='bbox 1440 4856 1552 4929; x_wconf 89' lang='lat' dir='ltr'>Gallis</span> <span class='ocrx_word' id='word_1_319' title='bbox 1573 4861 1611 4929; x_wconf 89' lang='lat' dir='ltr'>et</span> <span class='ocrx_word' id='word_1_320' title='bbox 1630 4879 1699 4952; x_wconf 93' lang='lat' dir='ltr'>per</span> 
     </span>
     <span class='ocr_line' id='line_1_36' title="bbox 361 4973 1700 5070; baseline 0.004 -22"><span class='ocrx_word' id='word_1_321' title='bbox 361 4975 444 5050; x_wconf 90' lang='lat' dir='ltr'>illos</span> <span class='ocrx_word' id='word_1_322' title='bbox 461 4979 665 5070; x_wconf 87' lang='lat' dir='ltr'>acceptato,</span> <span class='ocrx_word' id='word_1_323' title='bbox 689 4973 784 5048; x_wconf 87' lang='lat' dir='ltr'>hora</span> <span class='ocrx_word' id='word_1_324' title='bbox 801 4981 938 5049; x_wconf 90' lang='lat' dir='ltr'>statuta</span> <span class='ocrx_word' id='word_1_325' title='bbox 955 4976 1183 5066; x_wconf 88' lang='lat' dir='ltr'>adveniente,</span> <span class='ocrx_word' id='word_1_326' title='bbox 1203 4979 1356 5052; x_wconf 88' lang='lat' dir='ltr'>Helvetii</span> <span class='ocrx_word' id='word_1_327' title='bbox 1376 4979 1448 5053; x_wconf 89' lang='lat' dir='ltr'>sive</span> <span class='ocrx_word' id='word_1_328' title='bbox 1467 4981 1661 5054; x_wconf 88' lang='lat' dir='ltr'>Suicenses</span> <span class='ocrx_word' id='word_1_329' title='bbox 1677 5005 1700 5053; x_wconf 91' lang='lat' dir='ltr'>a</span> 
     </span>
     <span class='ocr_line' id='line_1_37' title="bbox 362 5099 1699 5200; baseline 0.004 -26"><span class='ocrx_word' id='word_1_330' title='bbox 362 5102 454 5176; x_wconf 88' lang='lat' dir='ltr'>duce</span> <span class='ocrx_word' id='word_1_331' title='bbox 472 5099 667 5173; x_wconf 87' lang='lat' dir='ltr'>Mediolani</span> <span class='ocrx_word' id='word_1_332' title='bbox 691 5101 860 5174; x_wconf 90' lang='lat' dir='ltr'>conducti</span> <span class='ocrx_word' id='word_1_333' title='bbox 881 5101 1082 5175; x_wconf 85' lang='lat' dir='ltr'>noluissent</span> <span class='ocrx_word' id='word_1_334' title='bbox 1099 5127 1263 5200; x_wconf 84' lang='lat' dir='ltr'>pugnare</span> <span class='ocrx_word' id='word_1_335' title='bbox 1284 5110 1415 5178; x_wconf 89' lang='lat' dir='ltr'>contra</span> <span class='ocrx_word' id='word_1_336' title='bbox 1438 5105 1572 5196; x_wconf 86' lang='lat' dir='ltr'>Gallos,</span> <span class='ocrx_word' id='word_1_337' title='bbox 1599 5105 1699 5178; x_wconf 91' lang='lat' dir='ltr'>simi·</span> 
     </span>
     <span class='ocr_line' id='line_1_38' title="bbox 362 5225 1698 5328; baseline 0.004 -32"><span class='ocrx_word' id='word_1_338' title='bbox 362 5225 446 5297; x_wconf 89' lang='lat' dir='ltr'>liter</span> <span class='ocrx_word' id='word_1_339' title='bbox 464 5247 581 5322; x_wconf 91' lang='lat' dir='ltr'>neque</span> <span class='ocrx_word' id='word_1_340' title='bbox 598 5225 769 5320; x_wconf 82' lang='lat' dir='ltr'>guardie3</span> <span class='ocrx_word' id='word_1_341' title='bbox 785 5228 982 5324; x_wconf 81' lang='lat' dir='ltr'>Burgunde</span> <span class='ocrx_word' id='word_1_342' title='bbox 1000 5226 1239 5301; x_wconf 90' lang='lat' dir='ltr'>irruissentin</span> <span class='ocrx_word' id='word_1_343' title='bbox 1257 5229 1389 5304; x_wconf 90' lang='lat' dir='ltr'>ducem</span> <span class='ocrx_word' id='word_1_344' title='bbox 1408 5235 1443 5304; x_wconf 91' lang='lat' dir='ltr'>et</span> <span class='ocrx_word' id='word_1_345' title='bbox 1462 5229 1555 5304; x_wconf 89' lang='lat' dir='ltr'>Galli</span> <span class='ocrx_word' id='word_1_346' title='bbox 1567 5235 1698 5328; x_wconf 86' lang='lat' dir='ltr'>gentes</span> 
     </span>
    </p>
   </div>
   <div class='ocr_carea' id='block_1_9' title="bbox 0 0 1807 6042">
    <p class='ocr_par' dir='ltr' id='par_1_9' title="bbox 0 0 1807 6042">
     <span class='ocr_line' id='line_1_39' title="bbox 0 0 1807 6042; baseline 0 0"><span class='ocrx_word' id='word_1_347' title='bbox 0 0 1807 6042; x_wconf 95' lang='lat' dir='ltr'> </span> 
     </span>
    </p>
   </div>
  </div>
 </body>
</html>
