3502 6036
348 624 401 681 111
803 617 978 676 unuuuurs
1002 617 1225 690 auunuuanr,
1478 622 1666 688 [11111111]

348 778 462 866 Ρ1111;
484 776 522 850 in
540 773 747 850 summitate
773 773 883 870 hujus
905 771 1015 847 corde
1038 777 1119 847 erat
1136 796 1201 870 per
1224 773 1389 848 rotellam
1410 779 1446 849 et
1463 773 1573 850 aliam
1590 799 1662 850 cor-

349 904 432 976 dam
448 901 613 1000 apposita
630 899 718 974 sella
735 921 819 973 oum
841 897 967 990 staltis,
986 902 1023 972 et
1036 897 1164 973 lancea
1183 898 1353 973 insidenti
1370 899 1460 974 sella
1475 899 1662 976 donabatur

349 1027 455 1102 alicui
481 1025 542 1123 qui
574 1025 611 1098 in
646 1025 733 1099 sella
767 1023 937 1098 dimissus
973 1023 1190 1100 decurrebat
1216 1031 1252 1099 11
1290 1047 1375 1098 cum
1405 1025 1535 1099 lancea
1572 1027 1666 1102 dabat

350 1153 395 1225 ad
422 1174 567 1224 murum
590 1150 687 1225 dicte
715 1151 846 1225 domus
865 1149 1037 1224 distantia
1060 1148 1154 1223 bene
1177 1149 1418 1247 competenti;
1439 1155 1477 1223 et
1496 1151 1533 1222 in
1556 1150 1666 1224 sellam

349 1277 442 1352 bene
465 1281 544 1351 erat
567 1276 715 1373 ligatus,
740 1275 861 1372 itaque
882 1299 957 1348 non
979 1279 1103 1372 posset
1126 1273 1170 1347 de
1192 1274 1288 1348 taciti
1310 1275 1457 1368 cadere,
1484 1297 1531 1348 na
1556 1274 1666 1350 lancea

350 1402 500 1476 domum
526 1401 633 1475 nimis
660 1405 839 1498 tangeret.
868 1400 1081 1496 Hujusmodi
1107 1400 1202 1474 ludis
1232 1399 1400 1473 homines
1436 1399 1667 1474 incitabantur

350 1529 395 1600 ad
413 1528 537 1601 risum.
551 1530 659 1601 Festa
672 1526 807 1624 Agonis
823 1530 860 1600 et
875 1526 1060 1600 'lostaocie
1078 1549 1120 1600 ac
1139 1549 1268 1602 cursus
1286 1525 1481 1623 palliorum
1506 1549 1579 1598 nou
1598 1533 1667 1600 suut

349 1650 473 1725 habita
500 1651 571 1725 hoc
594 1673 707 1740 anno,
729 1651 793 1724 sed
815 1651 851 1723 in
875 1650 1027 1725 diversis
1047 1650 1175 1748 plateis
1203 1650 1420 1725 Ursinorum
1444 1649 1520 1724 sive
1553 1650 1667 1724 lloutis

349 1777 501 1854 lordani
533 1781 570 1851 et
594 1775 738 1851 Soiarre
758 1799 801 1850 ac
819 1776 917 1866 alibi,
942 1777 1090 1850 mactati
1109 1777 1218 1850 boves
1243 1779 1280 1848 et
1301 1775 1412 1851 otiam
1431 1775 1600 1850 homines
1613 1775 1665 1868 (t).

400 1901 508 1977 Faria
524 1905 653 1998 quarta
671 1900 851 1990 cinerum,
870 1905 915 1973 24
939 1900 1026 1973 dicti
1051 1899 1186 1973 mensis
1204 1899 1392 1992 lebmarii,
1414 1900 1486 1974 luit
1503 1900 1629 1973 testum
1641 1925 1664 1972 s.

349 2027 501 2102 Matthia
519 2026 686 2125 apostoli,
706 2026 802 2123 quod
825 2025 891 2098 tuit
908 2026 1127 2100 translatum
1142 2026 1179 2098 in
1199 2025 1297 2101 diem
1316 2026 1530 2114 crastinam,
1547 2047 1613 2122 quo
1631 2025 1667 2098 ud

350 2152 514 2228 officium
533 2154 598 2228 SS.
619 2155 662 2226 D.
681 2149 1000 2226 nosterbenedixit
1010 2156 1047 2224 et
1064 2150 1248 2225 distribuit
1258 2151 1331 2224 sive
1351 2151 1528 2249 imposuit
1540 2151 1666 2224 cineres

349 2279 388 2352 111
408 2277 549 2376 capella
561 2277 692 2376 majori
710 2277 983 2368 accedentibus,
1007 2300 1110 2350 more
1128 2277 1249 2366 solito,
1267 2276 1448 2374 impositis
1469 2277 1590 2374 primo
1608 2275 1664 2348 sibi

349 2428 417 2502 per
430 2403 652 2478 cardinalem
673 2402 908 2477 cusentinum
926 2401 1122 2492 cineribus,
1144 2402 1305 2500 quierat
1325 2403 1474 2476 missam
1496 2401 1664 2500 publicam

351 2529 617 2619 celebraturus,
647 2551 756 2626 quem
785 2531 884 2625 Papa
912 2527 1029 2601 noluit
1056 2527 1255 2602 scabellum
1288 2527 1505 2616 ascendere,
1542 2533 1581 2601 ut
1610 2525 1666 2598 sibi
1742 2601 1743 2606 ,

238 2695 241 2700 -
351 2655 494 2729 cineres
521 2653 742 2751 imponeret;
770 2657 968 2751 propterea
995 2653 1157 2750 oportuit
1180 2652 1278 2751 quod
1301 2656 1399 2750 Papa
1421 2675 1461 2727 so
1490 2651 1542 2725 illi
1567 2650 1667 2747 magis

350 2779 554 2854 inclinaret.
573 2781 705 2852 Orator
719 2777 867 2851 dominii
894 2781 1116 2853 Venetorum
1134 2777 1231 2852 dedit
1249 2801 1381 2875 aquam
1398 2776 1568 2851 manibus
1587 2777 1667 2872 Papa
1742 2763 1743 2806 l

350 2907 435 3000 post
450 2902 615 2977 cinerum
626 2901 917 3000 impositionem,
939 2902 1142 2976 orationem
1157 2901 1244 2976 teuit
1254 2902 1403 3000 quidam
1417 2900 1533 2976 trater
1547 2899 1667 2975 ordinis

297 3069 299 3076 .
350 3028 551 3116 Minorum3
572 3027 642 3101 ulia
659 3049 763 3101 more
779 3027 897 3101 solito.

400 3153 589 3228 Dominica
606 3151 727 3251 prima
743 3153 1034 3250 quadragesime,
1057 3153 1200 3229 abdicti
1219 3151 1557 3244 mensislebruarii,
1577 3157 1613 3226 u.
1631 3154 1665 3224 b.

351 3278 568 3375 Stephanus,
585 3277 881 3376 archiepiscopus
901 3279 1128 3352 Patracensis
1140 3287 1176 3353 at
1190 3277 1496 3369 Torcellaneosis,
1517 3277 1668 3354 celebra-

348 3402 399 3476 vit
415 3401 562 3477 missam
582 3403 765 3500 publicam
776 3403 813 3476 in
832 3403 972 3501 capella
988 3404 1130 3501 majori,
1149 3407 1247 3502 Papa
1259 3409 1430 3501 presente
1446 3429 1454 3493 ;
1471 3423 1663 3478 sermonem

348 3527 434 3602 iecit
451 3527 598 3626 quidam
617 3527 728 3602 irater
745 3528 881 3600 ordinis
900 3528 1081 3602 Minorum
1100 3553 1166 3626 pro
1183 3537 1433 3626 procuratore.

397 3654 501 3727 Feria
516 3653 627 3728 tertia
647 3653 821 3726 arnensis
840 3653 981 3742 maros,
1000 3653 1107 3727 attixa
1131 3653 1197 3728 luit
1213 3653 1319 3726 ualuis
1341 3653 1562 3728 cancellarie
1580 3673 1667 3749 apos-

347 3777 456 3853 tolice
474 3777 572 3851 bulla
585 3777 830 3874 deputationis
851 3781 893 3850 u.
915 3778 1183 3877 archiepiscopi
1198 3777 1381 3854 Tarentini
1392 3778 1429 3851 in
1446 3779 1665 3853 collectorem
1718 3785 1723 3798 '

349 3901 558 4000 generalem
577 3901 720 3975 decime
740 3907 774 3974 11
799 3901 929 3976 cedula
951 3903 1191 4001 impositionis
1211 3904 1421 4002 hujusmodi
1445 3903 1584 3977 decime
1605 3899 1666 3972 siue

348 4035 454 4116 taue3
477 4050 546 4122 qua
566 4030 647 4098 taxe
673 4027 865 4124 registrate
890 4036 973 4100 sunt
994 4051 1106 4126 supra
1127 4029 1213 4103 lolio
1233 4033 1298 4130 (2).
1319 4027 1460 4103 Bullam
1480 4051 1554 4102 non
1568 4024 1666 4121 regis
1741 4051 1742 4054 ¹

348 4151 440 4225 travi
460 4173 529 4248 que
550 4155 627 4224 1111
647 4151 713 4224 sub
732 4153 817 4226 data
830 4151 997 4226 kalendis
1013 4153 1198 4244 februarii,
1215 4177 1311 4228 anuo
1328 4177 1438 4244 nono,
1462 4154 1595 4250 scripta
1610 4171 1665 4246 per

353 4279 393 4349 P.
418 4276 709 4366 Thomarosium,
738 4278 941 4376 subscripta
962 4279 1144 4353 Adrianus
1165 4285 1201 4354 11
1222 4278 1414 4376 registrata
1437 4279 1531 4377 apud
1555 4273 1665 4350 Adria·

352 4426 454 4476 uum.

398 4525 532 4600 Eadem
548 4526 621 4616 die,
639 4534 722 4602 ante
738 4528 868 4603 horam
880 4529 1038 4628 prandii,
1052 4533 1239 4626 portatum
1259 4529 1325 4602 tuit
1345 4553 1479 4628 corpus
1496 4524 1663 4627 quondam

348 4651 493 4726 Antonii
500 4709 508 4740 ,
530 4651 731 4726 lttirandule
750 4655 901 4728 secundi
921 4653 1077 4743 comitis,
1093 4654 1166 4750 qui,
1186 4654 1267 4726 heri
1285 4677 1369 4727 sero
1388 4655 1461 4730 sive
1480 4661 1583 4729 nocte
1599 4671 1665 4747 pre·

349 4777 466 4866 terite,
498 4776 597 4850 diem
621 4777 692 4850 vite
721 4801 785 4850 sue
818 4779 947 4852 clausit
971 4785 1192 4868 extremum,
1220 4779 1264 4851 de
1292 4777 1401 4854 domo
1430 4804 1507 4871 sua,
1536 4776 1663 4853 indutus

348 4901 475 4975 habitu
494 4925 525 4974 s.
548 4902 743 4992 Francisci,
765 4903 990 4978 discalceatis
1008 4903 1173 5000 pedibuS,
1197 4903 1303 4976 nudis
1327 4905 1487 4980 brachiis
1507 4894 1663 5000 usquead

349 5025 503 5118 cubitos,
531 5025 577 5100 ad
593 5029 704 5100 Aram
725 5027 792 5100 celi
816 5034 978 5124 portatus
997 5036 1033 5100 et
1052 5027 1101 5100 ibi
1126 5027 1299 5125 sepultuS,
1322 5029 1521 5103 associatus
1536 5052 1557 5102 a
1572 5019 1663 5098 tami·

384 5217 411 5273 1.
431 5217 498 5290 Voy.
515 5225 537 5275 t.
557 5219 579 5288 l,
595 5235 626 5291 p.
642 5217 705 5284 315,
721 5223 783 5272 nota
798 5218 822 5272 t.

385 5307 424 5362 2.·
434 5304 503 5379 Voy.
516 5306 577 5380 plus
592 5307 668 5375 haut,
680 5323 750 5378 page
761 5306 809 5362 uo.
