3520 6036
309 535 362 589 aoo
765 531 942 588 souuuurs
966 527 1189 596 nunculiam,
1398 493 1644 592 [intumueras]

309 690 470 776 Marone,
494 686 686 784 opiscopus
706 684 998 783 Senogalliensis,
1021 681 1215 780 deputatus
1235 681 1454 756 castellanus
1479 681 1645 778 ejusdem

311 811 441 902 castri;
463 819 499 885 et
514 813 635 885 retulit
653 815 696 884 D.
713 811 922 897 l'rancisco,
942 808 1113 906 episcopo
1129 807 1384 882 Neocastrensi
1398 808 1557 903 antiquo
1575 831 1647 881 cas-

309 936 456 1026 tellano,
476 937 787 1035 Senogalliensem
802 960 882 1008 esse
898 935 1112 1029 deputatum
1131 933 1382 1021 castellanum,
1403 933 1448 1006 de
1468 957 1547 1029 quo
1561 933 1649 1006 anti·

309 1084 401 1155 quus
424 1083 462 1136 se
480 1067 600 1158 posset
621 1085 703 1134 curn
730 1064 828 1157 Papa
850 1059 1063 1146 informare,
1088 1058 1147 1153 qui
1166 1056 1334 1153 antiquus
1352 1057 1414 1129 ivit
1436 1058 1486 1130 ad
1513 1060 1647 1154 Papam

309 1207 393 1257 cum
411 1209 484 1282 quo
502 1191 582 1258 erat
602 1184 867 1274 Ulixbonensis;
887 1187 924 1256 et
941 1181 1118 1256 intellexit
1134 1181 1230 1254 idem
1249 1204 1271 1253 a
1289 1183 1424 1278 Papaa
1445 1203 1524 1276 quo
1543 1181 1647 1278 petiit

308 1308 554 1407 episcopatum
578 1310 815 1383 Andriensem
838 1333 903 1406 pro
926 1307 1040 1382 tratre
1064 1305 1209 1395 minori,
1232 1311 1365 1402 nepote
1390 1329 1471 1396 suo,
1493 1313 1533 1380 et
1558 1331 1645 1402 que-

306 1433 390 1506 dam
408 1434 479 1507 alia
496 1457 564 1531 que
580 1438 678 1531 Papa
691 1432 895 1531 concessit.{
907 1431 1025 1506 Rediit
1041 1429 1125 1505 inde
1140 1430 1186 1504 ad
1208 1430 1398 1504 castellum
1415 1455 1483 1528 per
1504 1430 1643 1504 dictum

306 1557 556 1647 curritorium,
577 1563 659 1654 post
672 1559 776 1655 cujus
793 1558 954 1632 reditum
971 1561 1086 1630 tracte
1107 1555 1252 1628 luerunt
1267 1555 1382 1629 tribus
1399 1555 1549 1630 vicibus
1565 1579 1643 1628 suc-

307 1682 442 1756 cessive
459 1681 674 1757 bombarde.

352 1808 419 1882 Die
444 1809 584 1898 mertis,
614 1814 655 1880 tt
677 1807 896 1898 novembrio,
931 1810 1015 1904 post
1038 1804 1247 1904 prandium,
1273 1806 1420 1882 luerunt
1435 1830 1524 1881 cum
1547 1811 1642 1904 Papa

305 1933 576 2023 Ulixbonensis,
595 1934 871 2024 volaterranus,
893 1933 1040 2030 borgia,
1062 1932 1227 2006 Elnensis
1248 1937 1282 2005 et
1305 1933 1364 2005 alii
1382 1932 1594 2006 cardinales
1609 1941 1641 2006 et

306 2057 618 2150 duxValcntinus,
646 2084 754 2157 super
772 2060 876 2158 cujus
902 2082 1052 2132 recessu
1077 2057 1237 2132 decrevit
1265 2062 1363 2156 Papa
1380 2083 1450 2154 que
1466 2081 1640 2133 occurre-

303 2182 402 2256 bant.

351 2307 416 2380 [tie
445 2309 633 2398 mercurii,
667 2314 708 2383 15
735 2309 956 2399 novembriS,
982 2307 1140 2382 inicum
1167 2313 1267 2405 Papa
1285 2332 1396 2405 super
1414 2308 1571 2406 agendis
1594 2308 1635 2379 dc

301 2433 550 2524 coronatione,
567 2433 626 2531 qui
647 2433 790 2530 reliquit
802 2433 1076 2530 deputationem
1088 2435 1245 2508 duorum
1263 2433 1514 2530 prefectorum
1535 2455 1637 2506 neure-

277 2617 283 2628 ,
300 2555 389 2630 lium
403 2561 439 2630 et
455 2562 609 2653 quatuor
625 2557 879 2631 scutiferorum
894 2559 1101 2632 camerario
1119 2557 1285 2632 similiter
1300 2563 1336 2631 et
1353 2557 1632 2654 deputationem

300 2681 454 2755 duorum
488 2683 665 2757 nobilium
700 2706 769 2780 pro
801 2686 898 2780 Papa
926 2689 961 2755 et
990 2683 1162 2772 ecclesia;
1180 2682 1362 2756 commisit
1387 2682 1465 2756 lieri
1484 2682 1630 2758 mitram

299 2805 518 2902 simplicem,
551 2807 648 2904 quod
679 2806 783 2881 Judei
816 2807 949 2882 iaciant
971 2807 1184 2905 petitionem
1211 2830 1314 2881 suam
1342 2805 1630 2881 confirmationis
1746 2879 1747 2904 ,

297 2927 389 3025 legis
407 2930 443 3002 in
461 2931 610 3005 merulis
627 2933 734 3006 castri
754 2955 783 3005 s.
807 2933 935 3030 Angeli
952 2936 988 3006 et
1006 2932 1102 3030 quod
1123 2933 1223 3006 nulla
1240 2932 1414 3006 violentia
1430 2932 1467 3005 in
1492 2932 1547 3007 eis
1577 2932 1631 3004 in·
1746 2915 1747 2974 i

298 3053 453 3144 teratur3
473 3056 571 3153 quod
586 3064 760 3154 cooperte
778 3079 956 3154 equorum
974 3065 1010 3131 et
1027 3059 1208 3132 mularum
1227 3057 1467 3132 cardinalium
1494 3058 1569 3132 sint
1588 3056 1629 3130 de

298 3178 436 3252 taffetto
452 3181 549 3270 albo,
566 3183 663 3278 quod
680 3182 717 3254 in
737 3181 794 3257 die
810 3183 1054 3278 processionis
1070 3184 1117 3258 ad
1138 3187 1360 3258 Lateranum
1380 3182 1442 3256 fiat
1462 3182 1629 3256 similiter

297 3301 345 3374 ibi
363 3305 568 3400 prandium,
587 3306 716 3381 deinde
739 3313 942 3382 revertatur
957 3309 1003 3382 ad
1021 3333 1050 3383 s.
1073 3312 1238 3398 Petrum;
1257 3308 1294 3382 in
1313 3308 1524 3405 quohabitu
1557 3329 1627 3380 non

296 3428 485 3504 conclusit.
501 3431 625 3505 Voluit
648 3431 745 3528 quod
763 3432 807 3506 de
830 3457 984 3508 numero
1010 3433 1316 3508 cubiculariorum
1345 3437 1511 3507 servetur
1530 3431 1626 3506 bulla

295 3549 395 3642 Sixti,
419 3555 516 3650 quod
537 3555 731 3630 cardinalis
763 3557 939 3632 Columna
971 3559 1068 3634 dicat
1094 3558 1334 3657 evangelium,
1367 3563 1404 3632 et
1432 3556 1625 3656 epistolam

295 3675 356 3772 qui
373 3677 446 3751 vult
465 3703 508 3752 ex
525 3679 769 3757 subdiaconis.

343 3802 452 3875 lndie
470 3805 730 3896 coronationis
751 3806 935 3905 deputarit
947 3813 1031 3884 octo
1048 3809 1273 3898 assistentes,
1286 3807 1456 3884 videlicet
1474 3835 1482 3880 ι
1504 3811 1624 3882 Patra·

258 3951 262 3957 ·
294 3948 455 4016 oensem,
483 3929 744 4022 Florentinum,
775 3933 1011 4030 Ragusirrum,
1043 3933 1304 4008 Atheniensem
1329 3939 1365 4007 ot
1389 3932 1618 4018 Theatinum,

294 4048 601 4150 archiepiscopos
621 4055 812 4149 Nolanum,
823 4058 1040 4133 lmolensem
1057 4062 1397 4149 etCescnatenscm,
1411 4057 1619 4156 episcopos;

294 4176 331 4246 et
343 4173 441 4269 quia,
458 4175 585 4251 diebus
596 4180 794 4276 preteritis,
808 4186 908 4280 Papa
918 4183 1073 4280 portavit
1089 4186 1225 4256 vestem
1236 4182 1280 4257 de
1297 4182 1370 4257 tabi
1382 4183 1499 4256 rubeo
1514 4203 1621 4280 super

294 4296 516 4392 rochettum,
538 4301 611 4376 dixi
634 4306 821 4382 Sanctitati
849 4333 913 4382 sue
932 4306 970 4383 id
994 4308 1201 4383 nullatenus
1231 4307 1424 4384 convenire
1441 4305 1505 4404 qui
1534 4303 1619 4380 mihi

294 4425 480 4530 respondit
497 4426 533 4502 id
549 4428 685 4504 lactum
701 4455 781 4510 esse
797 4457 945 4510 suorum
962 4434 1112 4526 incuria,
1131 4433 1228 4533 quod
1243 4432 1417 4532 deinceps
1433 4457 1506 4507 non
1523 4431 1617 4508 lace-

294 4551 530 4648 retamplius.

337 4676 473 4751 Eadem
506 4679 578 4772 dic,
607 4689 688 4780 post
717 4683 848 4760 horam
872 4708 1121 4784 vesperarum,
1151 4689 1250 4784 Papa
1264 4687 1361 4762 venit
1377 4711 1444 4785 per
1464 4685 1617 4762 currito-

292 4797 386 4872 rium
403 4803 448 4875 ad
464 4813 626 4881 castrum
644 4835 670 4884 s
689 4811 817 4908 Angeli
833 4812 894 4885 ubi
906 4811 1050 4886 luerunt
1067 4816 1181 4885 tracte
1200 4812 1313 4886 multe
1330 4811 1548 4887 bombarde.

332 4923 397 4998 Die
410 4927 605 5025 dominica,
620 4932 677 5026 19,
691 4935 790 5010 circa
801 4937 961 5011 mediam
973 4941 1118 5010 noctem
1135 4941 1361 5032 sequentem,
1376 4938 1449 5010 dux
1462 4931 1616 5011 Valenti·

290 5070 358 5120 nus
376 5057 530 5130 recessit
547 5059 591 5132 de
612 5063 708 5135 Urbe
726 5061 844 5135 iturus
856 5063 994 5136 Ostiam
1012 5059 1236 5153 Tiberinam,
1258 5061 1340 5134 inde
1359 5061 1397 5134 in
1411 5059 1611 5143 Franciam,

290 5195 355 5266 per
371 5198 474 5252 mare
501 5207 508 5254 :
535 5187 661 5260 nescio
683 5187 712 5261 si
734 5187 797 5261 ivit
821 5213 888 5286 per
915 5187 1087 5288 Tyberim
1106 5185 1163 5260 vel
1183 5192 1365 5285 equester.
1392 5191 1435 5261 1).
1463 5184 1614 5261 Bartho-
