3502 6036
336 605 390 664 186
790 605 967 664 JOHANNIS
991 605 1213 678 susannam,
1427 609 1584 675 [becambra
1598 613 1651 662 {5⁰2

338 763 517 838 collocet:
537 761 745 861 hujusmodi
763 761 906 838 scelera
924 786 998 835 non
1016 763 1125 836 modo
1141 786 1213 837 non
1232 763 1390 837 vindicat
1410 770 1472 838 aut
1488 763 1658 861 probibet,

341 889 405 962 sed
417 888 553 986 apertis
573 887 932 962 subordinationibus
953 887 1048 961 fovet
1066 896 1174 986 atque
1193 889 1327 981 irritat,
1351 913 1422 986 quo
1443 888 1583 964 scilicet
1605 915 1660 988 op·

338 1014 475 1113 pressis
486 1013 648 1088 exulibus
662 1017 699 1087 et
711 1012 926 1087 adversariis
941 1012 1002 1110 qui
1018 1013 1161 1086 Cesaris
1177 1020 1213 1087 et
1226 1015 1368 1088 romani
1383 1014 1532 1112 imperii
1548 1022 1661 1111 partes

340 1143 542 1238 sequuntur
566 1159 724 1234 quorum
748 1138 844 1210 bona
865 1137 910 1210 ab
932 1159 976 1211 ao
1001 1138 1206 1235 proscripta
1229 1146 1266 1212 et
1286 1137 1471 1235 publicata
1493 1161 1560 1236 per
1577 1139 1661 1237 inju-

341 1263 432 1339 riam
459 1262 607 1358 luerint,
634 1261 851 1336 incestuosis
879 1261 962 1334 liliis
988 1267 1025 1335 et
1052 1262 1246 1360 nepotibus
1272 1263 1317 1336 de
1344 1261 1494 1336 illorum
1521 1261 1660 1336 fortunis

341 1387 477 1461 tradita
507 1387 670 1461 dominia
695 1387 901 1460 confirmet.
931 1389 1067 1460 Tacent
1093 1386 1310 1475 cardinales,
1346 1387 1374 1460 si
1405 1387 1468 1483 qui
1498 1393 1582 1461 sunt
1612 1388 1660 1484 qui

341 1513 500 1586 sentiant
517 1512 668 1601 melius;
695 1534 779 1584 nam
804 1511 1071 1608 potentioribus
1089 1513 1223 1609 partim
1239 1511 1351 1608 pulsis
1370 1511 1509 1608 partim
1529 1533 1661 1609 oppres

342 1637 404 1725 sis,
427 1659 536 1710 nemo
549 1638 625 1734 jam
643 1641 700 1710 est
721 1659 765 1709 ex
786 1635 935 1732 reliquis
956 1635 1017 1732 qui
1037 1635 1182 1709 hiscere
1207 1635 1359 1724 audeat;
1384 1635 1443 1714 alii
1468 1659 1537 1732 per
1556 1635 1660 1710 scelus

342 1785 385 1835 ac
400 1762 637 1860 ignominiam
658 1761 771 1835 creati
778 1819 785 1850 ,
805 1783 893 1836 auro
911 1767 947 1834 et
964 1760 1189 1835 facinoribus
1209 1761 1313 1834 malis
1331 1768 1495 1858 emptam
1518 1761 1661 1858 dignita-

342 1891 431 1977 tem,
451 1887 717 1962 adulationibus
733 1891 896 1978 tuentur,
919 1885 1040 1960 lavent
1059 1885 1220 1984 pontifici
1240 1893 1275 1960 et
1296 1885 1548 1975 blandiuntur,
1571 1885 1658 1958 illum

343 2011 554 2086 collaudant
580 2017 686 2108 atque
714 2011 963 2086 admirantur:
993 2011 1123 2084 timent
1154 2022 1274 2084 tamen
1299 2033 1425 2084 omnes
1453 2015 1492 2084 et
1518 2010 1658 2086 maxime

345 2135 542 2211 formidant
557 2137 636 2234 ejus
653 2136 767 2210 tilium
782 2135 1023 2225 fratricidam,
1040 2160 1084 2208 ex
1099 2135 1284 2210 cardinale
1300 2135 1474 2210 sicarium
1491 2133 1657 2208 ellectum.

204 2361 206 2365 v
342 2263 456 2359 Hujus
472 2269 572 2335 motu
590 2265 627 2336 et
643 2261 827 2336 voluntate
850 2260 974 2336 omnia
993 2261 1039 2334 ad
1060 2261 1248 2335 libidinem
1271 2261 1546 2359 gubernantum
1573 2258 1658 2332 illum

343 2387 437 2459 inter
456 2409 589 2483 greges
606 2387 857 2476 meretricum,
877 2389 1081 2461 'turcarum
1097 2408 1215 2476 mure,
1234 2385 1439 2460 latitantem
1461 2383 1589 2459 armati
1604 2383 1659 2456 mi-

344 2511 428 2584 lites
458 2511 694 2602 custodiunt;
726 2512 820 2584 illius
850 2513 953 2610 jussu
991 2517 1027 2585 et
1055 2511 1206 2587 decreto
1240 2511 1498 2586 interticuntur
1529 2531 1657 2593 omnes,

345 2635 595 2722 vulnerantur,
617 2635 653 2708 in
675 2635 844 2733 Tyberim
867 2636 1097 2733 dejiciuntur,
1123 2659 1262 2710 ueneno
1285 2635 1557 2733 extinguuntur,
1578 2633 1658 2706 bona

343 2760 553 2856 omniaque
572 2761 678 2850 intra,
703 2783 773 2856 qua
799 2766 901 2834 extra
921 2767 1017 2846 sunt,
1043 2761 1273 2859 diripiuntur.
1296 2761 1446 2834 illorum
1469 2761 1592 2845 tames,
1611 2777 1658 2828 ra-

344 2883 440 2979 pina,
458 2884 536 2956 sitis
551 2885 712 2958 humano
725 2885 900 2982 sanguine
915 2885 1102 2959 satiantur.
1120 2889 1280 2972 Quarum
1296 2885 1561 2959 immanitatum
1574 2887 1655 2954 metu

344 3009 476 3081 cedere
489 3010 566 3106 jam
583 3009 627 3082 ab
648 3011 743 3083 Urbe
766 3011 1009 3084 nobilissimas
1029 3011 1194 3102 familias,
1216 3011 1359 3085 latitare
1386 3011 1545 3108 optimos
1561 3007 1653 3094 cives,

278 3193 285 3210 .
345 3138 379 3204 et
397 3133 466 3205 nisi
485 3138 538 3206 tot
557 3134 662 3206 malis
686 3135 956 3232 quamprimum
977 3143 1209 3210 succurratur
1225 3159 1247 3209 a
1263 3140 1411 3226 Cesare,
1434 3153 1658 3231 unumquem-

345 3281 416 3354 que
434 3258 479 3330 de
495 3259 700 3332 deserenda
718 3260 815 3334 Urbe
833 3265 870 3334 et
886 3260 930 3334 de
950 3259 1035 3357 luga
1051 3261 1215 3356 cogitare
1231 3262 1425 3358 oportebit.

394 3413 410 3447 a
440 3384 468 3455 0
491 3383 745 3456 detestandam
770 3408 897 3458 rerum
920 3392 955 3459 et
977 3389 1184 3482 temporum
1210 3385 1475 3460 conditionem!
1500 3387 1655 3484 quantum

346 3508 391 3581 ab
421 3508 571 3604 antiqua
591 3521 824 3583 summorum
853 3509 1066 3606 pontificum
1091 3511 1282 3585 sanctitate
1308 3511 1571 3607 degeneratum
1594 3505 1653 3578 ast!

346 3639 521 3728 quantum
533 3613 708 3732 ⁸ajustitia
721 3633 923 3708 deviatum!
942 3636 1011 3711 Vix
1022 3659 1183 3732 unquam
1193 3635 1318 3710 credet
1330 3638 1524 3733 posteritas
1534 3635 1653 3707 tautum

345 3758 468 3853 ignem
484 3757 530 3831 ab
547 3759 617 3832 hac
628 3759 706 3832 lace
723 3760 869 3857 generis
884 3760 1036 3834 humani
1050 3762 1087 3833 in
1102 3762 1257 3860 populos
1276 3785 1482 3852 emanasse,
1499 3767 1533 3836 et
1551 3767 1653 3831 tamen

345 3883 489 3956 interim
511 3882 699 3958 christiani
715 3907 890 3982 proceres
907 3885 953 3959 de
970 3886 1178 3983 ampliando
1193 3887 1384 3986 religionis
1403 3893 1498 3962 statu
1515 3883 1655 3981 cogitare

346 4007 524 4081 ridentur.
547 4009 749 4094 Quomodo
766 4010 952 4084 inTurcas
970 4015 1032 4084 aut
1047 4011 1187 4086 Arabes
1203 4019 1394 4110 gereretur
1414 4013 1560 4092 bellum,
1580 4006 1603 4079 si
1615 4005 1653 4076 is-

346 4133 410 4206 tud
425 4133 667 4207 domesticum
685 4133 894 4209 incendium
911 4136 1014 4233 prius
1032 4161 1105 4210 non
1119 4139 1366 4236 extinguatur,
1386 4163 1495 4236 aquo
1510 4129 1652 4209 infideles

346 4257 467 4332 Caroli
487 4261 711 4332 Francorum
730 4259 825 4358 ragis
841 4265 1020 4358 tempore,
1041 4263 1131 4335 utin
1149 4263 1317 4360 Apuliam
1335 4287 1420 4338 cum
1439 4287 1502 4338 sex
1520 4253 1653 4333 millibus

347 4382 508 4479 equitum
524 4384 792 4459 descenderent
807 4385 925 4461 vocati
943 4391 979 4460 et
990 4409 1074 4461 oum
1085 4388 1129 4462 de
1145 4388 1433 4487 Alphonsorege
1450 4379 1649 4461 diffiderent.

347 4507 512 4606 pluribus
540 4510 618 4608 ejus
642 4508 966 4606 pollicitationibus
998 4512 1118 4586 allecti
1146 4513 1307 4587 luerunt.
1336 4514 1423 4588 ideo
1445 4517 1562 4584 uotum
1584 4519 1652 4576 cum

346 4634 532 4732 operiset
554 4633 735 4707 bellorum
762 4635 895 4710 inclitis
924 4637 1012 4710 olim
1042 4637 1270 4735 principibus
1303 4661 1371 4734 pro
1401 4636 1535 4711 tuenda
1562 4635 1651 4720 atque
1733 4649 1734 4656 ¹

347 4761 516 4858 augenda
537 4759 671 4834 Christi
694 4759 872 4858 religione
895 4766 931 4835 et
953 4761 1164 4860 recipienda
1189 4761 1442 4860 Hierosolyma
1468 4755 1650 4850 susceptum
1733 4769 1734 4802 1

346 4889 412 4975 est,
433 4889 575 4959 tantum
595 4885 738 4960 cruoris
760 4887 806 4959 ab
828 4887 963 4961 inclitis
982 4887 1207 4986 martyribus
1231 4887 1399 4976 eliusum,
1421 4891 1558 4960 tantum
1572 4873 1653 4950 labo·

346 5010 398 5082 ris
416 5014 452 5082 et
469 5009 675 5107 vigiliarum
694 5033 715 5082 a
734 5011 973 5084 sanctissimis
991 5013 1101 5109 hujus
1120 5011 1322 5110 reipublice
1342 5011 1550 5086 ductoribus
1567 5017 1651 5076 exsu-

347 5133 486 5223 datum,
512 5139 552 5208 ut
579 5136 717 5237 scilicet
740 5136 942 5211 tiodericus
967 5138 1099 5236 Borgia
1121 5138 1286 5211 omnium
1306 5141 1457 5227 etatum,
1478 5120 1649 5208 detestabi-

345 5255 485 5328 lissima
502 5259 671 5331 vitiorum
691 5285 826 5358 vorago
848 5265 885 5333 et
908 5285 1040 5358 gurges
1068 5263 1279 5352 altissimus
1311 5267 1436 5358 empto
1466 5282 1528 5358 per
1550 5247 1648 5326 scelus
