3590 6042
84 597 138 660 [lici
153 595 220 656 15⁰⁰]
389 591 516 648 RERUM
536 592 762 649 URBANARUM
787 591 1050 652 COMMENTARll.
1364 601 1397 654 la

86 749 145 848 ipsi
157 744 387 844 perfidissimi
400 749 516 820 Turce
532 745 707 843 diripiant
718 770 760 820 ac
777 746 843 820 sub
855 747 1046 845 tyrannide
1058 749 1241 823 deducant
1252 773 1295 824 ac
1308 773 1398 824 con-

86 873 182 946 tinuis
197 870 375 944 berrum
394 869 602 943 turbinibus
617 869 807 969 affligant),
829 876 1007 967 quantum
1027 873 1132 945 nobis
1157 897 1201 946 ex
1223 874 1296 948 alto
1319 899 1400 971 per-

85 995 241 1084 mittitur,
253 995 367 1070 votive
379 995 585 1084 intendero,
601 1001 746 1068 matura
757 997 914 1092 desuper
925 997 1191 1071 deliberatione
1206 999 1399 1095 prehabita

85 1125 123 1196 de
140 1143 260 1194 eorum
278 1125 402 1194 sancte
418 1143 571 1194 romane
592 1119 745 1194 ecclesie
765 1120 1007 1194 cardinalium
1029 1122 1180 1195 consilio
1203 1123 1343 1219 pariter
1364 1127 1401 1197 et

88 1269 233 1336 assensu,
252 1268 495 1318 unamveram
511 1249 548 1317 ct
561 1245 743 1340 integram
754 1244 934 1318 decimam
951 1246 1112 1318 omnium
1127 1251 1163 1319 ct
1175 1247 1400 1344 singulorum

87 1373 254 1444 tractuum
270 1374 308 1443 et
323 1375 566 1466 proventuum
582 1371 781 1444 secundum
792 1393 919 1444 verum
934 1371 1095 1444 valorem
1110 1379 1271 1444 annuum
1283 1372 1402 1445 eccle-

88 1497 222 1585 siarum,
233 1495 546 1568 monasteriorum
558 1503 594 1568 et
608 1495 764 1568 aliorum
778 1495 1042 1569 beneficiorum
1055 1521 1206 1570 suorum
1220 1501 1256 1569 et
1267 1497 1401 1569 obvan-

89 1621 211 1693 tionum
226 1620 472 1716 quarumlibet
497 1621 607 1694 etiam
629 1621 773 1694 ratione
797 1620 926 1716 capelli
957 1622 1003 1694 ad
1024 1623 1174 1696 eosdem
1198 1621 1402 1694 cardinales

87 1745 132 1818 sic
149 1743 304 1818 volentes
335 1767 378 1818 ac
402 1744 676 1818 consentientes
699 1744 991 1842 provenientium
1016 1770 1082 1843 per
1108 1769 1171 1820 eos
1186 1743 1234 1818 'in
1249 1769 1404 1819 romana

89 1869 188 1959 curia,
201 1891 345 1943 necnon
361 1871 524 1942 omnium
540 1869 826 1966 provinciarum,
844 1870 1029 1944 civitatum
1046 1876 1083 1945 ct
1100 1876 1286 1945 terrarum
1307 1871 1404 1968 ejus-

90 1994 160 2066 dem
173 1997 335 2067 Romane
347 1994 501 2068 ecclesie
516 2018 558 2068 ac
574 1995 740 2091 predicte
751 1994 871 2084 Urbis,
891 1999 927 2068 et
947 1996 1111 2092 ejusdem
1127 2001 1290 2070 Romane
1303 1995 1403 2069 curie

91 2117 277 2192 officiorum
301 2120 563 2216 cujuscumque
573 2120 759 2216 qualitatis
771 2123 882 2194 etiam
893 2121 1181 2196 vicecancellarii
1196 2145 1238 2195 ac
1248 2121 1406 2218 patriar-

91 2241 229 2314 chalium
243 2250 279 2317 et
296 2245 390 2317 alias
405 2244 656 2335 ecclesiarum,
675 2247 997 2338 monasteriorum,
1015 2248 1258 2344 prioratuum,
1276 2269 1406 2342 perso·

93 2366 209 2440 nalium
220 2369 597 2460 administrationum,
612 2371 817 2444 ciliciorum
829 2371 1072 2445 cardinalium
1088 2377 1125 2445 et
1135 2370 1404 2468 prebendarum

92 2493 301 2590 aliorumque
318 2517 402 2567 cum
419 2519 508 2568 cura
523 2500 559 2568 et
574 2494 652 2569 sine
664 2519 750 2568 cura
760 2495 1038 2587 beneficiorum,
1053 2495 1403 2584 ecclesiasticorum,

94 2619 293 2692 secularium
312 2627 349 2692 et
362 2618 475 2692 etiam
492 2644 521 2692 s.
540 2621 743 2712 Benedicti,
763 2646 792 2693 s.
808 2622 1016 2718 Augustini,
1038 2619 1300 2710 cisterciensis,
1322 2621 1406 2692 Avi-

94 2745 258 2834 nacensis,
282 2743 571 2835 carthusiensis,
589 2745 893 2837 Camaldulensis,
912 2746 1045 2818 ltlontis
1070 2745 1217 2835 Oliveti,
1241 2743 1408 2818 humilia·

94 2871 197 2940 torum
214 2869 612 2943 premonstratensium
627 2871 741 2948 Vallis
764 2870 956 2963 Umbrose,
982 2871 1258 2944 Cruciserorum
1280 2855 1412 2944 mona-¹

95 2992 229 3066 chorum
244 3019 272 3066 s.
293 2995 510 3093 Hieronymi
527 3000 564 3068 et
578 2994 735 3068 aliorum
751 2995 959 3090 quorumvis
975 2996 1147 3068 ordinum
1158 3005 1232 3070 tam
1244 2996 1407 3070 virorum

96 3139 186 3212 quam
201 3119 409 3208 mulierum,
422 3119 534 3193 etiam
548 3121 834 3194 mendicantium
845 3145 888 3195 ex
899 3121 1104 3218 privilagio,
1118 3122 1172 3195 vel
1185 3122 1275 3194 alios
1287 3128 1408 3196 certos

95 3243 216 3316 reditus
231 3243 461 3335 habentium,
481 3245 774 3343 regulariumque
796 3246 1021 3336 militiarum,
1039 3247 1207 3321 videlicet
1228 3272 1257 3319 s.
1282 3245 1408 3320 Jacobi

96 3366 131 3440 de
147 3368 287 3465 Spatha,
305 3369 352 3444 dc
368 3369 571 3458 Caletrava,
593 3372 640 3444 de
655 3371 866 3461 Alcantara,
886 3372 931 3446 de
946 3372 1139 3456 Montesia,
1157 3377 1242 3446 lesu
1256 3370 1406 3460 Christi,

98 3491 132 3566 de
145 3493 230 3584 hvis,
245 3495 356 3569 beate
370 3496 484 3568 Marie
505 3496 785 3570 Teutonicorum
807 3501 844 3570 et
864 3497 1034 3584 aliorum,
1053 3519 1278 3592 quorumque
1299 3495 1408 3568 etiam

98 3617 213 3692 reditus
223 3621 268 3693 ad
282 3619 466 3718 hospitale
477 3620 640 3717 deputati
656 3621 789 3712 forent,
807 3647 874 3720 per
890 3622 1100 3696 universum
1121 3621 1249 3694 orbem
1272 3617 1409 3694 consis-

98 3744 230 3817 tentium
262 3743 486 3832 officiorum,
513 3741 682 3817 videlicet
713 3767 735 3816 a
758 3743 906 3842 legatis,
930 3743 1247 3834 vicecancellario,
1274 3739 1408 3838 majori

98 3868 351 3962 penitentiario,
370 3867 691 3966 gubernatoribus,
709 3870 926 3960 rectoribus,
945 3869 1153 3967 capitaneis,
1171 3866 1410 3965 potestatibus

99 3997 128 4063 et
145 3993 218 4066 aliis
242 3994 530 4092 quibuscumque
551 3992 765 4068 officialibus
798 3995 957 4084 nostris,
989 3995 1240 4090 dictorumque
1264 4013 1415 4066 romane

99 4117 183 4191 curie
197 4127 232 4192 et
246 4119 355 4194 Urbis
378 4118 574 4210 redituum,
591 4141 676 4192 vero
692 4125 729 4194 et
750 4127 991 4216 proventuum
1014 4119 1347 4194 ecclesiasticorum
1369 4117 1415 4190 ab

99 4245 245 4320 omnibus
266 4254 307 4322 et
329 4244 478 4342 singulis
506 4243 803 4342 archiepiscopis,
830 4245 955 4320 clectis
979 4245 1184 4336 abbatibus,
1208 4237 1412 4334 abbatissis,

102 4367 279 4463 prioribus,
305 4369 505 4468 priorissiS,
532 4370 742 4467 prepositis,
775 4370 1143 4461 administratoribus,
1180 4369 1416 4444 commenda-

105 4491 201 4584 tariis,
218 4491 396 4592 capitulis,
415 4492 664 4586 conventibus,
682 4493 1112 4591 guardiariisceterisque
1124 4493 1288 4592 personis
1300 4495 1416 4569 eccle-

104 4615 258 4710 siasticis,
294 4617 518 4693 secularibus
548 4625 584 4692 ct
612 4618 856 4716 regularibus,
885 4619 1052 4694 ordinum
1079 4625 1116 4694 et
1144 4620 1355 4714 militiarum
1379 4623 1417 4692 at

105 4740 324 4836 prioratuum,
353 4739 659 4831 castellaniarum,
687 4741 923 4839 bajulivarum
952 4767 994 4816 ao
1031 4742 1347 4841 preceptoriarum
1375 4763 1417 4813 ac

108 4864 312 4962 militiarum,
330 4865 539 4968 hujusmodi
552 4866 693 4940 reditus
707 4890 748 4941 ac
764 4872 961 4964 proventus
982 4867 1249 4942 ecclesiasticos
1268 4865 1419 4940 ubilibet

109 4983 138 5060 in
150 4991 238 5068 dicto
254 4997 420 5070 universo
437 4993 527 5066 orbe
542 4991 826 5090 percipientibus
847 5017 889 5067 ac
908 4993 1138 5092 percepturis
1156 4993 1418 5091 cujuscumque

111 5119 331 5210 preminentis
346 5117 531 5218 dignitatis
547 5122 675 5210 statue,
697 5120 846 5218 gradus,
868 5118 1007 5194 ordinis
1021 5119 1076 5193 vel
1089 5117 1306 5193 conditionis
1324 5119 1418 5194 exis·

117 5241 181 5314 tant
192 5241 294 5318 ctiam
310 5244 487 5344 exemptis
497 5249 533 5319 et
544 5243 1113 5344 quarumcumqueprivilegiatis,
1126 5243 1419 5342 persolvendam,

231 5412 256 5452 ι.
276 5415 312 5454 ιιι.
1264 5399 1281 5450 4
