3554 6042
66 642 129 706 [ltal
144 645 220 706 ¹506]
410 641 537 700 RERUM
560 641 787 702 URBANARUM
812 643 1071 703 COMMENTARII.
1353 649 1407 704 429

68 817 184 866 musa
211 793 340 867 multis
365 795 548 887 associati,
575 801 610 869 et
638 795 769 868 tratres
796 796 961 870 lecerunt
985 796 1249 874 absolutionem
1276 823 1404 876 eorum

69 941 180 990 more.

113 1041 307 1134 Mercurii,
332 1049 379 1118 20
398 1043 497 1136 maii,
523 1067 676 1142 vespere
704 1050 788 1118 sunt
811 1044 934 1120 habite
957 1045 994 1118 in
1019 1045 1159 1143 capella
1180 1047 1322 1146 majore
1345 1073 1411 1147 pa-

68 1167 154 1257 latii,
174 1167 267 1264 quia
284 1168 352 1242 l'uit
367 1169 488 1268 vigilia
503 1170 735 1244 decensionis
752 1170 918 1260 Domini3
936 1177 973 1245 et
988 1173 1031 1245 D.
1050 1171 1244 1246 Balthasar
1256 1174 1407 1265 Nicolai,

70 1292 180 1364 dictus
206 1287 454 1370 viterbiensis
484 1296 545 1392 qui
573 1295 639 1369 luit
663 1295 879 1369 substitutus
913 1296 1066 1370 sacriste
1099 1297 1284 1372 inlocum
1316 1299 1408 1373 boue

70 1417 245 1492 memorie
266 1417 392 1492 Ortaui
415 1418 460 1492 ad
480 1419 645 1493 officium
668 1420 964 1494 ceremoniarum
990 1420 1222 1518 subrogatus,
1251 1430 1287 1495 et
1310 1426 1408 1520 Papa

72 1543 200 1616 creavit
223 1543 464 1620 assistentem
486 1545 660 1620 inlocum
679 1545 801 1619 Ortaui
822 1549 999 1618 loannem
1017 1546 1251 1638 Ludovicum,
1270 1549 1408 1644 episco-

73 1687 153 1760 pum
169 1666 451 1759 Saurineusem,
470 1668 689 1766 magistrum
704 1669 834 1742 domus
851 1691 917 1743 sue
941 1669 1165 1760 Sanctitatis,
1186 1670 1246 1766 qui
1273 1671 1339 1744 luit
1359 1671 1416 1745 ibi

73 1791 236 1866 adstatim
261 1799 432 1892 receptus
453 1793 549 1869 inter
565 1794 777 1869 assistentes
802 1801 839 1869 et
861 1794 1041 1868 inlocum
1062 1819 1127 1868 sue
1151 1795 1407 1893 promotionis,

75 1925 106 1988 et
123 1941 194 1990 uon
212 1919 323 2010 ultra,
344 1920 466 2011 idest,
493 1920 622 1996 ultimo
646 1921 742 1995 loco.

118 2044 225 2134 lovis,
249 2051 293 2119 21
314 2045 414 2138 maii,
431 2047 541 2121 missa
554 2047 623 2121 luit
636 2047 762 2122 habita
778 2047 816 2120 in
831 2071 861 2121 s.
881 2051 1003 2123 Petro.
1022 2049 1176 2124 Paratus
1192 2051 1291 2148 Papa
1305 2073 1406 2125 more

76 2167 185 2258 solito,
215 2170 360 2246 babens
386 2171 516 2246 tiaram
541 2173 615 2248 sive
642 2197 809 2272 regnum,
839 2172 983 2247 delatus
1010 2174 1078 2247 luit
1105 2175 1152 2248 ad
1178 2199 1208 2248 s.
1237 2179 1404 2266 Petrum;

77 2291 189 2390 itaque
215 2295 329 2370 exivit
353 2321 420 2394 per
446 2301 591 2396 portam
618 2297 753 2394 palatii,
779 2297 839 2371 ubi
863 2298 954 2372 solet
979 2299 1131 2397 guardia
1154 2322 1219 2373 seu
1242 2301 1408 2374 custodia

78 2420 199 2510 teneri,
217 2443 264 2494 eo
284 2422 383 2519 quod
401 2422 537 2496 scalam
554 2446 622 2519 per
641 2447 749 2520 quam
763 2423 858 2497 soliti
878 2424 1024 2496 luerent
1040 2423 1234 2498 Pontifices
1253 2425 1406 2500 descen-

80 2541 170 2636 dere,
190 2546 438 2622 demolicrant
452 2572 521 2646 pro
538 2572 629 2624 nova
647 2547 825 2640 facienda,
839 2548 901 2622 tali
916 2548 1174 2624 scilicetmodo
1191 2551 1289 2645 quod
1305 2550 1407 2646 equis

83 2673 128 2746 ire
147 2681 300 2771 possent
318 2701 363 2751 ex
384 2677 465 2752 aula
481 2677 597 2776 regali
617 2679 793 2776 usquead
812 2703 842 2751 s.
867 2681 1032 2768 Petrum;
1052 2678 1253 2753 cardinales
1273 2685 1309 2754 et
1327 2704 1411 2779 pre·

84 2793 137 2868 lati
154 2821 282 2875 omnes
307 2799 536 2876 intraverunt
558 2802 596 2876 in
620 2803 744 2900 cappis
763 2809 799 2877 et
820 2825 893 2876 non
911 2803 1245 2899 processionaliter.
1263 2805 1410 2878 Missam

85 2925 230 2998 cantavit
256 2929 384 3000 Rmus.
411 2927 604 3002 cardinalis
631 2952 660 3001 s.
693 2927 838 3019 Sabine,
860 2951 930 3025 que
956 2928 1023 3004 luit
1041 2928 1170 3027 prima.
1196 2929 1408 3004 Orationem

86 3041 361 3145 habuitquidam
379 3051 548 3126 Camillus
560 3051 620 3148 qui
633 3051 753 3126 statim
770 3076 813 3126 ea
830 3051 1100 3142 factareccssit,
1118 3076 1162 3128 eo
1180 3053 1279 3152 quod
1292 3053 1408 3128 indul-

88 3171 196 3264 gentie
207 3173 256 3248 ibi
273 3176 311 3248 iu
323 3175 897 3274 capellanonpronunciarentur;
913 3201 985 3275 quo
997 3177 1106 3268 lacto,
1120 3178 1293 3253 diaconus
1304 3201 1406 3252 more

88 3293 179 3369 solito
195 3305 278 3374 ante
295 3304 429 3398 Papam
443 3301 531 3396 dixit
551 3301 730 3400 Confiteor
739 3309 774 3378 et
789 3304 910 3378 statim
926 3309 1009 3401 post
1027 3301 1270 3378 subdiaconus
1288 3309 1411 3400 porta-

88 3416 241 3499 vitcruce
252 3432 376 3499 mente
387 3426 550 3500 infimum
562 3427 713 3526 gradum
725 3428 819 3519 solii,
836 3434 872 3502 et
883 3433 980 3525 Papa
988 3427 1406 3502 deditbenedictionem.

89 3544 155 3626 Qua
170 3547 264 3642 data,
283 3551 429 3626 luerunt
439 3552 640 3628 cardinales
655 3553 771 3628 vocati
784 3552 829 3626 ad
841 3552 1036 3643 circulum;
1051 3551 1154 3626 linita
1166 3551 1290 3642 missa,
1309 3556 1410 3649 Papa

90 3665 215 3747 delatus
231 3701 300 3774 per
317 3675 417 3751 illam
433 3701 562 3752 navem
575 3678 635 3752 ubi
651 3685 798 3752 sanctus
815 3676 1023 3752 reconditur
1039 3681 1074 3752 et
1091 3681 1277 3766 servatur;
1295 3699 1405 3773 quem

88 3789 274 3875 laldistorio
289 3801 505 3877 incumbens
522 3803 708 3878 adoravit:
727 3803 937 3878 adoratione
952 3803 1049 3876 lacta
1066 3801 1133 3874 luit
1147 3801 1193 3875 ad
1205 3801 1327 3876 locum
1344 3800 1407 3874 be-

90 3918 295 4000 nedictionis
310 3927 464 4018 delatus,
485 3929 536 4002 ita
557 3929 653 4025 quod
669 3927 877 4002 intravimus
897 3950 962 4026 per
980 3931 1125 4025 portam
1148 3925 1272 4024 palatii
1290 3925 1351 4000 ubi
1368 3925 1408 3998 lit

92 4047 230 4134 guardia
244 4055 282 4126 et
298 4052 529 4126 ascendimus
546 4077 614 4152 per
629 4053 722 4128 viam
742 4077 815 4150 qua
833 4051 1037 4128 cardinales
1057 4051 1257 4126 ascendere
1275 4051 1407 4141 solent,

92 4171 221 4258 quaudo
237 4175 283 4250 ad
300 4176 472 4276 palatium
490 4179 665 4276 equitant,
684 4187 720 4252 et
739 4183 836 4276 Papa
850 4177 951 4252 dedit
965 4176 1259 4252 benedictionem
1275 4175 1410 4274 populo

93 4291 297 4392 solemnem;
321 4327 393 4400 qua
416 4303 513 4394 data,
538 4303 791 4402 pronunciavit
814 4302 1078 4400 indulgentiam
1100 4301 1300 4398 plenariam
1327 4324 1409 4374 car-

93 4411 207 4495 dinalis
223 4426 400 4502 Columna
414 4428 452 4501 in
471 4427 598 4521 latino,
619 4429 812 4505 Cesaribus
827 4428 866 4502 in
880 4426 1016 4526 vulgari
1030 4452 1038 4516 ;
1057 4432 1141 4500 aute
1160 4425 1295 4498 scalam
1312 4428 1409 4522 Papa

92 4533 270 4626 licentiavit
293 4553 498 4628 cardinales
525 4554 773 4652 antiquiores;
802 4560 926 4630 tamen
951 4550 1197 4627 ascenderunt
1226 4572 1340 4646 usque
1365 4549 1411 4622 ad

95 4683 261 4749 cameram
275 4678 491 4775 paramenti.
598 4679 603 4690 '

137 4793 298 4892 Sabbata,
318 4807 364 4877 30
379 4803 478 4893 maii,
499 4801 620 4902 vigilia
635 4806 871 4878 pentecostes
884 4825 892 4893 ;
907 4823 1058 4898 vespere
1072 4799 1218 4873 luerunt
1232 4797 1356 4871 habite
1375 4798 1411 4872 in

96 4918 217 5011 capella
231 4928 369 5025 majore
382 4927 522 5025 palatii,
544 4931 641 5026 Papa
657 4935 827 5026 presente
842 4927 887 5001 ad
901 4925 1078 5023 hymnum
1098 4945 1207 5020 quem
1229 4925 1327 5018 Papa
1339 4946 1411 4996 uon

97 5031 219 5120 intonat
242 5058 365 5126 nostra
391 5057 626 5150 tempestato;
652 5053 863 5150 genuflectit
885 5051 922 5125 in
949 5047 1164 5137 faldistorio,
1185 5051 1223 5120 et
1244 5052 1411 5122 cantores

98 5176 160 5234 uon
177 5165 348 5272 incipiunt
360 5176 535 5276 hymnum
549 5176 617 5249 nisi
636 5179 733 5274 Papa
751 5175 957 5275 gcnullexo.

139 5289 330 5392 bombice,
348 5305 387 5376 31
405 5302 506 5395 maii,
524 5301 636 5376 missa
653 5301 720 5376 luit
735 5301 860 5377 babila
872 5301 909 5374 iu
928 5297 1067 5398 capella
1079 5297 1227 5374 basilice
1252 5321 1282 5371 s.
1302 5299 1411 5383 Petri,
