3502 6036
86 564 281 630 [Ferriultvtlt]
398 561 524 618 RERUM
548 559 776 618 URBANARUM
799 559 1062 623 commentatur.
1351 569 1402 624 115

87 717 272 794 triennium
290 717 465 790 duntaxat
482 713 756 812 persolvendas,
779 713 949 788 levandas
973 721 1010 790 et
1029 716 1227 814 exigendas
1246 719 1283 792 in
1307 699 1404 816 ejus-

86 843 160 918 dem
175 839 260 916 lidei
289 862 381 937 opus
397 845 432 912 et
450 839 702 916 defensionem
724 842 762 912 et
781 862 853 910 non
873 839 910 912 in
932 839 1022 912 alios
1040 863 1128 914 usus
1146 841 1296 916 omniuo
1315 867 1403 916 con-

86 965 266 1041 vertendos
287 987 354 1062 per
369 964 459 1038 alias
476 968 621 1038 nostras
638 961 777 1036 litteras
793 963 839 1035 de
855 963 1007 1036 lratcum
1026 969 1237 1040 nostrorum
1252 968 1403 1041 consilio

84 1091 287 1166 duxerimus
300 1089 554 1187 imponendos,
569 1093 679 1186 prout
698 1088 735 1160 in
746 1087 897 1185 singulis
910 1087 1043 1162 litteris
1061 1092 1246 1186 preteritis
1263 1092 1403 1190 plenius

85 1217 295 1292 continetur.
324 1219 396 1288 Nos
421 1213 610 1311 cupientes
635 1214 733 1310 quod
761 1213 904 1288 decime
929 1217 966 1288 et
992 1214 1170 1311 vigesima
1194 1217 1404 1316 hujusmodi

80 1342 173 1438 juxta
190 1331 420 1438 singularum
436 1338 642 1412 litterarum
666 1339 878 1412 earumdem
900 1339 1161 1414 continentiam
1182 1346 1219 1414 et
1236 1345 1404 1416 tenorem

85 1466 274 1563 exigantur,
302 1471 353 1555 te,
384 1465 445 1562 qui
474 1465 584 1538 etiam
609 1463 857 1538 cubicularius
882 1469 1006 1538 noster
1030 1465 1153 1540 existis
1174 1472 1210 1540 et
1231 1467 1276 1540 de
1301 1468 1405 1566 cujus

84 1590 273 1688 probitate,
299 1589 475 1669 fidelitate
500 1613 543 1663 ac
565 1588 754 1686 diligentia
779 1589 976 1686 specialem
1001 1589 1038 1664 in
1057 1591 1211 1664 Domino
1235 1591 1405 1667 fiduciam

84 1715 296 1804 obtinemus,
319 1715 356 1788 in
375 1714 602 1789 omnibusne
621 1713 770 1811 singulis
789 1715 985 1811 provinciis
1003 1721 1040 1789 et
1056 1715 1275 1806 civitatibus,
1296 1717 1406 1791 terris

85 1847 115 1914 et
128 1840 229 1931 locis,
250 1839 359 1918 nobis
377 1846 413 1913 et
429 1839 550 1914 eidem
572 1843 734 1914 Romane
760 1839 912 1914 ecclesie
935 1841 1093 1915 mediate
1117 1839 1174 1916 vel
1195 1841 1406 1916 immediate

85 1967 115 2038 in
138 1965 239 2041 ltalia
269 1965 564 2055 consistentibus,
595 1987 708 2064 regno
734 1964 856 2040 Sicilie
883 1965 980 2039 ultra
1011 1965 1170 2040 Pharum
1203 1991 1245 2041 ac
1271 1969 1407 2042 nostris

86 2091 370 2166 Ferrariensium
400 2097 438 2166 et
468 2090 753 2165 Bononiensium
785 2090 990 2165 civitatibus
1019 2093 1194 2168 duntaxat
1227 2093 1403 2191 exceptis,

86 2217 288 2314 generalem
319 2215 624 2307 commissarium,
654 2215 909 2305 collectorem,
944 2225 1176 2315 receptorem
1200 2223 1236 2292 et
1262 2225 1408 2294 exacto-

84 2363 150 2416 rem
181 2341 327 2418 decime
356 2347 390 2414 et
422 2341 597 2439 vigesima
615 2340 826 2440 hujusmodi
854 2365 922 2438 pro
942 2342 1038 2414 dicto
1058 2342 1216 2417 triennio
1234 2344 1409 2418 duntaxat

85 2466 203 2540 buum
238 2465 337 2540 serie
376 2464 551 2553 lauimus,
585 2465 840 2540 constituimus
877 2470 914 2538 et
949 2467 1059 2540 etiam
1098 2465 1313 2564 deputamus
1342 2466 1407 2540 tibi

85 2615 139 2690 per
165 2591 368 2690 apostolica
391 2589 536 2688 scripta,
565 2589 779 2664 mandemus
809 2594 846 2664 et
875 2589 1133 2664 committimus
1157 2599 1336 2688 quatenus
1362 2591 1409 2666 ad

86 2716 293 2812 provincias,
317 2715 493 2804 civitates,
519 2721 635 2790 terras
654 2719 692 2790 et
714 2715 796 2789 loca
820 2715 986 2813 subjecta
1006 2714 1215 2814 hujusmodi
1232 2739 1407 2814 persona-

86 2839 157 2914 liter
171 2842 341 2931 accedas,
366 2840 424 2914 vel
450 2844 559 2937 prout
576 2839 640 2916 tibi
664 2839 793 2914 melius
815 2833 1010 2931 videbitur,
1030 2839 1200 2938 expedire
1219 2840 1308 2917 alios
1323 2841 1408 2915 sub-

89 2965 292 3044 collectores
323 2971 406 3040 tuos
434 2964 595 3040 destines
626 2987 669 3038 ac
702 2965 882 3062 integram
913 2965 1093 3040 decimam
1129 2973 1166 3038 et
1196 2965 1407 3064 vigesimam

87 3090 286 3188 hujusmodi
305 3091 351 3164 ab
370 3089 539 3166 omnibus
562 3097 598 3164 et
616 3089 766 3186 singulis
784 3091 829 3164 ad
846 3089 940 3164 illius
958 3089 1189 3180 solutionem,
1211 3096 1248 3162 ut
1266 3091 1408 3188 prelar-

90 3222 150 3305 tur,
178 3217 359 3316 obligatos
383 3217 421 3290 in
442 3239 514 3289 uno
536 3213 590 3288 vel
613 3213 753 3289 duobus
776 3217 954 3304 terminis,
981 3221 1091 3314 prout
1121 3215 1188 3290 sibi
1213 3215 1405 3306 videbitur,

90 3342 302 3441 prefigendis
329 3346 454 3439 petere
484 3347 519 3414 et
551 3339 710 3438 exigere,
738 3339 858 3414 levare
885 3345 922 3416 et
949 3340 1123 3438 colligere
1155 3339 1301 3416 curetis.
1334 3343 1408 3416 Nos

89 3467 172 3540 enim
196 3466 259 3541 tibi
288 3466 468 3542 decimam
486 3471 523 3540 et
543 3465 753 3564 vigesimam
781 3465 993 3564 hujusmodi
1021 3489 1087 3563 per
1109 3471 1144 3540 te
1170 3465 1226 3540 vel
1246 3465 1349 3556 alios,
1370 3472 1408 3538 ut

91 3592 273 3688 protertur,
308 3592 537 3688 deputandos
560 3593 777 3666 auctoritate
803 3599 927 3665 nostra
959 3591 1119 3688 petendi,
1146 3590 1326 3688 exigendi,
1352 3590 1406 3664 le-

89 3718 185 3791 vandi
210 3725 245 3793 et
276 3715 477 3814 recipiendi
505 3741 548 3791 ac
565 3717 609 3791 de
632 3717 790 3815 receptis
810 3718 985 3791 duntaxat
1004 3717 1182 3792 solventes
1203 3715 1403 3813 quietandi,

89 3840 255 3917 liberandi
272 3848 311 3918 et
328 3841 550 3932 absolvendi,
570 3865 714 3918 necnon
731 3843 1039 3932 contradictores,
1056 3841 1211 3916 rebelles
1228 3841 1274 3916 ad
1293 3839 1410 3914 dictas

90 3965 257 4043 decimam
276 3974 314 4043 et
328 3967 540 4066 vigesimam
558 3966 696 4042 solvere
714 3967 938 4060 differentes,
959 3975 1171 4058 renuentes,
1191 3965 1410 4042 christianos

92 4092 246 4170 videlicet
275 4091 487 4191 privationis
507 4115 639 4190 penam
663 4091 700 4166 in
727 4092 909 4190 prioribus
932 4093 1064 4166 litteris
1087 4093 1260 4190 predictis
1285 4097 1410 4167 contra

89 4216 243 4309 rebelles,
269 4217 427 4292 inflictas
450 4225 486 4292 et
508 4217 757 4316 promulgatas
779 4216 979 4292 incurrisse
1002 4217 1214 4294 declarandi
1238 4241 1280 4292 ac
1299 4217 1408 4292 etiam

91 4363 145 4436 per
161 4344 249 4419 alias
266 4366 441 4420 censuras
463 4343 728 4418 ecclesiasticas
743 4342 885 4440 aliaque
900 4344 992 4443 juris
1009 4351 1215 4442 opportuna
1228 4339 1405 4430 remedia,

91 4487 125 4538 ac
140 4469 463 4567 sequestrationem
480 4469 679 4558 fructuum,
692 4467 877 4543 redituum
894 4475 930 4545 et
943 4477 1186 4574 proventuum
1197 4467 1408 4568 hujusmodi

91 4593 346 4692 compescendi,
372 4600 408 4668 et
425 4593 454 4667 si
478 4593 696 4692 protervitas
713 4600 775 4668 aut
799 4594 1034 4669 contumacia
1060 4594 1236 4684 extiterit,
1263 4615 1410 4667 monas-

91 4717 190 4808 teriis,
213 4717 466 4817 dignitatibus,
492 4717 776 4816 magistratibus,
802 4719 1058 4816 preceptoriis,
1086 4717 1300 4816 bajuliariis‚
1331 4739 1411 4790 cas-

93 4840 245 4934 tellaniis,
277 4841 532 4941 hospitalibus,
562 4841 751 4917 beneficiis
777 4848 813 4917 et
841 4843 972 4918 officiis
998 4842 1172 4940 predictis
1200 4841 1407 4930 amovendi}

32 4999 36 5010 ·
92 4968 210 5043 luteos
227 4993 314 5044 vero
332 4969 518 5067 predictos
529 4968 575 5043 ad
592 4967 933 5044 christianissimam
950 4969 1142 5066 integram,
1158 4969 1198 5041 ut
1214 4965 1408 5065 prefertur,

95 5097 123 5164 ct
146 5095 253 5168 etiam
286 5117 352 5192 pro
380 5094 543 5192 quolibet
567 5097 779 5170 centenario
807 5097 1031 5170 tlorenorum
1066 5097 1222 5191 quatuor
1251 5091 1411 5166 llorenos

97 5215 216 5295 similes
235 5220 416 5295 inventori
437 5219 614 5296 bonorum
636 5243 785 5296 suorum
808 5220 1019 5320 hujusmodi
1043 5224 1080 5294 et
1099 5218 1262 5294 fraudem
1284 5237 1410 5293 eorum
