3520 6036
73 589 198 652 [aaran
375 571 502 643 annum
527 581 753 642 uaannnaun
778 583 1041 642 connnurnan.
1324 583 1377 642 aas

72 739 303 839 postmissam3
321 743 358 812 et
376 738 453 813 sino
466 737 683 814 baldachino
699 739 796 814 venit
814 740 859 813 ad
871 738 1064 814 ecclesiam
1078 745 1113 812 et
1129 738 1207 812 sine
1224 761 1267 813 eo
1281 737 1378 812 venit

71 865 226 942 adlocum
242 862 447 961 predictum
472 863 735 938 benedictionis
764 887 772 936 :
801 863 1005 938 cardinales
1035 873 1071 938 et
1094 863 1222 962 prelati
1250 885 1377 938 omnes

71 992 194 1064 luerunt
209 989 244 1062 in
259 989 398 1087 cappis,
416 1012 518 1064 more
531 989 636 1064 solito
655 1013 663 1078 3
683 989 885 1065 orationem
897 990 1139 1088 lecitquidam
1155 990 1311 1064 Jacobus
1330 989 1376 1062 de

72 1113 231 1204 leonissa,
250 1111 483 1188 laudabiliter
497 1113 650 1188 athene.

107 1239 164 1313 Die
179 1237 333 1330 veneris,
354 1244 396 1311 17
414 1237 500 1312 maii
517 1238 686 1336 predicti,
701 1239 738 1312 in
750 1239 831 1315 loco
852 1239 1070 1332 consistorii,
1095 1239 1218 1339 [Papa]
1242 1239 1381 1336 rogavit

70 1387 115 1437 ne
129 1370 162 1438 ut
170 1362 373 1462 acciperem
383 1363 419 1435 in
435 1363 576 1436 socium
591 1367 632 1435 Ι).
647 1364 814 1438 Paridem
830 1365 1002 1439 inlocum
1015 1363 1249 1456 Bernardini;
1269 1389 1379 1462 quem

71 1513 136 1563 cum
149 1487 412 1564 conditionibus
426 1489 568 1562 admisi.
604 1585 609 1596 ⁸

108 1613 262 1704 Sabbato,
282 1613 342 1689 die
361 1619 404 1687 t8
420 1613 519 1708 maii,
538 1613 603 1688 suit
627 1615 769 1713 signata
791 1617 1006 1715 supplicatio
1023 1618 1134 1693 etiam
1159 1641 1225 1717 pro
1250 1639 1322 1705 me,
1343 1617 1380 1688 et

71 1739 254 1814 mandatum
283 1737 383 1836 quod
411 1738 510 1813 Paris
543 1763 617 1814 non
648 1741 855 1817 mitteretur
892 1743 938 1817 ad
963 1749 1080 1818 rotam
1103 1743 1172 1817 nisi
1193 1739 1385 1819 renuncia·

71 1869 261 1940 roturactu.

108 1993 208 2082 bone,
227 1994 274 2064 20
288 1987 389 2080 maii,
408 1988 474 2063 luit
486 1989 669 2088 publicum
688 1991 947 2066 consistorium
964 1991 1002 2066 in
1021 1993 1241 2086 tertiaaula,
1258 1993 1383 2092 inquo

70 2113 203 2211 quinqua
218 2115 494 2212 oratoresregis
506 2116 635 2212 anglie
648 2115 829 2191 dederunt
842 2117 1088 2192 obedientiam
1101 2123 1219 2218 Papa:
1238 2121 1385 2194 luerunt

72 2239 232 2338 proposito
249 2248 325 2316 tres
348 2241 643 2330 commissiones;
682 2241 838 2339 primam
856 2245 1048 2342 proposuit
1088 2246 1130 2318 D.
1160 2245 1322 2334 tustinus
1339 2247 1384 2318 de

73 2365 225 2464 Ungaria:
243 2389 318 2465 qua
332 2366 447 2458 linita,
467 2365 618 2441 missum
638 2367 729 2467 [luit]
747 2391 813 2465 pro
829 2369 1034 2443 oratoribus
1057 2369 1119 2467 qui
1142 2371 1385 2468 expectabant

72 2491 244 2568 incamera
259 2497 305 2567 D.
321 2491 469 2567 Adriani
494 2491 700 2568 cardinalis.
721 2498 909 2570 Duxerunt
935 2496 1145 2594 patriarcba
1171 2497 1386 2570 Alexandri-

72 2641 134 2708 nus,
151 2617 684 2718 archiepiscopusTarentinus,
705 2620 879 2713 Nolanus,
909 2621 1132 2712 Genetensis,
1162 2621 1386 2696 Bellunensis

73 2743 296 2820 cilliletensis
314 2744 475 2842 episcopi
491 2745 702 2820 assistentes
720 2773 726 2818 :
748 2751 1049 2844 presentaverunt
1068 2747 1208 2822 litteras
1224 2747 1386 2822 missivas

73 2874 99 2940 ct
125 2869 330 2944 mandatum
359 2869 544 2968 publicum
574 2871 683 2969 regia,
720 2871 852 2945 datum·
873 2877 913 2944 21
946 2873 1122 2947 februarii
1144 2873 1320 2972 preteriti.
1346 2877 1386 2946 In

72 2990 181 3069 litteris
192 2993 370 3070 nominati
392 2995 538 3070 luerunt
560 2995 679 3071 solum
705 2995 772 3094 ipsi
797 3003 871 3070 tres
901 2998 1111 3072 venientes:
1146 2999 1185 3072 in
1213 2997 1386 3072 mandato

71 3126 182 3210 autem,
199 3122 384 3213 ultraeos,
405 3121 601 3196 cardinalis
615 3121 809 3212 Adrianus
838 3127 881 3196 D.
910 3123 955 3198 de
977 3125 1118 3216 Talbot,
1145 3125 1271 3198 tertius
1292 3125 1388 3222 opis-

72 3261 163 3340 copus
178 3245 441 3344 vigorniensis,
461 3251 612 3344 quartus
636 3247 760 3338 abbas,
793 3247 939 3344 quintus
960 3252 1002 3322 D.
1031 3249 1225 3339 Robertus,
1256 3249 1387 3322 deinde

71 3373 155 3463 pater
167 3373 208 3444 D.
228 3369 441 3446 Edoardus:
459 3371 608 3446 interim
627 3375 670 3445 D.
688 3371 872 3446 lohannes
889 3372 1166 3447 Bartholomcus
1190 3374 1235 3446 de
1262 3373 1388 3446 Dossis

71 3497 236 3591 proposuit
255 3497 456 3572 secundam
479 3497 795 3586 commissionem
817 3501 1003 3595 postremo
1024 3497 1215 3594 proposuit
1239 3498 1388 3570 tertiam

72 3621 346 3697 commissionem
361 3626 403 3696 D.
417 3623 602 3699 lohannes
613 3623 845 3712 GozzadinuS,
860 3624 1056 3698 advocatus
1066 3647 1136 3720 que
1156 3623 1242 3696 lecit
1257 3622 1303 3696 ad
1314 3623 1389 3696 ins-

73 3744 200 3820 tantiam
218 3747 353 3822 fiscalis
371 3755 497 3823 contra
512 3749 716 3847 magistros,
740 3749 834 3823 cives
857 3755 893 3823 et
911 3749 1080 3824 consules
1105 3747 1324 3823 caurienses
1344 3748 1388 3821 do

72 3863 338 3948 incarceratione
356 3873 519 3972 episcopi
539 3873 756 3962 (laudensis,
780 3873 909 3948 decani
927 3881 962 3947 et
986 3873 1146 3948 custodis
1163 3872 1387 3964 cauriensis,

72 4013 162 4088 super
171 3998 353 4094 personali
368 3999 643 4096 comparitione,
654 3999 720 4074 sub
734 3999 850 4097 penis,
870 4006 942 4073 etc.
957 4023 965 4090 3
986 3999 1118 4073 deinde
1136 3997 1231 4073 lecto
1247 3998 1393 4071 luerunt

71 4121 169 4209 perD.
182 4121 1018 4220 sigismundum,secretarium,litteremissive
1031 4122 1336 4222 competentibus
1355 4121 1390 4194 in

72 4241 181 4333 quibus
193 4247 422 4348 supradictus
436 4269 501 4325 rex
519 4249 701 4326 scribebat
716 4274 779 4326 se:
800 4249 997 4341 Heoricus,
1017 4249 1089 4322 Dei
1104 4250 1237 4347 pratia,
1256 4248 1393 4345 Aoplic

72 4374 98 4436 et
115 4368 259 4447 Francia
274 4387 308 4448 et
323 4371 398 4448 dor
406 4371 617 4473 Hydcrnie;
633 4381 669 4452 et
680 4377 810 4474 quibus
824 4375 941 4464 lectis,
956 4377 997 4448 D.
1013 4373 1204 4464 Robertus‚
1216 4373 1389 4462 decanus,

73 4489 120 4584 qui
136 4499 230 4574 stetit
244 4501 394 4576 ultimus
417 4507 500 4600 post
526 4501 616 4576 alios
641 4511 814 4601 quatuor,
837 4503 924 4576 lecit
949 4499 1154 4574 orationem
1182 4500 1332 4573 brevem
1354 4504 1390 4570 ct

74 4609 200 4696 bonam.
219 4629 299 4713 Qua
314 4627 422 4718 lacta,
441 4629 599 4704 surrexit
611 4629 648 4702 in
674 4629 847 4726 gradibus
871 4626 950 4701 solii
981 4624 1111 4698 sedens
1135 4629 1178 4699 D.
1196 4624 1388 4720 episcopus

73 4739 290 4846 ledonensis,
309 4757 431 4829 orator
456 4753 552 4852 regis
575 4755 741 4846 Francia,
771 4761 807 4829 et
832 4751 1056 4852 genuflexus,
1082 4749 1185 4848 petiit
1206 4747 1389 4822 licentiam

75 4869 195 4974 alapa
211 4876 354 4956 dicendi
376 4878 497 4976 aliqua
526 4903 592 4979 pro
622 4881 832 4956 defensione
857 4877 948 4976 juris
981 4875 1076 4974 regis
1108 4874 1176 4964 sui,
1210 4873 1268 4948 cui
1295 4876 1392 4970 Papa

75 5003 203 5076 annuit:
221 5005 325 5080 vertit
342 5011 476 5080 setunc
490 5003 526 5077 in
543 5005 762 5081 eodemloco
778 5005 825 5079 ad
837 5025 964 5076 omnes
983 5005 1095 5092 stans,
1114 4999 1388 5096 discoopertus;

77 5119 149 5198 dixit
175 5131 373 5206 orationem
399 5129 630 5230 preclaram:
659 5163 676 5203 <r
709 5125 1035 5206 Christianissimus
1061 5149 1122 5198 rex
1151 5129 1389 5214 Francorum,

78 5243 209 5331 devotus
223 5257 317 5335 filius
333 5258 442 5359 hujus
459 5261 583 5336 sancte
604 5259 713 5352 sadis,
734 5259 913 5334 hactenus
940 5253 1124 5330 consuevit
1149 5249 1393 5328 obedientiam
