3502 6036
133 491 277 556 [luiulbtl]
451 488 575 546 RERUM
601 487 827 546 daemonum
852 488 1114 548 contraeontra.
1400 495 1449 550 tta

133 645 287 746 gentibus
312 642 523 742 Hieronymi
545 641 708 738 Gagliolti
729 641 910 740 Aquiloni,
931 642 1069 716 inimici
1088 643 1141 716 sui
1161 642 1338 741 capitalis,
1365 670 1450 742 quo-

134 793 203 846 rum
218 793 307 844 uuus
326 793 393 868 per
419 767 543 866 plures
566 766 644 842 dies
671 773 755 842 ante
781 767 849 866 ipsi
874 771 915 841 D.
951 768 1142 878 Francisco
1168 768 1374 866 predixerat
1406 795 1447 844 ac

131 901 377 993 premouuerat
392 894 490 992 quod
503 893 579 992 ipse
599 917 682 966 cum
707 893 816 966 sociis
832 899 927 968 esset
946 915 1030 1000 eum
1049 894 1320 984 interfecturus,
1338 895 1447 968 etiarn

131 1019 278 1093 iudomo
306 1020 400 1092 Rmi.
422 1023 466 1093 D.
489 1017 680 1093 cardinalis
700 1018 889 1108 Senensis;
910 1020 946 1092 in
972 1043 1043 1116 qua
1063 1019 1202 1094 delatus
1232 1020 1360 1096 eadem
1390 1020 1447 1094 die

129 1145 207 1220 obiit
223 1151 307 1244 post
322 1145 452 1220 horam
468 1167 715 1244 vesperarum,
734 1151 769 1216 et
783 1145 819 1220 io
834 1169 916 1218 sero
930 1145 1095 1242 ejusdem
1113 1145 1184 1220 diei
1202 1151 1366 1243 portatus
1381 1145 1447 1220 luit

127 1270 166 1344 ad
179 1267 372 1344 ecclesiam
386 1269 422 1344 b.
442 1268 552 1344 Marie
572 1267 616 1343 de
632 1269 906 1356 Consolatione,
926 1269 962 1340 in
976 1293 1048 1366 qua
1066 1270 1132 1344 sibi
1146 1270 1307 1368 elegerat
1325 1269 1447 1370 sepul-

18 1423 21 1432 *
128 1403 250 1486 turam,
267 1402 307 1470 et
321 1394 457 1470 ibidem
474 1393 651 1496 sepultus.
673 1395 891 1491 Requiescat
908 1394 946 1468 in
962 1419 1066 1492 pace.
1088 1400 1216 1472 Amen.
1233 1483 1238 1490 ⁶

167 1521 301 1596 Eadem
319 1521 393 1610 die,
411 1520 652 1596 circaboram
674 1520 887 1618 vigesimam
910 1523 1122 1614 secundam,
1149 1522 1244 1596 venit
1264 1547 1330 1620 per
1346 1530 1448 1620 prata

126 1653 155 1720 et
170 1647 315 1721 intravit
332 1645 466 1722 Urbem
484 1669 551 1744 per
566 1649 711 1744 portam
729 1644 903 1724 Viridarii
917 1649 960 1720 D.
981 1645 1185 1724 Bernartius
1196 1648 1284 1722 elias
1302 1649 1448 1722 Berault

125 1776 238 1848 stunt
262 1773 310 1846 de
339 1770 482 1868 Ubigni,
511 1771 629 1858 miles,
656 1771 867 1869 capitaneus
894 1773 1058 1869 gentium
1086 1773 1182 1872 regis
1210 1773 1373 1866 Francie,
1402 1773 1448 1848 ad

125 1920 267 1994 reguum
299 1895 577 1994 Neapolitanum
602 1895 777 1984 euntium,
800 1896 861 1992 qui
889 1907 1056 1996 receptus
1084 1897 1189 1974 luite
1211 1897 1461 1974 familiaribus

124 2018 209 2119 Papo
233 2028 271 2096 et
289 2019 461 2120 {omnium
490 2019 742 2109 cardinalium,
765 2043 865 2096 more
891 2021 1009 2096 solito.
1042 2022 1219 2120 Equitavit
1247 2031 1349 2098 recta
1375 2025 1444 2112 via,

124 2146 252 2222 medius
281 2146 379 2221 inter
403 2149 663 2222 Zamorensem
691 2151 726 2220 et
758 2149 1072 2244 Cupersanensem
1106 2173 1171 2222 seu
1204 2147 1446 2222 Bitectenseur

124 2271 321 2370 episcopos,
342 2272 388 2348 ad
403 2269 575 2368 palatium
591 2275 688 2368 Pape
707 2293 814 2368 quem
832 2272 985 2368 reperiit
1004 2273 1041 2346 in
1056 2295 1202 2348 camera
1220 2274 1400 2372 Papagalli
1413 2281 1447 2346 ct

124 2420 197 2472 cum
216 2419 259 2469 eo
288 2395 490 2472 cardinales
508 2421 538 2468 s.
563 2397 747 2488 Praxedis,
766 2396 1061 2488 Alexandrinum,
1085 2401 1292 2495 Capuanum
1311 2405 1347 2472 et
1367 2401 1447 2472 Mu-

126 2521 298 2596 [inensem
317 2527 355 2596 et
377 2520 665 2612 referendarios3
689 2521 756 2596 luit
781 2521 915 2596 ibidem
933 2527 1101 2620 receptus
1123 2545 1145 2596 a
1168 2525 1266 2620 Papa
1281 2523 1326 2596 ad
1344 2523 1446 2620 pedis

124 2646 296 2738 osculum,
316 2651 447 2744 etpost
470 2645 597 2722 decem
614 2646 670 2720 vel
694 2647 886 2722 duodecim
913 2671 958 2722 ex
984 2645 1057 2720 suis
1081 2645 1143 2746 (l).
1170 2652 1266 2746 Papa
1289 2648 1368 2722 risit
1386 2647 1447 2722 ali-

124 2771 331 2868 quantulum
351 2796 435 2846 cum
454 2794 498 2846 eo
516 2779 650 2870 etpost
669 2795 800 2870 parum
819 2773 954 2848 dimisit
979 2797 1062 2847 eum
1083 2774 1143 2870 qui
1159 2749 1332 2872 'equitavit
1350 2773 1446 2846 inter

124 2897 430 2996 archiepiscopum
448 2897 718 2994 Ragusinumet
736 2897 944 2998 episcopum
957 2904 1226 2990 zamorensem,
1247 2898 1445 2974 associatus

123 3023 162 3096 ab
178 3022 256 3098 aliis
275 3022 337 3120 qui
358 3045 442 3098 eum
464 3030 693 3120 receperant,
712 3047 826 3122 usque
849 3025 896 3098 ad
915 3026 1065 3100 domum
1087 3025 1387 3118 vicecancellarii,
1409 3025 1445 3098 iu

123 3171 185 3244 qua
202 3156 257 3224 est
274 3147 490 3248 hospitatus.
511 3150 759 3224 luterlucrunt
777 3158 811 3226 et
825 3155 866 3224 R.
888 3157 931 3226 D.
947 3153 1140 3252 episcopus
1156 3151 1390 3227 Trecoreusis
1410 3159 1446 3228 et

123 3280 236 3350 orator
252 3274 351 3370 regis
366 3273 531 3364 Francia,
543 3281 665 3348 orator
679 3275 776 3372 regis
793 3276 935 3372 Anglie,
949 3285 1113 3352 oratores
1131 3277 1233 3351 ducis
1249 3276 1442 3365 Sabaudie,

154 3550 177 3605 t.
195 3571 210 3600 u
225 3547 264 3606 Ce
280 3564 377 3623 propre
392 3548 466 3622 jour,
483 3549 522 3606 les
541 3548 695 3608 lieutenaus
710 3549 747 3606 du
761 3567 821 3624 roy,
841 3557 870 3608 ot
887 3549 1023 3624 plusieurs
1042 3551 1091 3606 des
1111 3550 1263 3626 capitaines
1282 3550 1316 3608 de
1335 3550 1443 3610 l’armee

123 3637 152 3692 de
165 3637 185 3694 F
186 3655 266 3694 rauce
277 3637 385 3694 laurent
394 3637 470 3694 reoir·
483 3638 508 3694 le
520 3639 705 3712 papededans
715 3637 740 3695 le
754 3639 842 3714 pelais
857 3639 891 3696 de
906 3640 1002 3708 Rome,
1019 3643 1055 3696 od
1069 3626 1321 3714 trouverentgrand
1330 3639 1444 3697 nombre

122 3725 151 3781 de
163 3726 330 3795 cardinaulx,
355 3733 383 3784 et
397 3726 542 3800 seigneurs
561 3715 595 3784 de
613 3725 639 3784 la
660 3726 736 3784 ville.
755 3729 786 3786 et
806 3728 832 3786 ld
846 3729 928 3786 estoit
946 3727 1001 3786 lars
1023 3729 1049 3786 la
1070 3729 1200 3804 seigneur
1213 3729 1248 3786 de
1263 3727 1434 3786 Grandmont

121 3815 310 3874 ambmsadevu
323 3833 391 3891 pour
404 3815 430 3874 le
440 3835 499 3891 roy.
512 3817 549 3874 Le
560 3835 631 3892 pape
645 3817 888 3892 nonobstantqu’il
896 3817 1124 3894 seuataapaiguol
1135 3824 1163 3876 et
1172 3817 1295 3878 mauvais
1304 3817 1444 3890 Franpois,

122 3905 255 3962 touteslois
274 3905 417 3964 dissimula
436 3923 486 3964 son
507 3906 611 3964 vordoir
629 3914 658 3965 et
676 3925 742 3964 avec
751 3908 868 3983 joyeuse
886 3910 967 3966 chere
986 3914 1079 3965 receut
1098 3907 1138 3966 les
1158 3907 1307 3984 capitaines
1327 3907 1445 3978 francois

122 3993 151 4048 de
164 3992 269 4051 l'armee
294 3995 329 4050 de
344 3995 458 4066 Franco,
473 4001 502 4054 et
521 3997 555 4052 de
572 3995 707 4071 plusieurs
728 3997 826 4054 choses
836 3997 969 4072 joyeuses
988 3997 1047 4054 leur
1067 3998 1136 4056 teint
1159 3999 1309 4072 propos.A
1333 3996 1445 4054 messire

122 4083 230 4141 Bcrauld
249 4086 355 4153 Stuart,
380 4085 657 4158 tractarunt-generat
681 4087 719 4144 du
737 4105 797 4161 roy,
822 4088 915 4144 donna
933 4105 970 4144 un
994 4087 1115 4146 coursier
1129 4086 1197 4162 gris,
1220 4086 1284 4144 bien
1302 4086 1440 4159 puissaut,

121 4172 196 4232 moult
208 4173 288 4245 visre,
303 4181 332 4232 et
346 4179 401 4232 tras
420 4173 524 4250 legera
538 4177 564 4232 la
577 4175 661 4248 main,
676 4193 742 4234 avec
757 4176 796 4234 les
811 4175 911 4236 bordes
925 4183 986 4236 taut
1000 4176 1090 4234 richer
1104 4185 1131 4233 et
1144 4175 1230 4232 belles
1245 4193 1299 4250 que
1318 4176 1440 4232 cbascun

121 4279 149 4317 eu
169 4262 216 4320 leit
229 4263 393 4323 merveilles.
418 4263 458 4320 En
478 4265 569 4338 divers
595 4271 767 4340 passetemps
787 4264 846 4322 illec
868 4266 930 4324 fluit
944 4285 974 4322 ce
993 4267 1057 4340 jour
1073 4267 1193 4340 jusques
1212 4264 1254 4322 'au
1274 4255 1334 4321 soir'
1351 4282 1404 4340 que
1418 4263 1443 4320 le

122 4355 230 4414 cardinal
247 4357 278 4414 de
294 4353 516 4423 saint-Severin,
532 4371 651 4428 evesque
675 4355 709 4412 de
730 4353 887 4426 Maillesais,
912 4363 939 4414 et
953 4355 1023 4412 frere
1042 4355 1079 4411 du
1094 4359 1181 4412 comte
1205 4355 1239 4412 de
1255 4353 1372 4429 Gayace,
1396 4353 1444 4410 leit

121 4461 168 4501 aux
181 4443 254 4504 dicta*
264 4444 414 4520 capitaiuas
429 4444 559 4514 Fraoeoie
569 4462 606 4502 uu
618 4445 742 4518 bouquet
754 4449 815 4503 tant
828 4443 961 4515 solenuel,
973 4463 1028 4518 que
1038 4445 1074 4502 de
1082 4450 1173 4504 toules
1184 4444 1300 4500 viandes
1314 4441 1443 4517 exquires

122 4539 145 4589 et
157 4533 273 4607 plairaoe
285 4533 412 4593 deduicls
426 4534 517 4592 lucent
530 4551 628 4608 repeus
642 4541 670 4591 et
683 4534 813 4610 lestoyez.
834 4535 945 4592 Dedans
959 4553 996 4590 un
1007 4534 1098 4610 jardin
1112 4533 1159 4608 qui
1176 4533 1257 4590 estoit
1273 4551 1308 4589 au
1323 4531 1443 4588 cardinal

121 4621 249 4699 dscaigne
268 4625 326 4682 leut
341 4623 405 4682 laiot
425 4623 506 4698 celuy
524 4623 655 4697 bouquet,
680 4625 780 4696 auquel
800 4630 928 4698 estoyeut
950 4641 1092 4698 orangers,
1112 4621 1283 4690 citronniers,
1302 4626 1329 4676 et
1343 4635 1441 4694 grena-

120 4709 198 4781 diera,
213 4719 241 4770 el
252 4719 343 4771 autres
361 4713 456 4770 arbrea
470 4711 605 4770 lmicticrs
624 4712 658 4768 de
673 4712 821 4787 singuliere
834 4713 941 4782 estimo,
963 4719 991 4769 et
1008 4713 1092 4768 deurs
1111 4711 1257 4769 odorantes
1272 4711 1306 4766 de
1320 4709 1442 4766 diverses

121 4805 240 4874 capaces.
262 4804 294 4862 Et
319 4801 360 4860 les
374 4803 512 4871 chantres,
534 4801 720 4872 mouestriers,
740 4801 899 4876 tragediens
922 4809 950 4859 et
968 4801 1133 4870 comedieus,
1159 4807 1222 4858 tous
1243 4816 1293 4874 par
1317 4797 1440 4870 ordre,y

121 4894 266 4950 exercerent
283 4891 344 4949 leur
356 4891 475 4950 mestier.
496 4889 583 4965 Celuy
598 4889 722 4966 banquet
735 4891 802 4966 dny,
823 4891 862 4948 les
886 4890 1015 4962 Francois
1030 4889 1143 4946 allerent
1162 4887 1278 4961 prendre
1300 4889 1388 4959 conge
1403 4885 1439 4942 du

120 4975 207 5036 Saiuct
228 4979 303 5052 Pare,
327 4979 456 5039 etdirent
478 4979 559 5037 adieu
582 4977 675 5038 aleus
697 4981 788 5038 hoste.
814 4977 847 5038 Et
870 4998 901 5038 ee
922 4979 994 5050 laict,
1016 4982 1205 5037 retournerent
1223 4993 1259 5032 au
1279 4991 1367 5050 camp,
1392 4975 1440 5048 qui

117 5081 222 5124 encorea
237 5071 314 5128 estoit
326 5071 429 5128 devant
442 5071 557 5128 Remea
572 5069 697 5144 sejour...
715 5093 729 5122 n
744 5073 812 5126 teau
825 5071 954 5138 d'Auton,
971 5069 1051 5142 chop.
1068 5086 1141 5138 xcix,
1153 5085 1184 5142 p.
1201 5066 1265 5134 169,
1283 5065 1345 5121 170.
1363 5063 1438 5138 Voy.

119 5157 189 5214 aussi
201 5157 312 5232 Sanuta,
327 5165 348 5217 t.
364 5160 412 5229 IV,
427 5159 481 5221 col.
500 5161 545 5216 61.
