3590 6042
375 499 413 554 96
844 498 1020 554 totlattlvls
1045 497 1268 563 acuculam,
1506 499 1627 560 {lele
1643 500 1706 557 ¹5⁰ll

379 651 594 725 affectamus
618 655 654 724 ut
678 647 810 724 Christi
834 648 996 724 fidelium
1020 653 1234 726 eorumdem
1257 653 1460 726 animarum
1486 652 1593 726 saluti
1617 653 1707 725 salu-

378 775 476 850 brius
492 775 711 867 consulatur,
730 774 849 850 debite
864 777 1053 874 providere
1069 778 1230 852 volentes
1249 803 1290 854 ac
1307 779 1508 876 cupientes,
1522 778 1706 851 immanis-

377 901 553 974 simorum
574 905 774 974 Turcarum
793 903 854 998 qui
874 902 1129 977 inconsutilem
1151 903 1282 978 Christi
1304 905 1465 978 tunicam
1486 903 1653 978 scindere
1669 927 1706 976 ac
1782 893 1783 898 ’

377 1027 641 1124 rempublicam
671 1026 907 1100 christianam
941 1034 1102 1102 evertere
1128 1035 1163 1102 et
1192 1029 1446 1103 cruentissima
1475 1028 1565 1102 cede
1595 1029 1709 1102 cbris-
1782 1039 1783 1112 ἰ

379 1152 493 1226 tianos
509 1151 689 1228 trucidare
707 1176 780 1226 nou
796 1161 955 1244 cessant,
978 1154 1075 1251 gravi
1092 1154 1168 1251 jani
1186 1153 1404 1228 imminente
1419 1177 1602 1248 pressura,
1626 1153 1708 1226 dum

378 1278 592 1376 expugnatis
610 1301 728 1377 nuper
742 1282 945 1374 Neoponte,
968 1277 1141 1352 Mothone
1158 1287 1192 1353 et
1210 1282 1351 1354 Corone
1371 1278 1576 1352 civitatibus
1595 1279 1709 1351 muni·

377 1401 537 1492 tissimis,
573 1403 610 1476 in
642 1403 783 1500 reliqua
812 1403 894 1478 loca
921 1403 1109 1478 convicina
1138 1427 1223 1477 suos
1252 1403 1501 1477 formidabiles
1531 1403 1708 1476 exercitus

376 1528 584 1624 classesque
604 1528 805 1603 maritimas
827 1553 969 1603 summa
989 1528 1176 1626 diligentia
1197 1529 1422 1602 instruerunt
1439 1535 1474 1602 ct
1490 1527 1529 1599 in
1544 1527 1709 1600 christia·

377 1677 462 1727 num
478 1655 652 1751 populum
666 1653 796 1728 canina
811 1639 910 1728 rabie
926 1654 1042 1750 magis
1055 1659 1162 1750 atque
1179 1655 1293 1751 magis
1308 1653 1425 1727 sevire
1439 1675 1512 1726 non
1526 1651 1707 1727 desinunt.
1782 1653 1783 1726 l

376 1779 567 1854 conatibus
588 1780 746 1868 obviare,
772 1787 807 1854 et
829 1803 913 1854 curn
936 1780 981 1854 ad
1000 1779 1036 1853 id
1055 1788 1178 1854 nostre
1202 1802 1275 1853 non
1292 1785 1483 1878 suppetant
1506 1779 1707 1865 facultates,

376 1903 485 1980 etiam
501 1903 718 1980 christianos
735 1903 861 1979 fidelos
877 1905 1073 2003 predictae,
1088 1904 1132 1978 ad
1143 1903 1391 2002 impendenda
1405 1903 1450 1976 ad
1462 1903 1499 1975 id
1510 1909 1711 2000 opportuna

376 2029 518 2118 auxilia,
539 2036 773 2136 peccatorum
793 2029 1072 2104 remissionibus
1088 2037 1125 2102 et
1145 2029 1379 2126 indulgentiis
1401 2027 1552 2102 incitare
1575 2050 1709 2122 eosque

375 2155 556 2230 favoribus
572 2155 741 2254 prosequi
760 2155 943 2253 gratiosis.
968 2155 1096 2229 Habita
1113 2177 1223 2252 super
1243 2155 1414 2228 boccum
1434 2153 1573 2227 eisdem
1592 2151 1709 2224 fratri·
1782 2153 1783 2234 l

377 2281 442 2354 bus
457 2281 592 2356 nostris
608 2279 867 2356 deliberatione
888 2289 1029 2354 matura
1043 2287 1079 2354 et
1100 2279 1362 2376 omnipotentis
1380 2279 1444 2352 [tei
1459 2277 1709 2352 misericordia

375 2429 417 2480 ac
437 2405 626 2481 beatorum
646 2405 742 2479 Petri
763 2413 799 2480 et
823 2406 923 2480 Pauli
943 2403 1190 2504 apostolorum
1224 2406 1301 2503 ejus
1327 2404 1540 2479 auctoritate
1566 2401 1706 2478 confisi.

376 2531 420 2606 de
439 2533 590 2606 fratrum
610 2531 857 2630 predictorum
878 2531 1045 2622 consilio,
1066 2556 1109 2604 ac
1127 2531 1324 2629 apostolice
1343 2529 1534 2628 potestatis
1554 2528 1709 2625 plenilu-
1782 2547 1783 2622 t

375 2658 473 2747 dine,
492 2659 706 2732 auctoritate
723 2655 935 2754 apostolica,
957 2663 1083 2731 tenore
1104 2655 1327 2755 presentium
1350 2655 1543 2729 statuimus
1557 2661 1592 2726 et
1613 2652 1709 2726 ordi·
1782 2623 1783 2696 l

377 2807 523 2874 namus;
542 2782 640 2880 quod
652 2805 779 2857 omnes
795 2789 831 2857 et
847 2782 976 2880 singuli
992 2781 1122 2857 Christi
1142 2781 1283 2870 fideles,
1302 2781 1411 2856 etiam
1428 2777 1706 2876 archiepiscopi,

375 2907 551 3004 episcopi,
583 2931 701 3006 reges,
734 2907 873 3006 regine,
905 2908 1031 2999 duces,
1062 2907 1259 3005 principes,
1293 2905 1539 2994 marchiones,
1572 2902 1707 2978 domini

378 3032 608 3129 temporales,
641 3033 808 3122 comites,
842 3034 1012 3124 barones,
1051 3033 1193 3107 nobiles
1222 3031 1409 3129 utriusque
1443 3053 1565 3118 sexus,
1598 3027 1707 3103 etiam
1782 3131 1783 3136 Ἰ

376 3157 636 3256 cujuscumque
654 3157 851 3254 dignitatis,
871 3164 999 3248 status,
1019 3158 1167 3256 gradus,
1187 3156 1336 3248 ordinis,
1354 3155 1586 3250 conditionis,
1604 3151 1708 3226 nobi·

373 3281 485 3356 litatis
516 3291 553 3357 et
581 3282 862 3380 proeminentie3
898 3284 1150 3372 ecclesiastici,
1185 3283 1295 3357 etiam
1331 3281 1506 3379 religiosi,
1541 3279 1705 3354 abbates.

372 3409 510 3504 priores
526 3415 562 3483 et
578 3407 764 3506 priorisse,
783 3433 826 3482 ac
846 3409 906 3482 alii
930 3409 1113 3484 seculares
1128 3430 1193 3505 per
1208 3408 1325 3506 ipsam
1346 3407 1486 3481 ltaliam
1504 3405 1706 3480 constituti.
1782 3457 1783 3508 ,

279 3597 285 3606 .
373 3558 456 3609 vere
472 3533 677 3632 penitentes
693 3543 728 3609 et
746 3535 901 3609 confessi
920 3535 980 3633 qui
1001 3542 1083 3635 post
1103 3513 1304 3611 solemnem
1325 3532 1550 3630 presentium
1571 3529 1610 3602 in
1631 3529 1707 3625 ipsa

374 3661 476 3734 ltalia
490 3661 625 3734 factam
638 3660 936 3756 publicationem,
955 3685 1069 3758 usque
1084 3662 1130 3736 ad
1144 3663 1276 3736 festum
1293 3664 1530 3735 Pentecostes
1543 3655 1708 3753 proxime
1782 3679 1783 3768 p

374 3786 535 3858 futurum
553 3784 738 3874 inclusive,
762 3786 1028 3874 ecclesiasticos
1048 3787 1083 3860 in
1103 3785 1199 3861 dicta
1215 3785 1317 3860 ltalia
1332 3808 1424 3882 quos
1440 3782 1594 3856 dilectus
1614 3777 1708 3852 filius

374 3908 468 3983 della
481 3911 609 3999 Turre,
629 3909 764 3983 ordinis
785 3911 936 3985 fratrum
954 3912 1136 3986 minorum
1156 3911 1200 3984 de
1223 3908 1461 3984 observantia
1482 3911 1709 4003 nuncupato·

375 4059 452 4108 rum
484 4035 670 4132 professor
697 4039 734 4110 et
767 4036 932 4134 ejusdem
967 4036 1105 4111 ordinis
1129 4035 1222 4110 eitra
1246 4042 1389 4110 montes
1420 4032 1573 4108 vicarius
1597 4053 1709 4128 genc-
1782 4021 1783 4112 J

374 4159 473 4252 ralis,
492 4183 602 4257 quem
622 4160 669 4234 ad
690 4160 759 4236 hec
784 4169 820 4236 et
841 4162 911 4235 alia
936 4162 1168 4259 infrascripta
1192 4160 1416 4258 peragenda,
1442 4160 1479 4231 in
1506 4157 1586 4254 ipsa
1604 4155 1707 4228 ltalia
1782 4197 1783 4204 κ

373 4292 496 4360 nostre
526 4291 562 4360 et
591 4284 786 4383 apostolice
816 4285 912 4360 sedis
947 4287 1115 4361 nuntium
1145 4292 1180 4360 et
1210 4285 1501 4359 commissarium
1534 4281 1706 4358 facimus.

374 4409 625 4486 constituimus
644 4419 680 4485 et
702 4411 813 4486 etiarn
838 4411 1066 4510 deputamus,
1093 4411 1235 4485 duxerit
1260 4434 1340 4485 esse
1363 4409 1559 4484 visitandos
1582 4405 1709 4480 debito
1782 4473 1783 4484 ,

376 4545 552 4634 tempore,
576 4537 680 4632 juxta
701 4537 865 4636 ejusdem
890 4536 1005 4610 nuntii
1026 4545 1061 4610 et
1084 4537 1322 4611 commissarii
1345 4531 1631 4632 seudeputandi
1655 4529 1709 4604 vel

375 4661 665 4760 deputandorum
698 4663 744 4735 ab
773 4686 817 4737 eo
838 4661 1194 4760 subdelegandoruvn
1224 4663 1270 4737 ad
1297 4661 1376 4760 ejus
1396 4659 1582 4760 providam
1607 4655 1710 4730 ordi·
1782 4665 1783 4722 ἐ

374 4787 560 4861 nationem
583 4811 692 4884 super
715 4787 784 4861 hoc
804 4788 1025 4878 faciendum,
1054 4787 1182 4862 devote
1206 4787 1438 4880 visitaverint,
1470 4792 1505 4861 et
1528 4786 1565 4858 in
1587 4781 1709 4880 capsis
1782 4813 1783 4882 3

375 4911 505 4986 adhoc
526 4913 561 4986 in
583 4911 782 4986 subsidium
803 4922 928 4988 sancte
949 4913 1122 5004 cruciate,
1145 4920 1180 4988 et
1195 4937 1260 5011 pro
1278 4913 1363 4989 fidei
1384 4911 1585 4987 orthodoxe
1607 4907 1708 4982 exal-

375 5037 510 5112 tatione
527 5047 636 5135 atque
652 5039 698 5112 ab
712 5038 799 5135 ipsis
815 5039 962 5137 perfidis
977 5039 1101 5113 Turcis
1120 5039 1345 5130 defensione,
1364 5061 1428 5137 per
1442 5037 1613 5112 nuntium
1632 5035 1706 5107 sivo
1782 5089 1783 5110 2

375 5163 678 5256 commissarium,
694 5171 757 5239 aut
772 5163 1000 5264 deputandos
1015 5172 1052 5239 et
1068 5163 1355 5263 subdelegandos
1371 5165 1566 5263 predictos,
1589 5161 1705 5259 depu-
