3520 6036
788 293 803 308 fl·

683 310 775 367 v'·.‘'

207 521 379 582 [btrrstbtltt
542 518 667 576 RERUM
694 519 918 576 UHBANAHUM
943 519 1206 580 COMthNTrlllll.
1495 525 1547 581 343

207 671 337 744 Turris
360 670 567 769 Sanguinee
586 679 685 748 recta
701 675 756 747 via
776 673 821 747 ad
841 674 1035 747 ecclesiam
1057 675 1159 747 beate
1183 672 1295 748 Maria
1316 675 1542 770 ltlagdalcne,

207 795 297 868 inde
316 801 414 870 recta
432 796 486 871 via
499 797 544 870 ad
562 799 775 884 Minervam,
793 797 850 870 ubi
864 802 962 895 Papa
978 799 1166 873 descendit
1184 800 1229 872 ad
1246 799 1541 876 ecclesiaro.Car·

207 921 343 994 diualis
361 921 535 995 Ascanius
551 921 765 997 ministravit
788 946 933 997 crucem
951 946 1059 1020 quam
1077 923 1176 1021 prior
1198 922 1353 997 ecclesie
1375 949 1545 1021 porrexe-

208 1053 267 1120 rat
286 1051 381 1144 Pape
399 1047 655 1134 osculandam
676 1072 770 1121 nunc
791 1049 1018 1122 ministrante
1037 1049 1236 1122 naviculam
1258 1047 1426 1136 Ascanio,
1449 1055 1545 1148 Papa

208 1173 385 1268 imposuit
416 1172 604 1245 incensum
632 1172 668 1244 in
704 1173 939 1262 thuribulum,
961 1180 996 1246 et
1029 1174 1105 1271 ipsc
1138 1175 1313 1246 Ascanius
1343 1171 1544 1248 incensavit

210 1301 348 1393 Papam
368 1297 440 1393 qui,
460 1298 692 1372 cantantibus
711 1297 885 1372 tratribus
902 1299 1241 1396 processionaliter:
1265 1299 1312 1371 Te
1331 1299 1444 1372 Deuru
1463 1300 1543 1373 lou-

207 1421 350 1513 donms,
379 1421 520 1496 intravit
545 1422 752 1504 ecclesiam.
780 1427 890 1497 Facta
912 1423 1077 1497 oratione
1100 1428 1182 1497 ante
1208 1423 1338 1514 altare,
1367 1425 1541 1520 depositis

209 1548 303 1620 stola
321 1554 355 1620 et
375 1548 560 1645 capuceis,
578 1549 718 1645 accepit
741 1549 869 1622 stolam
893 1547 1012 1623 albam
1033 1548 1236 1646 simplicem
1259 1557 1293 1622 et
1315 1549 1481 1647 pluviale,
1507 1557 1542 1624 et

205 1671 296 1746 fecit
314 1674 580 1748 contessionem
597 1698 679 1747 cum
696 1675 916 1765 celebrante,
937 1674 1180 1764 moresoli103
1199 1678 1235 1748 ct
1248 1675 1439 1748 observata
1457 1681 1541 1747 sunt

203 1799 333 1871 omnia
351 1799 388 1871 iu
408 1799 518 1872 missa
535 1823 638 1872 more
655 1807 841 1873 consueto.
862 1801 968 1874 Prior
984 1801 1285 1902 presbyterorum
1304 1823 1376 1873 non
1396 1799 1488 1873 sedit
1504 1799 1540 1872 in

200 1924 413 1997 assistentia
430 1929 582 2020 propter
596 1925 801 2022 angustiam
818 1925 888 1998 loci
905 1926 968 1998 sed
986 1925 1022 1998 in
1038 1925 1119 1997 loco
1140 1948 1204 1998 suo
1220 1924 1316 1996 inter
1335 1924 1540 1998 cardinales

202 2047 311 2119 alios.
326 2047 544 2144 Capellatuit
554 2049 1535 2147 parataproutbabetursuprablCCCCLlOlXXVll.t(t).

199 2173 352 2244 Missam
372 2173 564 2246 celebravit
581 2173 773 2271 episcopus
789 2175 1026 2264 Tusculanus,
1045 2173 1197 2247 vicarius
1216 2177 1313 2271 Papa
1333 2173 1419 2246 satis
1436 2173 1539 2246 teria-

202 2297 309 2370 liter:
331 2297 420 2370 dixit
438 2304 578 2372 tantum
599 2323 707 2372 unam
726 2300 930 2372 orationem
953 2297 1086 2387 Gloria,
1113 2298 1226 2371 Credo
1247 2303 1283 2370 et
1301 2298 1537 2394 prelationem

202 2421 252 2494 de
277 2422 383 2495 beata
397 2423 562 2518 Virgine,
586 2446 689 2497 more
715 2425 842 2498 solito:
863 2449 934 2498 non
951 2425 1099 2496 luerunt
1115 2424 1295 2520 publicato
1314 2422 1537 2518 indulgentie

200 2570 278 2645 que
297 2570 363 2643 per
384 2547 519 2620 bullam
542 2548 686 2622 altixam
714 2550 751 2622 in
779 2549 884 2622 valvis
912 2548 1066 2622 ecclesie
1093 2549 1200 2619 etiam
1226 2546 1387 2644 plenarie
1417 2553 1532 2620 erant.

202 2671 299 2740 [tata
316 2671 570 2746 benedictione
594 2697 661 2770 per
678 2677 825 2770 Papam,
844 2673 983 2771 priores
1005 2672 1236 2747 fraternitatis
1257 2677 1537 2768 apportaverunt

202 2793 279 2865 duo
305 2794 449 2886 bacilia,
478 2821 589 2870 unum
618 2801 713 2894 Papo
741 2799 802 2893 qui
829 2798 958 2871 obtulit
985 2797 1135 2870 ducatos
1161 2796 1285 2894 viginti
1313 2795 1470 2892 quinque
1498 2797 1536 2868 iu

199 2940 295 2990 auro
322 2927 356 2992 et
382 2921 508 2995 decem
539 2921 574 2994 in
600 2922 775 3012 carlenis,
800 2923 931 2996 deinde
956 2921 1212 3010 cardinalibus,
1242 2920 1340 2994 aliud
1373 2920 1534 2994 diaconis

198 3043 460 3143 cardinalibus.
491 3047 656 3120 ilaritate
679 3055 761 3121 sunt
782 3048 906 3144 viginti
931 3047 1051 3146 puelle
1074 3047 1202 3143 quibus
1223 3050 1322 3144 Papa
1341 3043 1439 3118 dedit
1459 3045 1534 3117 sin-

197 3168 294 3264 gulis
307 3170 448 3260 bursas,
464 3175 500 3244 et
520 3171 579 3244 ille
595 3177 630 3246 et
649 3179 729 3270 post
746 3197 806 3247 eas
826 3181 991 3246 matrone
1011 3173 1256 3246 conducentes
1273 3171 1433 3244 osculata
1451 3176 1534 3244 suut

197 3293 311 3388 pedes
330 3297 426 3390 Papa
445 3317 545 3368 more
563 3295 682 3369 solito.
705 3299 783 3381 Quo
800 3296 909 3387 lacto,
928 3301 1039 3393 Papa,
1060 3295 1224 3392 deposita
1241 3296 1351 3367 mitra
1370 3294 1406 3367 iu
1430 3295 1530 3384 sede,

196 3417 345 3513 pluviali
376 3427 412 3493 et
443 3420 548 3510 stola,
582 3421 756 3517 capellam
789 3444 862 3494 non
888 3422 1053 3508 intravit3
1083 3420 1223 3516 accepit
1252 3419 1467 3514 capuccium
1496 3429 1533 3492 et

200 3543 360 3639 desuper
382 3544 513 3617 stolam
533 3567 615 3618 cum
633 3546 763 3643 perlis;
794 3546 876 3620 lecit
903 3546 1105 3618 orationem
1131 3552 1213 3617 ante
1240 3543 1372 3630 altare,
1403 3542 1531 3616 obtulit

196 3665 328 3740 decem
345 3667 495 3742 ducatos
514 3694 604 3766 quos
620 3671 697 3742 dari
713 3672 796 3745 lecit
814 3671 958 3743 cuidam
973 3669 1076 3742 tratri
1091 3669 1186 3740 illius
1202 3666 1356 3740 ordinis:
1372 3666 1530 3740 visitavit

195 3791 375 3888 capellam
402 3794 596 3866 cardinalis
622 3795 858 3892 Neapolitani,
883 3795 988 3866 exivit
1013 3819 1079 3890 per
1104 3816 1250 3890 parram
1275 3795 1418 3888 portam
1442 3790 1529 3863 late-

197 3917 314 3990 ralem
337 3925 373 3991 et
389 3919 559 4013 equitavit
582 3919 627 3992 ad
650 3945 679 3992 s.
703 3925 863 3994 Marcum
888 3920 948 3992 ubi
973 3921 1056 3993 tecit
1080 3917 1272 4015 prandium
1300 3923 1408 4012 atque
1432 3917 1528 3991 stetit

196 4043 374 4138 usquead
393 4043 488 4115 diem
506 4044 656 4134 sabbati,
672 4050 717 4117 30
732 4045 866 4118 martii.
988 4039 991 4047 λ

245 4168 311 4238 lJie
327 4168 512 4256 mercurii,
537 4169 735 4258 armenii,
759 4169 834 4241 luit·
850 4167 1106 4242 consistorium
1131 4171 1312 4241 secretum
1336 4167 1371 4240 in
1393 4168 1526 4264 palatio

193 4314 224 4361 s.
240 4289 365 4380 Marci,
384 4290 418 4362 in
437 4313 507 4387 qno
525 4295 568 4364 D.
586 4292 733 4364 Gabriel
750 4292 794 4365 dc
812 4295 909 4365 Fauo
929 4292 991 4364 luit
1007 4294 1190 4388 prefectus
1203 4293 1354 4366 ecclesie
1373 4293 1527 4365 Urbina-

192 4415 303 4504 tensi,
330 4419 366 4487 et
391 4417 584 4513 episcopus
609 4417 848 4491 Hestunensis
879 4417 1064 4491 absolutus
1095 4427 1131 4491 et
1158 4417 1340 4514 prelcctus
1370 4416 1525 4488 ecclesie

193 4539 427 4612 Pisauriensi.

242 4663 306 4735 Die
323 4663 474 4754 sabbati,
495 4669 540 4738 30
558 4667 695 4756 martii,
717 4667 813 4740 circa
829 4667 960 4740 horam
979 4667 1227 4758 tredecimam,
1247 4668 1309 4738 SS.
1333 4669 1376 4737 D.
1398 4669 1524 4736 nostor

189 4787 346 4863 recessit
365 4789 409 4861 de
430 4813 458 4862 S.
480 4793 603 4864 bilarco
620 4792 656 4863 in
678 4792 811 4866 amictu
836 4793 931 4883 albo,
957 4793 1112 4887 cingulo,
1140 4790 1313 4887 capuccio
1334 4789 1379 4861 de
1403 4798 1524 4860 rosato

188 4921 225 4982 ct
248 4911 340 4984 stola
360 4912 528 5010 desuper,
550 4914 725 5010 equitavit
742 4923 843 4990 recta
865 4917 920 4989 via
940 4917 985 4989 ad
1005 4917 1182 5013 Populum
1202 4916 1261 4988 ubi
1285 4914 1417 4986 audivit
1435 4913 1525 4985 mis-

188 5057 267 5108 sam
296 5036 438 5110 bassam
465 5061 573 5134 quam
601 5039 794 5115 celebravit
824 5045 867 5116 D.
896 5042 1188 5140 Cluistopborus,
1222 5039 1445 5137 capellanus,
1479 5039 1523 5111 de

225 5203 251 5258 1.
273 5201 342 5276 ch.
359 5209 379 5260 t.
398 5203 418 5273 l,
433 5221 460 5278 p.
476 5205 529 5261 294
622 5185 624 5188 ¹
