3520 6036
336 530 390 584 'tta
792 523 968 582 JOHANNIS
993 522 1215 591 auscitanus,
1383 549 1386 558 2
1501 527 1584 588 [atam
1601 529 1662 590 raro

337 681 642 756 dissettorturam
668 678 903 754 familiaribus
935 676 1097 776 episcopi
1121 676 1292 768 flassani,
1326 681 1361 752 et
1401 678 1468 775 ipsi
1500 682 1660 752 Massam·

337 811 439 878 certa
453 805 564 878 verba
582 803 777 878 minatoria
795 803 971 894 dedisset;
991 807 1187 900 propterea
1200 802 1392 900 allegasset
1408 827 1538 877 causas
1551 806 1659 899 suspi-

337 930 451 1004 cionis
469 936 594 1004 contra
605 929 867 1020 auditorem,et
877 929 1102 1003 nominasset
1120 929 1308 1018 arbitrum,
1323 929 1658 1004 etauditorcamen¹¹

335 1055 560 1128 nominasset
585 1055 819 1130 sanctitatem
840 1077 961 1144 suam;
982 1055 1041 1128 cui
1060 1054 1275 1152 supplicavit
1302 1054 1515 1151 dignaretur
1543 1055 1658 1128 minis·

334 1185 431 1254 trare
451 1180 503 1254 eis
514 1180 705 1277 justitiam.
725 1180 922 1278 Respondit
939 1179 1081 1253 auditor
1094 1179 1184 1252 nibil
1197 1203 1277 1252 esse
1296 1179 1436 1252 facilius
1455 1203 1567 1276 quam
1584 1203 1660 1252 con·

334 1305 451 1380 futare
465 1304 700 1394 calumniam,
715 1309 908 1402 propterea
920 1303 1117 1378 nominavit
1127 1304 1348 1380 cardinalem
1362 1303 1655 1378 Alexandrinum.

334 1437 370 1504 et
395 1453 482 1504 casu
510 1453 582 1527 quo
609 1452 682 1504 non
714 1429 896 1520 obstaret,
927 1429 1078 1526 eligeret
1112 1433 1155 1503 l).
1187 1429 1411 1526 alphonsum
1440 1429 1658 1504 calumnioso

333 1554 450 1653 loqui;
467 1555 558 1628 velle
574 1555 695 1652 ipsum
712 1556 918 1630 auditorem
934 1555 1008 1652 pati
1036 1556 1082 1628 ad
1105 1555 1203 1651 quod
1228 1579 1272 1627 ex
1289 1578 1386 1630 nunc
1413 1555 1656 1630 consentiebat

335 1687 371 1752 et
393 1679 502 1776 quod,
528 1678 724 1752 constituto
747 1681 792 1752 de
816 1679 1010 1766 calumnia,
1030 1701 1104 1753 non
1128 1679 1237 1753 vellet
1261 1681 1578 1778 advocatum,pati
1601 1679 1657 1753 sed

333 1804 539 1902 relinquere
555 1804 694 1903 judicio
713 1805 922 1879 Sanctitatis
941 1829 1004 1878 sue
1024 1829 1093 1902 que
1114 1803 1349 1904 interrogavit
1370 1811 1412 1880 D.
1435 1805 1656 1904 alphonsum

333 1955 380 2003 an
403 1937 500 2003 esset
523 1936 728 2022 contentus,
755 1929 815 2026 qui
844 1931 1031 2028 respondit
1052 1931 1197 2027 placere
1220 1931 1442 2006 oblationem
1467 1931 1652 2005 auditoris.

333 2055 471 2129 Deinde
498 2059 597 2152 Papa
624 2055 724 2129 dedit
744 2078 865 2130 rosam
890 2055 1010 2152 primo
1031 2055 1165 2129 oratori
1189 2057 1373 2146 tanuensi,
1406 2056 1485 2130 aliis
1510 2079 1593 2130 cum
1617 2081 1653 2130 eo

333 2179 549 2280 genuflexis,
575 2179 700 2255 dicens
720 2180 819 2278 ipsos
844 2180 881 2253 in
912 2203 1040 2256 eorum
1065 2181 1231 2256 oratione
1256 2181 1429 2256 obtulisse
1453 2206 1493 2257 se
1516 2191 1654 2280 paratos

333 2305 453 2378 facere
475 2303 742 2402 expeditionem
759 2311 888 2379 contra
907 2307 1058 2395 Turcas;
1078 2310 1272 2402 propterea
1289 2305 1438 2380 dederat
1456 2307 1653 2380 communi-

334 2429 396 2502 tati
414 2453 544 2504 eorum
563 2453 697 2504 rosam.
717 2429 894 2504 associati
908 2429 1055 2504 fuerunt
1070 2431 1138 2528 ipsi
1156 2437 1321 2506 oratores
1346 2455 1412 2529 per
1428 2433 1553 2530 plures
1567 2432 1654 2528 pala-

332 2553 427 2628 tinos
446 2559 481 2628 et
499 2553 674 2628 familiam
693 2579 722 2627 s.
744 2553 913 2652 Georgii:
934 2555 1085 2652 quilibet
1103 2563 1227 2630 oratur
1246 2557 1416 2654 equitavit
1434 2557 1479 2630 ad
1499 2557 1653 2631 dostram

331 2679 439 2751 unius
461 2679 610 2777 prelati,
640 2684 676 2752 et
699 2679 839 2776 primus
873 2687 997 2755 orator
1032 2679 1193 2778 prelatus
1215 2681 1371 2778 portavit
1399 2705 1512 2756 manu
1537 2683 1652 2756 dextra

335 2825 459 2876 rosam
478 2809 561 2878 ante
582 2804 731 2878 domum
757 2827 884 2878 eorum
906 2804 1055 2902 hospitii
1081 2804 1308 2898 Ursinorum,
1323 2805 1360 2879 in
1384 2811 1523 2904 Campo
1542 2808 1648 2880 Floro.

334 2931 494 3024 Egerunt
511 2927 659 3024 gratias,
678 2951 778 3000 more
796 2929 917 3020 solite,
935 2937 970 3004 et
986 2930 1062 3034 sine
1080 2954 1184 3005 mora
1198 2927 1388 3005 redierunt
1405 2931 1452 3004 ad
1470 2931 1649 3028 palatium,

330 3057 365 3125 et
387 3051 552 3126 fecerunt
567 3052 762 3148 prandium
782 3077 865 3126 cum
881 3059 979 3152 Papa
994 3055 1029 3128 io
1046 3055 1238 3145 Vin'dario,
1257 3056 1342 3152 quia
1352 3057 1429 3153 ipse
1448 3055 1651 3130 invitaverat

330 3198 411 3263 eos;
433 3179 468 3248 et
484 3175 595 3248 etiam
611 3185 824 3252 manserunt
841 3177 878 3250 in
894 3179 1049 3276 prandio
1068 3203 1150 3254 cum
1168 3183 1266 3277 Papa
1283 3185 1440 3277 quatuor
1456 3180 1650 3255 cardinales
1754 3189 1755 3200 ³

329 3298 496 3372 videlicet
526 3325 556 3372 s.
590 3303 785 3394 Praxedis,
821 3305 1061 3396 camerarius,
1090 3305 1315 3382 Mimatensis
1355 3312 1391 3381 et
1424 3331 1454 3380 s.
1490 3305 1587 3382 Petri
1611 3305 1650 3378 ad

329 3425 496 3500 Vincula.

378 3551 442 3626 Die
463 3552 562 3642 lune,
594 3557 636 3626 18
664 3553 799 3646 martii,
819 3563 974 3652 quatuor
994 3563 1163 3633 oratores
1182 3563 1408 3634 Savonenses
1426 3559 1647 3634 visitaverunt

330 3675 533 3750 cardinales
548 3679 840 3775 Neapolitanum,
863 3683 1118 3772 camerarium,
1141 3689 1443 3772 Recanatensem,
1464 3683 1508 3756 de
1527 3683 1644 3757 Flisco.

329 3821 357 3872 s.
381 3800 558 3888 Severini,
575 3825 603 3873 s.
628 3803 811 3894 Praxedis,
833 3805 1101 3880 Bononiensem
1119 3811 1154 3880 et
1171 3807 1399 3880 Farnesium.
1420 3810 1499 3880 Non
1515 3807 1648 3880 fuerunt
1752 3849 1753 3900 3

329 3923 469 4018 recepti
486 3924 521 3995 in
532 3925 656 4016 domo,
674 3933 710 4000 et
730 3929 975 4004 salernitanus
1005 3932 1188 4033 excusavit
1217 3955 1255 4008 se
1283 3956 1355 4008 nun
1382 3955 1487 4030 posse
1517 3931 1644 4015 audire,

329 4070 413 4118 cum
430 4053 525 4122 esset
542 4047 579 4120 in
595 4049 690 4123 lecto
708 4052 885 4130 infirmus.

378 4171 512 4246 Eadem
532 4173 604 4263 die,
630 4177 825 4252 cardinalis
844 4205 873 4255 s,
901 4183 995 4256 Petri
1020 4185 1066 4258 ad
1083 4185 1237 4261 Vincula
1254 4187 1424 4284 equitavit
1442 4193 1525 4284 post
1547 4206 1645 4283 pran-

328 4295 426 4368 dium
445 4298 490 4370 ad
507 4323 536 4370 s.
554 4301 728 4390 Marcum,
749 4309 788 4376 ut
805 4303 853 4377 ibi
872 4329 893 4378 a
910 4308 1155 4382 cardinalibus
1174 4310 1396 4386 visitaretur.

379 4423 616 4508 Dominicade
628 4427 813 4518 Passieno,
824 4435 869 4503 tt
883 4433 1018 4525 martii,
1030 4435 1155 4530 quinta
1165 4437 1453 4534 quadragesime,
1468 4437 1643 4534 episcopus
1750 4461 1751 4500 t

328 4549 578 4622 Coseuatensis
591 4550 943 4628 celebravitmissam
955 4557 1137 4654 publicam
1149 4559 1186 4632 in
1197 4561 1458 4658 capella,Papa
1468 4561 1640 4660 presente:

328 4672 532 4744 orationem
551 4673 636 4748 fecit
654 4675 755 4770 prior
770 4701 800 4750 s.
817 4681 1030 4754 Marcellini.

377 4795 443 4868 Die
464 4795 562 4888 lune,
587 4803 631 4872 25
652 4801 786 4892 martii,
815 4804 877 4876 SS.
907 4807 947 4877 D.
974 4811 1099 4880 noster
1120 4815 1267 4905 paratus
1288 4809 1437 4900 amictu,
1465 4813 1558 4900 alba,
1581 4809 1641 4881 cin·
1749 4787 1750 4826 v

328 4919 425 5015 gulo,
443 4923 614 5018 capuccio
630 4925 758 5016 rubro,
781 4927 875 5001 stola
893 4929 975 5003 alba
993 4933 1037 5004 de
1057 4933 1166 5028 perlis
1185 4933 1357 5032 desuper,
1385 4937 1556 5032 equitavit
1574 4939 1639 5032 post

328 5067 477 5117 crucem
500 5053 639 5145 etpost
663 5073 746 5122 eum
767 5061 805 5125 et
826 5052 917 5127 duos
941 5056 1179 5134 cubicularios
1201 5067 1362 5134 secretos
1389 5085 1472 5134 suos
1495 5059 1638 5136 medicus

330 5175 502 5251 secretus,
522 5174 724 5248 cardinales
743 5201 897 5251 numero
914 5180 1036 5278 viginti
1055 5189 1158 5267 octo;
1176 5191 1209 5258 et
1229 5185 1466 5282 equitavimus
1484 5185 1636 5285 perviam
