<?xml version="1.0" encoding="UTF-8"?>
<!DOCTYPE html PUBLIC "-//W3C//DTD XHTML 1.0 Transitional//EN"
    "http://www.w3.org/TR/xhtml1/DTD/xhtml1-transitional.dtd">
<html xmlns="http://www.w3.org/1999/xhtml" xml:lang="en" lang="en">
 <head>
  <title>
</title>
<meta http-equiv="Content-Type" content="text/html;charset=utf-8" />
  <meta name='ocr-system' content='tesseract 3.04.00' />
  <meta name='ocr-capabilities' content='ocr_page ocr_carea ocr_par ocr_line ocrx_word'/>
</head>
<body>
  <div class='ocr_page' id='page_1' title='image "./johannisburchar03burcgoog/johannisburchar03burcgoog_0461.png"; bbox 0 0 3520 6036; ppageno 0'>
   <div class='ocr_carea' id='block_1_1' title="bbox 100 543 1439 608">
    <p class='ocr_par' dir='ltr' id='par_1_1' title="bbox 100 543 1439 608">
     <span class='ocr_line' id='line_1_1' title="bbox 100 543 1439 608; baseline 0.011 -15"><span class='ocrx_word' id='word_1_1' title='bbox 100 544 190 604; x_wconf 76' lang='lat' dir='ltr'>[blara</span> <span class='ocrx_word' id='word_1_2' title='bbox 206 547 278 607; x_wconf 69' lang='lat'>1505!</span> <span class='ocrx_word' id='word_1_3' title='bbox 441 544 569 602; x_wconf 83' lang='lat' dir='ltr'>RERUM</span> <span class='ocrx_word' id='word_1_4' title='bbox 593 543 820 603; x_wconf 83' lang='lat' dir='ltr'>URBANARUM</span> <span class='ocrx_word' id='word_1_5' title='bbox 843 545 1105 604; x_wconf 83' lang='lat' dir='ltr'>COMMENTARll.</span> <span class='ocrx_word' id='word_1_6' title='bbox 1388 553 1439 608; x_wconf 75' lang='lat'>383</span> 
     </span>
    </p>
   </div>
   <div class='ocr_carea' id='block_1_2' title="bbox 94 698 1443 4790">
    <p class='ocr_par' dir='ltr' id='par_1_2' title="bbox 98 698 1443 2798">
     <span class='ocr_line' id='line_1_2' title="bbox 103 698 1442 796; baseline 0.007 -26"><span class='ocrx_word' id='word_1_7' title='bbox 103 698 216 787; x_wconf 87' lang='lat' dir='ltr'>solet,</span> <span class='ocrx_word' id='word_1_8' title='bbox 236 698 392 789; x_wconf 89' lang='lat' dir='ltr'>etmale,</span> <span class='ocrx_word' id='word_1_9' title='bbox 410 699 456 772; x_wconf 88' lang='lat' dir='ltr'>ad</span> <span class='ocrx_word' id='word_1_10' title='bbox 470 699 737 774; x_wconf 75' lang='lat' dir='ltr'>ordinationem</span> <span class='ocrx_word' id='word_1_11' title='bbox 758 704 798 774; x_wconf 82' lang='lat' dir='ltr'>D.</span> <span class='ocrx_word' id='word_1_12' title='bbox 818 703 1045 792; x_wconf 89' lang='lat' dir='ltr'>Bcrnardini‚</span> <span class='ocrx_word' id='word_1_13' title='bbox 1066 726 1125 775; x_wconf 88' lang='lat' dir='ltr'>me</span> <span class='ocrx_word' id='word_1_14' title='bbox 1144 705 1307 796; x_wconf 90' lang='lat' dir='ltr'>absente,</span> <span class='ocrx_word' id='word_1_15' title='bbox 1328 707 1442 779; x_wconf 88' lang='lat' dir='ltr'>etfuit</span> 
     </span>
     <span class='ocr_line' id='line_1_3' title="bbox 102 822 1442 924; baseline 0.007 -30"><span class='ocrx_word' id='word_1_16' title='bbox 102 823 144 894; x_wconf 93' lang='lat' dir='ltr'>in</span> <span class='ocrx_word' id='word_1_17' title='bbox 163 822 272 896; x_wconf 84' lang='lat' dir='ltr'>altari</span> <span class='ocrx_word' id='word_1_18' title='bbox 297 827 443 919; x_wconf 90' lang='lat' dir='ltr'>portata</span> <span class='ocrx_word' id='word_1_19' title='bbox 460 824 506 897; x_wconf 92' lang='lat' dir='ltr'>ad</span> <span class='ocrx_word' id='word_1_20' title='bbox 527 824 689 914; x_wconf 88' lang='lat' dir='ltr'>missam,</span> <span class='ocrx_word' id='word_1_21' title='bbox 711 849 781 921; x_wconf 90' lang='lat' dir='ltr'>qua</span> <span class='ocrx_word' id='word_1_22' title='bbox 800 824 914 916; x_wconf 90' lang='lat' dir='ltr'>fmita,</span> <span class='ocrx_word' id='word_1_23' title='bbox 937 831 1035 924; x_wconf 90' lang='lat' dir='ltr'>Papa</span> <span class='ocrx_word' id='word_1_24' title='bbox 1059 828 1190 902; x_wconf 90' lang='lat' dir='ltr'>sedens</span> <span class='ocrx_word' id='word_1_25' title='bbox 1211 828 1247 902; x_wconf 94' lang='lat' dir='ltr'>in</span> <span class='ocrx_word' id='word_1_26' title='bbox 1270 829 1355 902; x_wconf 90' lang='lat' dir='ltr'>sede</span> <span class='ocrx_word' id='word_1_27' title='bbox 1376 854 1442 904; x_wconf 89' lang='lat' dir='ltr'>sua</span> 
     </span>
     <span class='ocr_line' id='line_1_4' title="bbox 101 946 1443 1044; baseline 0.005 -24"><span class='ocrx_word' id='word_1_28' title='bbox 101 951 340 1044; x_wconf 83' lang='lat' dir='ltr'>apportatum</span> <span class='ocrx_word' id='word_1_29' title='bbox 357 947 425 1022; x_wconf 93' lang='lat' dir='ltr'>sibi</span> <span class='ocrx_word' id='word_1_30' title='bbox 442 946 486 1021; x_wconf 92' lang='lat' dir='ltr'>de</span> <span class='ocrx_word' id='word_1_31' title='bbox 503 948 605 1021; x_wconf 90' lang='lat' dir='ltr'>altari</span> <span class='ocrx_word' id='word_1_32' title='bbox 630 973 753 1022; x_wconf 89' lang='lat' dir='ltr'>rosam</span> <span class='ocrx_word' id='word_1_33' title='bbox 780 949 879 1023; x_wconf 87' lang='lat' dir='ltr'>dedit</span> <span class='ocrx_word' id='word_1_34' title='bbox 906 951 975 1023; x_wconf 92' lang='lat' dir='ltr'>illis</span> <span class='ocrx_word' id='word_1_35' title='bbox 993 952 1132 1025; x_wconf 91' lang='lat' dir='ltr'>duobus</span> <span class='ocrx_word' id='word_1_36' title='bbox 1151 953 1359 1026; x_wconf 89' lang='lat' dir='ltr'>oratoribus</span> <span class='ocrx_word' id='word_1_37' title='bbox 1379 978 1443 1028; x_wconf 93' lang='lat' dir='ltr'>no-</span> 
     </span>
     <span class='ocr_line' id='line_1_5' title="bbox 99 1073 1441 1176; baseline 0.007 -32"><span class='ocrx_word' id='word_1_38' title='bbox 99 1073 204 1146; x_wconf 87' lang='lat' dir='ltr'>mine</span> <span class='ocrx_word' id='word_1_39' title='bbox 225 1073 320 1170; x_wconf 87' lang='lat' dir='ltr'>regis</span> <span class='ocrx_word' id='word_1_40' title='bbox 346 1073 508 1164; x_wconf 91' lang='lat' dir='ltr'>Polonie,</span> <span class='ocrx_word' id='word_1_41' title='bbox 530 1074 597 1148; x_wconf 91' lang='lat' dir='ltr'>sub</span> <span class='ocrx_word' id='word_1_42' title='bbox 622 1075 741 1148; x_wconf 85' lang='lat' dir='ltr'>verbis</span> <span class='ocrx_word' id='word_1_43' title='bbox 767 1075 804 1147; x_wconf 89' lang='lat' dir='ltr'>in</span> <span class='ocrx_word' id='word_1_44' title='bbox 827 1075 921 1150; x_wconf 91' lang='lat' dir='ltr'>libro</span> <span class='ocrx_word' id='word_1_45' title='bbox 944 1077 1085 1172; x_wconf 90' lang='lat' dir='ltr'>positis,</span> <span class='ocrx_word' id='word_1_46' title='bbox 1109 1102 1192 1151; x_wconf 92' lang='lat' dir='ltr'>cum</span> <span class='ocrx_word' id='word_1_47' title='bbox 1215 1103 1368 1176; x_wconf 80' lang='lat' dir='ltr'><strong>presens</strong></span> <span class='ocrx_word' id='word_1_48' title='bbox 1385 1084 1441 1153; x_wconf 91' lang='lat' dir='ltr'>est</span> 
     </span>
     <span class='ocr_line' id='line_1_6' title="bbox 101 1198 1435 1301; baseline 0.004 -29"><span class='ocrx_word' id='word_1_49' title='bbox 101 1198 163 1272; x_wconf 91' lang='lat' dir='ltr'>cui</span> <span class='ocrx_word' id='word_1_50' title='bbox 190 1198 311 1290; x_wconf 90' lang='lat' dir='ltr'>datur,</span> <span class='ocrx_word' id='word_1_51' title='bbox 339 1199 511 1296; x_wconf 89' lang='lat' dir='ltr'>episcopo</span> <span class='ocrx_word' id='word_1_52' title='bbox 538 1222 620 1273; x_wconf 89' lang='lat' dir='ltr'>eam</span> <span class='ocrx_word' id='word_1_53' title='bbox 648 1199 864 1296; x_wconf 71' lang='lat' dir='ltr'>recipiente.</span> <span class='ocrx_word' id='word_1_54' title='bbox 890 1202 1065 1274; x_wconf 87' lang='lat' dir='ltr'>Dominus</span> <span class='ocrx_word' id='word_1_55' title='bbox 1091 1203 1259 1284; x_wconf 80' lang='lat' dir='ltr'>Nicotaus</span> <span class='ocrx_word' id='word_1_56' title='bbox 1287 1205 1435 1301; x_wconf 87' lang='lat' dir='ltr'>Geppel,</span> 
     </span>
     <span class='ocr_line' id='line_1_7' title="bbox 102 1322 1439 1424; baseline 0.005 -30"><span class='ocrx_word' id='word_1_57' title='bbox 102 1322 238 1395; x_wconf 87' lang='lat' dir='ltr'>tertius</span> <span class='ocrx_word' id='word_1_58' title='bbox 265 1330 403 1412; x_wconf 90' lang='lat' dir='ltr'>orator,</span> <span class='ocrx_word' id='word_1_59' title='bbox 428 1347 501 1396; x_wconf 93' lang='lat' dir='ltr'>non</span> <span class='ocrx_word' id='word_1_60' title='bbox 529 1323 708 1413; x_wconf 79' lang='lat' dir='ltr'>interfuit,</span> <span class='ocrx_word' id='word_1_61' title='bbox 732 1325 817 1420; x_wconf 92' lang='lat' dir='ltr'>quia</span> <span class='ocrx_word' id='word_1_62' title='bbox 845 1324 1028 1414; x_wconf 91' lang='lat' dir='ltr'>infirmus;</span> <span class='ocrx_word' id='word_1_63' title='bbox 1059 1327 1252 1424; x_wconf 90' lang='lat' dir='ltr'>episcopus</span> <span class='ocrx_word' id='word_1_64' title='bbox 1284 1329 1439 1424; x_wconf 89' lang='lat' dir='ltr'>portavit</span> 
     </span>
     <span class='ocr_line' id='line_1_8' title="bbox 102 1447 1436 1549; baseline 0.004 -31"><span class='ocrx_word' id='word_1_65' title='bbox 102 1469 227 1520; x_wconf 88' lang='lat' dir='ltr'>rosam</span> <span class='ocrx_word' id='word_1_66' title='bbox 247 1451 332 1520; x_wconf 91' lang='lat' dir='ltr'>ante</span> <span class='ocrx_word' id='word_1_67' title='bbox 350 1471 498 1520; x_wconf 87' lang='lat' dir='ltr'>crucem</span> <span class='ocrx_word' id='word_1_68' title='bbox 525 1447 561 1520; x_wconf 93' lang='lat' dir='ltr'>in</span> <span class='ocrx_word' id='word_1_69' title='bbox 579 1448 720 1544; x_wconf 90' lang='lat' dir='ltr'>capella</span> <span class='ocrx_word' id='word_1_70' title='bbox 743 1472 808 1521; x_wconf 90' lang='lat' dir='ltr'>sua</span> <span class='ocrx_word' id='word_1_71' title='bbox 826 1473 940 1544; x_wconf 88' lang='lat' dir='ltr'>usque</span> <span class='ocrx_word' id='word_1_72' title='bbox 963 1450 1009 1523; x_wconf 89' lang='lat' dir='ltr'>ad</span> <span class='ocrx_word' id='word_1_73' title='bbox 1026 1473 1211 1524; x_wconf 86' lang='lat' dir='ltr'>cameram</span> <span class='ocrx_word' id='word_1_74' title='bbox 1236 1454 1436 1549; x_wconf 85' lang='lat' dir='ltr'>Papagalli,</span> 
     </span>
     <span class='ocr_line' id='line_1_9' title="bbox 99 1572 1440 1674; baseline 0.004 -30"><span class='ocrx_word' id='word_1_75' title='bbox 99 1573 163 1645; x_wconf 93' lang='lat' dir='ltr'>ubi</span> <span class='ocrx_word' id='word_1_76' title='bbox 189 1572 291 1647; x_wconf 89' lang='lat' dir='ltr'>dedit</span> <span class='ocrx_word' id='word_1_77' title='bbox 314 1596 396 1646; x_wconf 89' lang='lat' dir='ltr'>cam</span> <span class='ocrx_word' id='word_1_78' title='bbox 424 1573 559 1648; x_wconf 86' lang='lat' dir='ltr'>lacobo</span> <span class='ocrx_word' id='word_1_79' title='bbox 583 1598 647 1646; x_wconf 91' lang='lat' dir='ltr'>suo</span> <span class='ocrx_word' id='word_1_80' title='bbox 671 1630 745 1646; x_wconf 91' lang='grc'><strong>.....</strong></span> <span class='ocrx_word' id='word_1_81' title='bbox 769 1572 838 1672; x_wconf 85' lang='lat' dir='ltr'>(f);</span> <span class='ocrx_word' id='word_1_82' title='bbox 862 1574 1010 1647; x_wconf 89' lang='lat' dir='ltr'>interim</span> <span class='ocrx_word' id='word_1_83' title='bbox 1033 1576 1205 1673; x_wconf 91' lang='lat' dir='ltr'>deposuit</span> <span class='ocrx_word' id='word_1_84' title='bbox 1229 1600 1384 1674; x_wconf 89' lang='lat' dir='ltr'>cappam</span> <span class='ocrx_word' id='word_1_85' title='bbox 1405 1585 1440 1650; x_wconf 91' lang='lat' dir='ltr'>ot</span> 
     </span>
     <span class='ocr_line' id='line_1_10' title="bbox 100 1697 1439 1800; baseline 0.004 -30"><span class='ocrx_word' id='word_1_86' title='bbox 100 1697 247 1795; x_wconf 91' lang='lat' dir='ltr'>accepit</span> <span class='ocrx_word' id='word_1_87' title='bbox 262 1699 497 1787; x_wconf 83' lang='lat' dir='ltr'>mantellum3</span> <span class='ocrx_word' id='word_1_88' title='bbox 516 1699 625 1773; x_wconf 91' lang='lat' dir='ltr'>rediit</span> <span class='ocrx_word' id='word_1_89' title='bbox 643 1699 688 1772; x_wconf 96' lang='lat' dir='ltr'>ad</span> <span class='ocrx_word' id='word_1_90' title='bbox 705 1722 891 1773; x_wconf 90' lang='lat' dir='ltr'>cameram</span> <span class='ocrx_word' id='word_1_91' title='bbox 910 1701 1092 1798; x_wconf 84' lang='lat' dir='ltr'>papagalli</span> <span class='ocrx_word' id='word_1_92' title='bbox 1118 1708 1154 1775; x_wconf 92' lang='lat' dir='ltr'>et</span> <span class='ocrx_word' id='word_1_93' title='bbox 1177 1703 1332 1800; x_wconf 90' lang='lat' dir='ltr'>portavit</span> <span class='ocrx_word' id='word_1_94' title='bbox 1358 1726 1439 1777; x_wconf 88' lang='lat' dir='ltr'>eam</span> 
     </span>
     <span class='ocr_line' id='line_1_11' title="bbox 99 1822 1441 1923; baseline 0.004 -29"><span class='ocrx_word' id='word_1_95' title='bbox 99 1845 217 1918; x_wconf 85' lang='lat' dir='ltr'>usque</span> <span class='ocrx_word' id='word_1_96' title='bbox 237 1823 282 1896; x_wconf 91' lang='lat' dir='ltr'>ad</span> <span class='ocrx_word' id='word_1_97' title='bbox 298 1823 447 1896; x_wconf 91' lang='lat' dir='ltr'>domum</span> <span class='ocrx_word' id='word_1_98' title='bbox 459 1822 607 1920; x_wconf 91' lang='lat' dir='ltr'>hospitii</span> <span class='ocrx_word' id='word_1_99' title='bbox 626 1823 694 1914; x_wconf 90' lang='lat' dir='ltr'>sui,</span> <span class='ocrx_word' id='word_1_100' title='bbox 715 1823 913 1897; x_wconf 81' lang='lat' dir='ltr'>associatus</span> <span class='ocrx_word' id='word_1_101' title='bbox 928 1848 950 1898; x_wconf 90' lang='lat' dir='ltr'>a</span> <span class='ocrx_word' id='word_1_102' title='bbox 965 1825 1118 1899; x_wconf 86' lang='lat' dir='ltr'>Prolatis</span> <span class='ocrx_word' id='word_1_103' title='bbox 1133 1825 1258 1923; x_wconf 91' lang='lat' dir='ltr'>palatii</span> <span class='ocrx_word' id='word_1_104' title='bbox 1283 1831 1319 1899; x_wconf 89' lang='lat' dir='ltr'>et</span> <span class='ocrx_word' id='word_1_105' title='bbox 1337 1827 1441 1900; x_wconf 87' lang='lat' dir='ltr'>fami-</span> 
     </span>
     <span class='ocr_line' id='line_1_12' title="bbox 99 1946 1440 2045; baseline 0.005 -27"><span class='ocrx_word' id='word_1_106' title='bbox 99 1946 149 2018; x_wconf 91' lang='lat' dir='ltr'>lia</span> <span class='ocrx_word' id='word_1_107' title='bbox 179 1949 292 2044; x_wconf 90' lang='lat' dir='ltr'>Pape,</span> <span class='ocrx_word' id='word_1_108' title='bbox 321 1952 358 2021; x_wconf 90' lang='lat' dir='ltr'>et</span> <span class='ocrx_word' id='word_1_109' title='bbox 381 1946 506 2045; x_wconf 91' lang='lat' dir='ltr'>paucis</span> <span class='ocrx_word' id='word_1_110' title='bbox 535 1947 615 2020; x_wconf 89' lang='lat' dir='ltr'>aliis</span> <span class='ocrx_word' id='word_1_111' title='bbox 644 1948 795 2044; x_wconf 88' lang='lat' dir='ltr'>prelatis</span> <span class='ocrx_word' id='word_1_112' title='bbox 827 1953 863 2022; x_wconf 88' lang='lat' dir='ltr'>et</span> <span class='ocrx_word' id='word_1_113' title='bbox 893 1947 1039 2022; x_wconf 91' lang='lat' dir='ltr'>familiis</span> <span class='ocrx_word' id='word_1_114' title='bbox 1071 1949 1326 2025; x_wconf 81' lang='lat' dir='ltr'>cardinalium.</span> <span class='ocrx_word' id='word_1_115' title='bbox 1358 1953 1440 2026; x_wconf 78' lang='lat' dir='ltr'>Alia</span> 
     </span>
     <span class='ocr_line' id='line_1_13' title="bbox 98 2073 1439 2174; baseline 0.004 -30"><span class='ocrx_word' id='word_1_116' title='bbox 98 2095 207 2144; x_wconf 90' lang='lat' dir='ltr'>more</span> <span class='ocrx_word' id='word_1_117' title='bbox 227 2073 347 2146; x_wconf 90' lang='lat' dir='ltr'>solito.</span> <span class='ocrx_word' id='word_1_118' title='bbox 363 2073 477 2149; x_wconf 82' lang='lat' dir='ltr'>Valde</span> <span class='ocrx_word' id='word_1_119' title='bbox 493 2073 559 2147; x_wconf 92' lang='lat' dir='ltr'>fuit</span> <span class='ocrx_word' id='word_1_120' title='bbox 575 2073 811 2170; x_wconf 87' lang='lat' dir='ltr'>impertinens</span> <span class='ocrx_word' id='word_1_121' title='bbox 827 2076 1050 2165; x_wconf 84' lang='lat' dir='ltr'>ceremonia,</span> <span class='ocrx_word' id='word_1_122' title='bbox 1069 2076 1154 2174; x_wconf 90' lang='lat' dir='ltr'>quia</span> <span class='ocrx_word' id='word_1_123' title='bbox 1169 2079 1267 2173; x_wconf 87' lang='lat' dir='ltr'>Papa</span> <span class='ocrx_word' id='word_1_124' title='bbox 1282 2075 1439 2150; x_wconf 88' lang='lat' dir='ltr'>debebat</span> 
     </span>
     <span class='ocr_line' id='line_1_14' title="bbox 100 2197 1437 2299; baseline 0.003 -29"><span class='ocrx_word' id='word_1_125' title='bbox 100 2197 138 2270; x_wconf 93' lang='lat' dir='ltr'>in</span> <span class='ocrx_word' id='word_1_126' title='bbox 155 2221 306 2271; x_wconf 88' lang='lat' dir='ltr'>camera</span> <span class='ocrx_word' id='word_1_127' title='bbox 322 2221 386 2271; x_wconf 90' lang='lat' dir='ltr'>sua</span> <span class='ocrx_word' id='word_1_128' title='bbox 398 2200 473 2296; x_wconf 88' lang='lat' dir='ltr'>jam</span> <span class='ocrx_word' id='word_1_129' title='bbox 491 2222 613 2274; x_wconf 90' lang='lat' dir='ltr'>rosam</span> <span class='ocrx_word' id='word_1_130' title='bbox 634 2199 776 2272; x_wconf 89' lang='lat' dir='ltr'>dedisse</span> <span class='ocrx_word' id='word_1_131' title='bbox 794 2199 899 2273; x_wconf 92' lang='lat' dir='ltr'>dictis</span> <span class='ocrx_word' id='word_1_132' title='bbox 923 2199 1144 2292; x_wconf 88' lang='lat' dir='ltr'>oratoribus,</span> <span class='ocrx_word' id='word_1_133' title='bbox 1168 2200 1315 2274; x_wconf 92' lang='lat' dir='ltr'>nomine</span> <span class='ocrx_word' id='word_1_134' title='bbox 1337 2201 1437 2299; x_wconf 85' lang='lat' dir='ltr'>regis</span> 
     </span>
     <span class='ocr_line' id='line_1_15' title="bbox 100 2322 1437 2422; baseline 0.001 -28"><span class='ocrx_word' id='word_1_135' title='bbox 100 2346 247 2412; x_wconf 87' lang='lat' dir='ltr'>eorum,</span> <span class='ocrx_word' id='word_1_136' title='bbox 265 2322 342 2397; x_wconf 91' lang='lat' dir='ltr'>sine</span> <span class='ocrx_word' id='word_1_137' title='bbox 361 2323 429 2396; x_wconf 95' lang='lat' dir='ltr'>illis</span> <span class='ocrx_word' id='word_1_138' title='bbox 454 2323 573 2398; x_wconf 86' lang='lat' dir='ltr'>verbis</span> <span class='ocrx_word' id='word_1_139' title='bbox 598 2347 641 2399; x_wconf 89' lang='lat' dir='ltr'>ex</span> <span class='ocrx_word' id='word_1_140' title='bbox 658 2323 767 2416; x_wconf 85' lang='lat' dir='ltr'>libro,</span> <span class='ocrx_word' id='word_1_141' title='bbox 786 2329 823 2397; x_wconf 91' lang='lat' dir='ltr'>et</span> <span class='ocrx_word' id='word_1_142' title='bbox 845 2348 887 2397; x_wconf 91' lang='lat' dir='ltr'>ex</span> <span class='ocrx_word' id='word_1_143' title='bbox 909 2329 1074 2422; x_wconf 91' lang='lat' dir='ltr'>tempore</span> <span class='ocrx_word' id='word_1_144' title='bbox 1100 2325 1222 2421; x_wconf 89' lang='lat' dir='ltr'>aliqua</span> <span class='ocrx_word' id='word_1_145' title='bbox 1239 2325 1350 2398; x_wconf 87' lang='lat' dir='ltr'>verba</span> <span class='ocrx_word' id='word_1_146' title='bbox 1367 2325 1437 2398; x_wconf 93' lang='lat' dir='ltr'>illis</span> 
     </span>
     <span class='ocr_line' id='line_1_16' title="bbox 100 2445 1437 2547; baseline 0.006 -29"><span class='ocrx_word' id='word_1_147' title='bbox 100 2445 307 2521; x_wconf 79' lang='lat' dir='ltr'>dixisset).</span> <span class='ocrx_word' id='word_1_148' title='bbox 327 2449 573 2522; x_wconf 88' lang='lat' dir='ltr'>Bernardinus</span> <span class='ocrx_word' id='word_1_149' title='bbox 590 2447 678 2522; x_wconf 86' lang='lat' dir='ltr'>dixit</span> <span class='ocrx_word' id='word_1_150' title='bbox 695 2449 782 2521; x_wconf 88' lang='lat' dir='ltr'>alias</span> <span class='ocrx_word' id='word_1_151' title='bbox 800 2448 837 2521; x_wconf 92' lang='lat' dir='ltr'>in</span> <span class='ocrx_word' id='word_1_152' title='bbox 856 2449 913 2523; x_wconf 90' lang='lat' dir='ltr'>die</span> <span class='ocrx_word' id='word_1_153' title='bbox 932 2448 1136 2547; x_wconf 89' lang='lat' dir='ltr'>palmarum</span> <span class='ocrx_word' id='word_1_154' title='bbox 1155 2451 1437 2526; x_wconf 82' lang='lat' dir='ltr'>lthCCCLXClV</span> 
     </span>
     <span class='ocr_line' id='line_1_17' title="bbox 100 2573 1435 2670; baseline 0.003 -26"><span class='ocrx_word' id='word_1_155' title='bbox 100 2595 170 2668; x_wconf 91' lang='lat' dir='ltr'>per</span> <span class='ocrx_word' id='word_1_156' title='bbox 197 2573 446 2646; x_wconf 75' lang='lat' dir='ltr'>Alexandrum</span> <span class='ocrx_word' id='word_1_157' title='bbox 465 2577 512 2649; x_wconf 92' lang='lat' dir='ltr'>Vl</span> <span class='ocrx_word' id='word_1_158' title='bbox 530 2573 696 2647; x_wconf 89' lang='lat' dir='ltr'>similiter</span> <span class='ocrx_word' id='word_1_159' title='bbox 717 2574 946 2648; x_wconf 89' lang='lat' dir='ltr'>observatum</span> <span class='ocrx_word' id='word_1_160' title='bbox 969 2574 1092 2666; x_wconf 90' lang='lat' dir='ltr'>fuisse,</span> <span class='ocrx_word' id='word_1_161' title='bbox 1113 2574 1173 2670; x_wconf 93' lang='lat' dir='ltr'>qui</span> <span class='ocrx_word' id='word_1_162' title='bbox 1196 2573 1296 2647; x_wconf 91' lang='lat' dir='ltr'>dedit</span> <span class='ocrx_word' id='word_1_163' title='bbox 1316 2597 1435 2649; x_wconf 90' lang='lat' dir='ltr'>rosam</span> 
     </span>
     <span class='ocr_line' id='line_1_18' title="bbox 100 2697 1231 2798; baseline 0.004 -28"><span class='ocrx_word' id='word_1_164' title='bbox 100 2697 308 2771; x_wconf 89' lang='lat' dir='ltr'>marchioni</span> <span class='ocrx_word' id='word_1_165' title='bbox 327 2701 490 2789; x_wconf 82' lang='lat' dir='ltr'>llantue3</span> <span class='ocrx_word' id='word_1_166' title='bbox 513 2698 610 2796; x_wconf 93' lang='lat' dir='ltr'>quod</span> <span class='ocrx_word' id='word_1_167' title='bbox 625 2705 704 2772; x_wconf 89' lang='lat' dir='ltr'>erat</span> <span class='ocrx_word' id='word_1_168' title='bbox 719 2699 936 2796; x_wconf 91' lang='lat' dir='ltr'>capiendum</span> <span class='ocrx_word' id='word_1_169' title='bbox 952 2699 989 2773; x_wconf 93' lang='lat' dir='ltr'>in</span> <span class='ocrx_word' id='word_1_170' title='bbox 1007 2700 1231 2798; x_wconf 86' lang='lat' dir='ltr'>exemplum.</span> 
     </span>
    </p>

    <p class='ocr_par' dir='ltr' id='par_1_3' title="bbox 94 2823 1436 3921">
     <span class='ocr_line' id='line_1_19' title="bbox 145 2823 1434 2915; baseline 0.004 -19"><span class='ocrx_word' id='word_1_171' title='bbox 145 2824 286 2914; x_wconf 82' lang='lat' dir='ltr'>Martia,</span> <span class='ocrx_word' id='word_1_172' title='bbox 311 2823 403 2898; x_wconf 90' lang='lat' dir='ltr'>feria</span> <span class='ocrx_word' id='word_1_173' title='bbox 423 2825 533 2898; x_wconf 91' lang='lat' dir='ltr'>tertia</span> <span class='ocrx_word' id='word_1_174' title='bbox 561 2825 712 2915; x_wconf 84' lang='lat' dir='ltr'>Pascha,</span> <span class='ocrx_word' id='word_1_175' title='bbox 742 2830 785 2900; x_wconf 68' lang='lat'>25</span> <span class='ocrx_word' id='word_1_176' title='bbox 814 2826 946 2912; x_wconf 91' lang='lat' dir='ltr'>martii,</span> <span class='ocrx_word' id='word_1_177' title='bbox 975 2825 1107 2901; x_wconf 91' lang='lat' dir='ltr'>festum</span> <span class='ocrx_word' id='word_1_178' title='bbox 1134 2825 1434 2902; x_wconf 75' lang='lat' dir='ltr'>adnunciationis</span> 
     </span>
     <span class='ocr_line' id='line_1_20' title="bbox 99 2947 1435 3050; baseline 0.004 -30"><span class='ocrx_word' id='word_1_179' title='bbox 99 2948 138 3020; x_wconf 92' lang='lat' dir='ltr'>b.</span> <span class='ocrx_word' id='word_1_180' title='bbox 159 2947 276 3022; x_wconf 80' lang='lat' dir='ltr'>Maria</span> <span class='ocrx_word' id='word_1_181' title='bbox 298 2949 474 3047; x_wconf 83' lang='lat' dir='ltr'>Virginis,</span> <span class='ocrx_word' id='word_1_182' title='bbox 494 2953 590 3046; x_wconf 90' lang='lat' dir='ltr'>Papa</span> <span class='ocrx_word' id='word_1_183' title='bbox 610 2958 757 3045; x_wconf 85' lang='lat' dir='ltr'>paratus</span> <span class='ocrx_word' id='word_1_184' title='bbox 777 2950 879 3024; x_wconf 83' lang='lat' dir='ltr'>more</span> <span class='ocrx_word' id='word_1_185' title='bbox 905 2948 1011 3025; x_wconf 90' lang='lat' dir='ltr'>solito</span> <span class='ocrx_word' id='word_1_186' title='bbox 1036 2958 1072 3024; x_wconf 92' lang='lat' dir='ltr'>et</span> <span class='ocrx_word' id='word_1_187' title='bbox 1096 2974 1210 3050; x_wconf 88' lang='lat' dir='ltr'>cappa</span> <span class='ocrx_word' id='word_1_188' title='bbox 1227 2975 1337 3050; x_wconf 86' lang='lat' dir='ltr'>super</span> <span class='ocrx_word' id='word_1_189' title='bbox 1354 2975 1435 3026; x_wconf 90' lang='lat' dir='ltr'>roc-</span> 
     </span>
     <span class='ocr_line' id='line_1_21' title="bbox 99 3071 1435 3173; baseline 0.003 -29"><span class='ocrx_word' id='word_1_190' title='bbox 99 3071 282 3160; x_wconf 90' lang='lat' dir='ltr'>chettum,</span> <span class='ocrx_word' id='word_1_191' title='bbox 304 3075 341 3144; x_wconf 91' lang='lat' dir='ltr'>et</span> <span class='ocrx_word' id='word_1_192' title='bbox 363 3071 521 3169; x_wconf 87' lang='lat' dir='ltr'>desuper</span> <span class='ocrx_word' id='word_1_193' title='bbox 548 3071 643 3146; x_wconf 89' lang='lat' dir='ltr'>stola</span> <span class='ocrx_word' id='word_1_194' title='bbox 664 3073 758 3164; x_wconf 91' lang='lat' dir='ltr'>alba,</span> <span class='ocrx_word' id='word_1_195' title='bbox 779 3073 950 3169; x_wconf 88' lang='lat' dir='ltr'>equitavit</span> <span class='ocrx_word' id='word_1_196' title='bbox 974 3075 1019 3148; x_wconf 91' lang='lat' dir='ltr'>ad</span> <span class='ocrx_word' id='word_1_197' title='bbox 1037 3075 1232 3150; x_wconf 86' lang='lat' dir='ltr'>Minervam</span> <span class='ocrx_word' id='word_1_198' title='bbox 1252 3099 1318 3173; x_wconf 89' lang='lat' dir='ltr'>per</span> <span class='ocrx_word' id='word_1_199' title='bbox 1335 3099 1435 3149; x_wconf 89' lang='lat' dir='ltr'>cam·</span> 
     </span>
     <span class='ocr_line' id='line_1_22' title="bbox 98 3197 1432 3298; baseline 0.005 -30"><span class='ocrx_word' id='word_1_200' title='bbox 98 3220 192 3293; x_wconf 92' lang='lat' dir='ltr'>pum</span> <span class='ocrx_word' id='word_1_201' title='bbox 206 3197 311 3271; x_wconf 84' lang='lat' dir='ltr'>Flore</span> <span class='ocrx_word' id='word_1_202' title='bbox 328 3203 363 3271; x_wconf 90' lang='lat' dir='ltr'>et</span> <span class='ocrx_word' id='word_1_203' title='bbox 376 3197 527 3271; x_wconf 93' lang='lat' dir='ltr'>domum</span> <span class='ocrx_word' id='word_1_204' title='bbox 541 3197 585 3273; x_wconf 89' lang='lat' dir='ltr'>de</span> <span class='ocrx_word' id='word_1_205' title='bbox 600 3198 779 3288; x_wconf 88' lang='lat' dir='ltr'>Maximis,</span> <span class='ocrx_word' id='word_1_206' title='bbox 794 3199 1037 3273; x_wconf 82' lang='lat' dir='ltr'>cardinalibus</span> <span class='ocrx_word' id='word_1_207' title='bbox 1052 3200 1170 3297; x_wconf 92' lang='lat' dir='ltr'>ipsum</span> <span class='ocrx_word' id='word_1_208' title='bbox 1185 3202 1432 3298; x_wconf 89' lang='lat' dir='ltr'>sequentibus,</span> 
     </span>
     <span class='ocr_line' id='line_1_23' title="bbox 96 3321 1436 3418; baseline 0.004 -24"><span class='ocrx_word' id='word_1_209' title='bbox 96 3345 256 3418; x_wconf 87' lang='lat' dir='ltr'>quorum</span> <span class='ocrx_word' id='word_1_210' title='bbox 270 3321 396 3418; x_wconf 82' lang='lat' dir='ltr'>uiginti</span> <span class='ocrx_word' id='word_1_211' title='bbox 412 3323 483 3397; x_wconf 93' lang='lat' dir='ltr'>duo</span> <span class='ocrx_word' id='word_1_212' title='bbox 504 3323 756 3396; x_wconf 89' lang='lat' dir='ltr'>interfuerunt.</span> <span class='ocrx_word' id='word_1_213' title='bbox 771 3322 972 3398; x_wconf 85' lang='lat' dir='ltr'>Cardinalis</span> <span class='ocrx_word' id='word_1_214' title='bbox 986 3325 1225 3400; x_wconf 88' lang='lat' dir='ltr'>Bononiensis</span> <span class='ocrx_word' id='word_1_215' title='bbox 1240 3325 1436 3400; x_wconf 90' lang='lat' dir='ltr'>celebravit</span> 
     </span>
     <span class='ocr_line' id='line_1_24' title="bbox 96 3445 1433 3546; baseline 0.003 -28"><span class='ocrx_word' id='word_1_216' title='bbox 96 3445 248 3520; x_wconf 90' lang='lat' dir='ltr'>missam</span> <span class='ocrx_word' id='word_1_217' title='bbox 277 3446 479 3521; x_wconf 90' lang='lat' dir='ltr'>solemnem</span> <span class='ocrx_word' id='word_1_218' title='bbox 511 3447 548 3520; x_wconf 91' lang='lat' dir='ltr'>in</span> <span class='ocrx_word' id='word_1_219' title='bbox 576 3450 737 3522; x_wconf 86' lang='lat' dir='ltr'>ltlinerva</span> <span class='ocrx_word' id='word_1_220' title='bbox 764 3450 809 3522; x_wconf 89' lang='lat' dir='ltr'>de</span> <span class='ocrx_word' id='word_1_221' title='bbox 837 3450 927 3524; x_wconf 89' lang='lat' dir='ltr'>festo</span> <span class='ocrx_word' id='word_1_222' title='bbox 956 3450 1269 3540; x_wconf 82' lang='lat' dir='ltr'>Anounciationis,</span> <span class='ocrx_word' id='word_1_223' title='bbox 1297 3450 1433 3546; x_wconf 90' lang='lat' dir='ltr'>absque</span> 
     </span>
     <span class='ocr_line' id='line_1_25' title="bbox 97 3573 1433 3673; baseline 0.003 -30"><span class='ocrx_word' id='word_1_224' title='bbox 97 3573 448 3646; x_wconf 88' lang='lat' dir='ltr'>commemoratione</span> <span class='ocrx_word' id='word_1_225' title='bbox 465 3573 622 3665; x_wconf 90' lang='lat' dir='ltr'>Pasche;</span> <span class='ocrx_word' id='word_1_226' title='bbox 641 3598 709 3672; x_wconf 84' lang='lat' dir='ltr'>ego</span> <span class='ocrx_word' id='word_1_227' title='bbox 724 3597 797 3647; x_wconf 95' lang='lat' dir='ltr'>non</span> <span class='ocrx_word' id='word_1_228' title='bbox 811 3573 975 3667; x_wconf 88' lang='lat' dir='ltr'>interfui;</span> <span class='ocrx_word' id='word_1_229' title='bbox 995 3580 1191 3673; x_wconf 89' lang='lat' dir='ltr'>propterea</span> <span class='ocrx_word' id='word_1_230' title='bbox 1204 3575 1328 3649; x_wconf 90' lang='lat' dir='ltr'>nescio</span> <span class='ocrx_word' id='word_1_231' title='bbox 1345 3580 1433 3672; x_wconf 92' lang='lat' dir='ltr'>quot</span> 
     </span>
     <span class='ocr_line' id='line_1_26' title="bbox 95 3691 1431 3798; baseline 0.002 -31"><span class='ocrx_word' id='word_1_232' title='bbox 95 3691 219 3790; x_wconf 90' lang='lat' dir='ltr'>puelle</span> <span class='ocrx_word' id='word_1_233' title='bbox 243 3695 391 3772; x_wconf 88' lang='lat' dir='ltr'>fuerunt</span> <span class='ocrx_word' id='word_1_234' title='bbox 412 3697 584 3787; x_wconf 87' lang='lat' dir='ltr'>Minerve,</span> <span class='ocrx_word' id='word_1_235' title='bbox 611 3721 676 3771; x_wconf 88' lang='lat' dir='ltr'>seu</span> <span class='ocrx_word' id='word_1_236' title='bbox 699 3698 836 3788; x_wconf 86' lang='lat' dir='ltr'>dotata,</span> <span class='ocrx_word' id='word_1_237' title='bbox 858 3705 894 3772; x_wconf 92' lang='lat' dir='ltr'>et</span> <span class='ocrx_word' id='word_1_238' title='bbox 920 3699 1008 3790; x_wconf 90' lang='lat' dir='ltr'>alia;</span> <span class='ocrx_word' id='word_1_239' title='bbox 1033 3703 1129 3797; x_wconf 86' lang='lat' dir='ltr'>Papa</span> <span class='ocrx_word' id='word_1_240' title='bbox 1155 3722 1220 3798; x_wconf 89' lang='lat' dir='ltr'>per</span> <span class='ocrx_word' id='word_1_241' title='bbox 1240 3699 1431 3774; x_wconf 89' lang='lat' dir='ltr'>Parionem</span> 
     </span>
     <span class='ocr_line' id='line_1_27' title="bbox 94 3820 1175 3921; baseline 0.008 -31"><span class='ocrx_word' id='word_1_242' title='bbox 94 3820 205 3894; x_wconf 87' lang='lat' dir='ltr'>rediit</span> <span class='ocrx_word' id='word_1_243' title='bbox 224 3822 269 3895; x_wconf 91' lang='lat' dir='ltr'>ad</span> <span class='ocrx_word' id='word_1_244' title='bbox 287 3831 448 3896; x_wconf 88' lang='lat' dir='ltr'>castrum</span> <span class='ocrx_word' id='word_1_245' title='bbox 466 3847 496 3896; x_wconf 90' lang='lat' dir='ltr'>s.</span> <span class='ocrx_word' id='word_1_246' title='bbox 514 3822 653 3921; x_wconf 81' lang='lat' dir='ltr'>Angeli,</span> <span class='ocrx_word' id='word_1_247' title='bbox 673 3823 734 3897; x_wconf 93' lang='lat' dir='ltr'>ubi</span> <span class='ocrx_word' id='word_1_248' title='bbox 752 3823 839 3898; x_wconf 89' lang='lat' dir='ltr'>fecit</span> <span class='ocrx_word' id='word_1_249' title='bbox 854 3824 1060 3921; x_wconf 90' lang='lat' dir='ltr'>prandium.</span> <span class='ocrx_word' id='word_1_250' title='bbox 1171 3900 1175 3910; x_wconf 81' lang='grc'>,</span> 
     </span>
    </p>

    <p class='ocr_par' dir='ltr' id='par_1_4' title="bbox 95 3947 1431 4547">
     <span class='ocr_line' id='line_1_28' title="bbox 143 3947 1431 4044; baseline 0.004 -25"><span class='ocrx_word' id='word_1_251' title='bbox 143 3947 332 4037; x_wconf 85' lang='lat' dir='ltr'>Mercurii,</span> <span class='ocrx_word' id='word_1_252' title='bbox 353 3953 399 4021; x_wconf 71' lang='lat'>26</span> <span class='ocrx_word' id='word_1_253' title='bbox 422 3947 553 4038; x_wconf 90' lang='lat' dir='ltr'>martii,</span> <span class='ocrx_word' id='word_1_254' title='bbox 573 3953 758 4044; x_wconf 88' lang='lat' dir='ltr'>portatum</span> <span class='ocrx_word' id='word_1_255' title='bbox 784 3949 852 4023; x_wconf 96' lang='lat' dir='ltr'>fuit</span> <span class='ocrx_word' id='word_1_256' title='bbox 868 3950 977 4025; x_wconf 88' lang='lat' dir='ltr'>funus</span> <span class='ocrx_word' id='word_1_257' title='bbox 997 3952 1093 4026; x_wconf 89' lang='lat' dir='ltr'>bone</span> <span class='ocrx_word' id='word_1_258' title='bbox 1113 3951 1288 4027; x_wconf 87' lang='lat' dir='ltr'>memorie</span> <span class='ocrx_word' id='word_1_259' title='bbox 1311 3951 1431 4026; x_wconf 88' lang='lat' dir='ltr'>archi-</span> 
     </span>
     <span class='ocr_line' id='line_1_29' title="bbox 96 4055 1429 4174; baseline 0.005 -33"><span class='ocrx_word' id='word_1_260' title='bbox 96 4069 261 4167; x_wconf 90' lang='lat' dir='ltr'>episcopi</span> <span class='ocrx_word' id='word_1_261' title='bbox 286 4071 457 4170; x_wconf 83' lang='lat' dir='ltr'>Ragusini</span> <span class='ocrx_word' id='word_1_262' title='bbox 479 4073 541 4172; x_wconf 77' lang='lat'>(2),</span> <span class='ocrx_word' id='word_1_263' title='bbox 565 4071 808 4147; x_wconf 82' lang='lat' dir='ltr'>referendarii</span> <span class='ocrx_word' id='word_1_264' title='bbox 835 4082 869 4148; x_wconf 90' lang='lat' dir='ltr'>et</span> <span class='ocrx_word' id='word_1_265' title='bbox 896 4055 1098 4150; x_wconf 81' lang='lat' dir='ltr'>assistentis</span> <span class='ocrx_word' id='word_1_266' title='bbox 1123 4079 1233 4174; x_wconf 90' lang='lat' dir='ltr'>Pape,</span> <span class='ocrx_word' id='word_1_267' title='bbox 1262 4077 1321 4173; x_wconf 91' lang='lat' dir='ltr'>qui</span> <span class='ocrx_word' id='word_1_268' title='bbox 1348 4075 1429 4149; x_wconf 91' lang='lat' dir='ltr'>heri</span> 
     </span>
     <span class='ocr_line' id='line_1_30' title="bbox 97 4193 1429 4292; baseline 0.005 -27"><span class='ocrx_word' id='word_1_269' title='bbox 97 4193 194 4266; x_wconf 91' lang='lat' dir='ltr'>diem</span> <span class='ocrx_word' id='word_1_270' title='bbox 215 4194 345 4270; x_wconf 89' lang='lat' dir='ltr'>clausit</span> <span class='ocrx_word' id='word_1_271' title='bbox 365 4203 587 4286; x_wconf 88' lang='lat' dir='ltr'>extremum;</span> <span class='ocrx_word' id='word_1_272' title='bbox 607 4197 723 4271; x_wconf 91' lang='lat' dir='ltr'>secuti</span> <span class='ocrx_word' id='word_1_273' title='bbox 740 4205 823 4272; x_wconf 92' lang='lat' dir='ltr'>sunt</span> <span class='ocrx_word' id='word_1_274' title='bbox 838 4203 949 4276; x_wconf 89' lang='lat' dir='ltr'>XVlll</span> <span class='ocrx_word' id='word_1_275' title='bbox 966 4201 1112 4292; x_wconf 82' lang='lat' dir='ltr'>funesti,</span> <span class='ocrx_word' id='word_1_276' title='bbox 1135 4205 1170 4274; x_wconf 89' lang='lat' dir='ltr'>et</span> <span class='ocrx_word' id='word_1_277' title='bbox 1187 4197 1429 4273; x_wconf 81' lang='lat' dir='ltr'>interfuerunt</span> 
     </span>
     <span class='ocr_line' id='line_1_31' title="bbox 95 4319 1428 4420; baseline 0.004 -30"><span class='ocrx_word' id='word_1_278' title='bbox 95 4319 249 4414; x_wconf 82' lang='lat' dir='ltr'>triginta</span> <span class='ocrx_word' id='word_1_279' title='bbox 267 4321 399 4417; x_wconf 86' lang='lat' dir='ltr'>prelati</span> <span class='ocrx_word' id='word_1_280' title='bbox 416 4322 474 4394; x_wconf 88' lang='lat' dir='ltr'>vel</span> <span class='ocrx_word' id='word_1_281' title='bbox 489 4321 603 4411; x_wconf 82' lang='lat' dir='ltr'>circa3</span> <span class='ocrx_word' id='word_1_282' title='bbox 621 4323 717 4418; x_wconf 92' lang='lat' dir='ltr'>quod</span> <span class='ocrx_word' id='word_1_283' title='bbox 733 4328 918 4420; x_wconf 89' lang='lat' dir='ltr'>portatum</span> <span class='ocrx_word' id='word_1_284' title='bbox 934 4324 1001 4398; x_wconf 92' lang='lat' dir='ltr'>fuit</span> <span class='ocrx_word' id='word_1_285' title='bbox 1017 4326 1062 4399; x_wconf 90' lang='lat' dir='ltr'>ad</span> <span class='ocrx_word' id='word_1_286' title='bbox 1078 4325 1270 4399; x_wconf 87' lang='lat' dir='ltr'>ecclesiam</span> <span class='ocrx_word' id='word_1_287' title='bbox 1283 4348 1313 4396; x_wconf 92' lang='lat' dir='ltr'>s.</span> <span class='ocrx_word' id='word_1_288' title='bbox 1331 4326 1428 4396; x_wconf 89' lang='lat' dir='ltr'>Onu-</span> 
     </span>
     <span class='ocr_line' id='line_1_32' title="bbox 97 4431 1215 4547; baseline 0.008 -35"><span class='ocrx_word' id='word_1_289' title='bbox 97 4441 176 4533; x_wconf 90' lang='lat' dir='ltr'>frii;</span> <span class='ocrx_word' id='word_1_290' title='bbox 200 4445 364 4541; x_wconf 87' lang='lat' dir='ltr'>Raphoel</span> <span class='ocrx_word' id='word_1_291' title='bbox 382 4449 497 4520; x_wconf 86' lang='lat' dir='ltr'>Cocus</span> <span class='ocrx_word' id='word_1_292' title='bbox 510 4446 595 4521; x_wconf 89' lang='lat' dir='ltr'>fecit</span> <span class='ocrx_word' id='word_1_293' title='bbox 608 4431 824 4541; x_wconf 86' lang='lat' dir='ltr'>orationem,</span> <span class='ocrx_word' id='word_1_294' title='bbox 843 4451 1055 4547; x_wconf 89' lang='lat' dir='ltr'>nescioquo</span> <span class='ocrx_word' id='word_1_295' title='bbox 1075 4451 1215 4524; x_wconf 89' lang='lat' dir='ltr'>ordine.</span> 
     </span>
    </p>

    <p class='ocr_par' dir='ltr' id='par_1_5' title="bbox 97 4569 1426 4790">
     <span class='ocr_line' id='line_1_33' title="bbox 146 4569 1426 4672; baseline 0.003 -32"><span class='ocrx_word' id='word_1_296' title='bbox 146 4569 256 4660; x_wconf 85' lang='lat' dir='ltr'>lovis,</span> <span class='ocrx_word' id='word_1_297' title='bbox 275 4576 319 4644; x_wconf 73' lang='lat'>27</span> <span class='ocrx_word' id='word_1_298' title='bbox 339 4572 473 4661; x_wconf 92' lang='lat' dir='ltr'>martii,</span> <span class='ocrx_word' id='word_1_299' title='bbox 502 4594 568 4668; x_wconf 85' lang='lat' dir='ltr'>per</span> <span class='ocrx_word' id='word_1_300' title='bbox 591 4572 721 4646; x_wconf 92' lang='lat' dir='ltr'>horam</span> <span class='ocrx_word' id='word_1_301' title='bbox 745 4574 957 4672; x_wconf 83' lang='lat' dir='ltr'>vigesimam</span> <span class='ocrx_word' id='word_1_302' title='bbox 983 4577 1129 4650; x_wconf 89' lang='lat' dir='ltr'>tertiam</span> <span class='ocrx_word' id='word_1_303' title='bbox 1156 4574 1337 4648; x_wconf 90' lang='lat' dir='ltr'>intrarunt</span> <span class='ocrx_word' id='word_1_304' title='bbox 1361 4595 1426 4668; x_wconf 87' lang='lat' dir='ltr'>per</span> 
     </span>
     <span class='ocr_line' id='line_1_34' title="bbox 97 4697 1425 4790; baseline -0.001 -22"><span class='ocrx_word' id='word_1_305' title='bbox 97 4701 239 4790; x_wconf 90' lang='lat' dir='ltr'>portam</span> <span class='ocrx_word' id='word_1_306' title='bbox 279 4697 420 4774; x_wconf 81' lang='lat' dir='ltr'>Viderii</span> <span class='ocrx_word' id='word_1_307' title='bbox 459 4698 498 4770; x_wconf 94' lang='lat' dir='ltr'>in</span> <span class='ocrx_word' id='word_1_308' title='bbox 537 4699 674 4771; x_wconf 89' lang='lat' dir='ltr'>Urbem</span> <span class='ocrx_word' id='word_1_309' title='bbox 712 4704 786 4774; x_wconf 89' lang='lat' dir='ltr'>tres</span> <span class='ocrx_word' id='word_1_310' title='bbox 830 4707 996 4776; x_wconf 89' lang='lat' dir='ltr'>oratores</span> <span class='ocrx_word' id='word_1_311' title='bbox 1038 4700 1175 4775; x_wconf 91' lang='lat' dir='ltr'>domini</span> <span class='ocrx_word' id='word_1_312' title='bbox 1216 4697 1341 4774; x_wconf 88' lang='lat' dir='ltr'>Jacobi</span> <span class='ocrx_word' id='word_1_313' title='bbox 1381 4697 1425 4768; x_wconf 92' lang='lat' dir='ltr'>de</span> 
     </span>
    </p>
   </div>
   <div class='ocr_carea' id='block_1_3' title="bbox 98 4865 1427 5298">
    <p class='ocr_par' dir='ltr' id='par_1_6' title="bbox 98 4865 1426 5014">
     <span class='ocr_line' id='line_1_35' title="bbox 131 4865 1426 4942; baseline 0.001 -22"><span class='ocrx_word' id='word_1_314' title='bbox 131 4866 156 4922; x_wconf 86' lang='lat'>1.</span> <span class='ocrx_word' id='word_1_315' title='bbox 176 4865 216 4922; x_wconf 91' lang='lat' dir='ltr'>Le</span> <span class='ocrx_word' id='word_1_316' title='bbox 236 4872 294 4924; x_wconf 91' lang='lat' dir='ltr'>mot</span> <span class='ocrx_word' id='word_1_317' title='bbox 311 4871 354 4924; x_wconf 88' lang='lat' dir='ltr'>est</span> <span class='ocrx_word' id='word_1_318' title='bbox 376 4866 459 4923; x_wconf 82' lang='lat' dir='ltr'>faisse</span> <span class='ocrx_word' id='word_1_319' title='bbox 480 4884 514 4922; x_wconf 88' lang='lat' dir='ltr'>en</span> <span class='ocrx_word' id='word_1_320' title='bbox 534 4865 614 4923; x_wconf 92' lang='lat' dir='ltr'>blanc</span> <span class='ocrx_word' id='word_1_321' title='bbox 635 4867 704 4925; x_wconf 90' lang='lat' dir='ltr'>dans</span> <span class='ocrx_word' id='word_1_322' title='bbox 728 4875 791 4926; x_wconf 88' lang='lat' dir='ltr'>tous</span> <span class='ocrx_word' id='word_1_323' title='bbox 811 4870 851 4927; x_wconf 89' lang='lat' dir='ltr'>les</span> <span class='ocrx_word' id='word_1_324' title='bbox 870 4889 951 4942; x_wconf 86' lang='lat' dir='ltr'>mss.;</span> <span class='ocrx_word' id='word_1_325' title='bbox 967 4869 985 4926; x_wconf 90' lang='lat' dir='ltr'>il</span> <span class='ocrx_word' id='word_1_326' title='bbox 1001 4870 1059 4928; x_wconf 90' lang='lat' dir='ltr'>faut</span> <span class='ocrx_word' id='word_1_327' title='bbox 1077 4870 1125 4926; x_wconf 90' lang='lat' dir='ltr'>lire</span> <span class='ocrx_word' id='word_1_328' title='bbox 1144 4867 1426 4927; x_wconf 83' lang='lat' dir='ltr'>uraisemblablement</span> 
     </span>
     <span class='ocr_line' id='line_1_36' title="bbox 98 4955 333 5014; baseline 0 -5"><span class='ocrx_word' id='word_1_329' title='bbox 98 4975 111 5004; x_wconf 77' lang='lat' dir='ltr'>u</span> <span class='ocrx_word' id='word_1_330' title='bbox 127 4955 301 5014; x_wconf 76' lang='lat' dir='ltr'>cubiculario.</span> <span class='ocrx_word' id='word_1_331' title='bbox 319 4979 333 5009; x_wconf 82' lang='lat' dir='ltr'>u</span> 
     </span>
    </p>

    <p class='ocr_par' dir='ltr' id='par_1_7' title="bbox 98 5044 1427 5298">
     <span class='ocr_line' id='line_1_37' title="bbox 130 5044 1425 5126; baseline 0 -24"><span class='ocrx_word' id='word_1_332' title='bbox 130 5047 157 5100; x_wconf 85' lang='lat'>2.</span> <span class='ocrx_word' id='word_1_333' title='bbox 179 5067 194 5098; x_wconf 78' lang='lat' dir='ltr'>a</span> <span class='ocrx_word' id='word_1_334' title='bbox 211 5047 260 5102; x_wconf 84' lang='lat' dir='ltr'>Die</span> <span class='ocrx_word' id='word_1_335' title='bbox 273 5049 310 5102; x_wconf 79' lang='lat'>25</span> <span class='ocrx_word' id='word_1_336' title='bbox 324 5046 421 5118; x_wconf 87' lang='lat' dir='ltr'>martii,</span> <span class='ocrx_word' id='word_1_337' title='bbox 436 5044 551 5103; x_wconf 89' lang='lat' dir='ltr'>fecimus</span> <span class='ocrx_word' id='word_1_338' title='bbox 565 5045 670 5120; x_wconf 84' lang='lat' dir='ltr'>sepeliri</span> <span class='ocrx_word' id='word_1_339' title='bbox 686 5047 919 5125; x_wconf 86' lang='lat' dir='ltr'>archiepiscopum</span> <span class='ocrx_word' id='word_1_340' title='bbox 934 5051 1116 5126; x_wconf 83' lang='lat' dir='ltr'>Ragusinum,</span> <span class='ocrx_word' id='word_1_341' title='bbox 1132 5047 1260 5106; x_wconf 85' lang='lat' dir='ltr'>uidelicet</span> <span class='ocrx_word' id='word_1_342' title='bbox 1274 5047 1308 5104; x_wconf 89' lang='lat' dir='ltr'>D.</span> <span class='ocrx_word' id='word_1_343' title='bbox 1323 5045 1425 5103; x_wconf 83' lang='lat' dir='ltr'>lohan·</span> 
     </span>
     <span class='ocr_line' id='line_1_38' title="bbox 98 5135 1427 5216; baseline 0.001 -25"><span class='ocrx_word' id='word_1_344' title='bbox 98 5151 155 5192; x_wconf 88' lang='lat' dir='ltr'>nem</span> <span class='ocrx_word' id='word_1_345' title='bbox 171 5137 206 5193; x_wconf 88' lang='lat' dir='ltr'>de</span> <span class='ocrx_word' id='word_1_346' title='bbox 217 5137 333 5205; x_wconf 81' lang='lat' dir='ltr'>Ancona</span> <span class='ocrx_word' id='word_1_347' title='bbox 347 5136 543 5211; x_wconf 65' lang='lat' dir='ltr'>aepiscopum</span> <span class='ocrx_word' id='word_1_348' title='bbox 554 5135 764 5210; x_wconf 77' lang='lat' dir='ltr'>Anconitanum,</span> <span class='ocrx_word' id='word_1_349' title='bbox 775 5138 822 5213; x_wconf 93' lang='lat' dir='ltr'>qui</span> <span class='ocrx_word' id='word_1_350' title='bbox 834 5141 884 5198; x_wconf 89' lang='lat' dir='ltr'>fuit</span> <span class='ocrx_word' id='word_1_351' title='bbox 900 5141 1000 5216; x_wconf 82' lang='lat' dir='ltr'>dignus</span> <span class='ocrx_word' id='word_1_352' title='bbox 1012 5141 1168 5216; x_wconf 86' lang='lat' dir='ltr'>prelatus...</span> <span class='ocrx_word' id='word_1_353' title='bbox 1180 5159 1194 5192; x_wconf 78' lang='lat' dir='ltr'>a</span> <span class='ocrx_word' id='word_1_354' title='bbox 1206 5137 1239 5196; x_wconf 87' lang='lat' dir='ltr'>P.</span> <span class='ocrx_word' id='word_1_355' title='bbox 1256 5139 1289 5194; x_wconf 92' lang='lat' dir='ltr'>dc</span> <span class='ocrx_word' id='word_1_356' title='bbox 1304 5137 1427 5204; x_wconf 84' lang='lat' dir='ltr'>Grassis,</span> 
     </span>
     <span class='ocr_line' id='line_1_39' title="bbox 98 5225 239 5298; baseline 0.035 -18"><span class='ocrx_word' id='word_1_357' title='bbox 98 5225 117 5284; x_wconf 92' lang='lat' dir='ltr'>f.</span> <span class='ocrx_word' id='word_1_358' title='bbox 135 5227 196 5298; x_wconf 82' lang='lat'>163,</span> <span class='ocrx_word' id='word_1_359' title='bbox 211 5245 239 5284; x_wconf 87' lang='lat' dir='ltr'>v.</span> 
     </span>
    </p>
   </div>
   <div class='ocr_carea' id='block_1_4' title="bbox 0 0 1764 6036">
    <p class='ocr_par' dir='ltr' id='par_1_8' title="bbox 0 0 1764 6036">
     <span class='ocr_line' id='line_1_40' title="bbox 0 0 1764 6036; baseline 0 3"><span class='ocrx_word' id='word_1_360' title='bbox 0 0 1764 6036; x_wconf 95' lang='lat' dir='ltr'> </span> 
     </span>
    </p>
   </div>
  </div>
 </body>
</html>
