3612 6064
390 585 424 639 12
852 579 1028 636 JOHANNIS
1054 578 1276 646 Rauennam,
1514 583 1637 646 tlonriar
1654 589 1715 648 11611

393 743 531 810 tantum
552 745 677 809 61666
697 736 948 832 protonotarii,
963 758 1087 806 versos
1106 758 1262 824 murum,
1283 737 1317 808 in
1336 738 1558 834 primoloco,
1580 748 1615 811 61
1634 739 1718 810 mili·
1761 817 1762 848 ¹

391 871 464 935 tern
483 863 598 960 primo
618 863 843 935 nominatum
864 862 900 934 in
921 861 1094 933 secunda.
1123 862 1238 934 Credo
1261 871 1381 936 tamen
1406 867 1502 962 quod
1522 866 1650 938 lecerit
1674 866 1716 950 id,
1761 855 1762 864 '

390 991 552 1063 locorum
586 989 749 1061 ordinem
780 989 963 1084 ignorans.
994 987 1141 1060 lnterim
1170 993 1212 1061 D.
1241 991 1401 1062 lustinus
1429 999 1642 1087 prosecutus
1672 999 1718 1062 est

391 1115 699 1203 commissionem,
721 1138 793 1210 qua
819 1114 997 1209 expedita,
1027 1113 1119 1186 lecte
1149 1114 1293 1187 luerunt
1317 1117 1451 1206 littere,
1471 1141 1574 1190 more
1603 1119 1715 1189 solito.

394 1240 531 1312 Deinde
551 1239 732 1312 secundos
754 1245 878 1311 orator
901 1238 986 1311 lecit
1006 1239 1226 1328 orationem;
1256 1241 1314 1334 qui
1334 1241 1434 1312 raldo
1454 1265 1565 1314 senex
1585 1249 1663 1313 erat
1689 1251 1719 1312 et
1762 1259 1763 1304 1

393 1364 558 1436 infirmus
579 1371 614 1436 el
635 1363 852 1460 loquebatur
875 1363 966 1435 adeo
985 1385 1128 1435 morose
1154 1371 1189 1436 et
1207 1365 1301 1436 lasse
1321 1367 1416 1460 quod
1433 1389 1505 1437 non
1524 1367 1642 1463 potuit
1662 1390 1718 1438 au-

394 1491 499 1562 diris
528 1489 670 1562 modice
694 1490 843 1562 remotis
864 1497 899 1561 61
926 1488 1158 1573 distantibus;
1189 1491 1386 1563 nominavit
1413 1495 1546 1586 Papam
1574 1515 1720 1564 consau-

394 1615 563 1711 guineum
583 1614 678 1710 regis
694 1639 702 1686 :
717 1614 840 1686 neseio
862 1614 954 1684 unde
972 1615 1266 1710 consanguinitas
1278 1615 1354 1711 ipsa
1369 1617 1596 1711 procederet.
1615 1621 1717 1711 Papa.

392 1742 429 1813 in
447 1725 699 1836 responsione,
721 1727 909 1812 conlessus
938 1745 991 1810 est
1016 1763 1053 1810 se
1081 1741 1391 1836 consanguineum
1410 1741 1505 1837 regis
1524 1766 1618 1826 esse,
1641 1743 1720 1812 6611-
1763 1801 1764 1804 1

391 1847 551 1962 jungens
570 1864 689 1937 divina
715 1864 949 1960 dispositione
976 1889 1041 1960 per
1068 1887 1198 1937 novum
1222 1866 1491 1938 matrimonium
1517 1867 1719 1962 hujusmodi

398 1989 747 2086 consanguinitatem
775 2013 855 2061 esse
883 1995 1102 2062 renovatam.
1126 1989 1241 2063 Finita
1257 1992 1493 2086 responsione
1516 1996 1624 2088 Pape,
1647 2015 1721 2064 ora-

403 2125 499 2188 tores
516 2115 667 2212 predicti
688 2115 872 2216 redierunt
890 2115 935 2186 ad
954 2119 1087 2212 Papam
1107 2121 1142 2188 et
1165 2117 1296 2188 iterum
1319 2117 1468 2190 osculati
1493 2124 1573 2188 sunt
1599 2119 1720 2212 peden

402 2247 496 2338 Pape
516 2250 638 2338 preter
656 2249 884 2332 consuetum,
906 2242 1004 2315 socio
1023 2265 1105 2314 meo
1128 2243 1178 2314 sic
1204 2241 1404 2332 ordinante,
1430 2267 1492 2315 seu
1518 2247 1613 2338 Papa
1638 2244 1722 2315 lorte
1764 2215 1765 2250 ¹

398 2347 562 2465 jubente.
586 2370 669 2440 Post
694 2390 755 2438 eos
768 2375 1013 2440 convenerunt
1032 2375 1104 2439 tres
1123 2367 1176 2439 vel
1199 2374 1353 2463 quatuor
1370 2368 1501 2440 milites
1519 2369 1667 2465 Hispani
1686 2368 1723 2439 ad

401 2492 565 2566 osculum
584 2492 685 2588 pedis
707 2495 801 2587 Pape
829 2517 894 2588 pro
913 2492 1066 2580 honore,
1088 2493 1171 2586 quia
1188 2492 1236 2564 1111
1255 2494 1325 2564 duo
1344 2499 1506 2565 oratores
1524 2493 1664 2565 nullum
1683 2493 1697 2563 l
1713 2535 1723 2544 -

401 2617 579 2690 miliarem
606 2617 811 2689 habuerunt
832 2642 839 2689 :
861 2618 984 2688 nescio
1002 2617 1158 2712 quando,
1184 2641 1228 2688 an
1252 2617 1452 2714 pedestres,
1479 2642 1522 2690 an
1543 2625 1722 2712 equestres
1765 2685 1766 2710 ,

402 2748 553 2816 Romam
571 2741 749 2829 venerint,
772 2742 855 2836 quia
872 2749 953 2815 ante
973 2741 1043 2815 hoo
1071 2743 1325 2815 consistorium
1354 2743 1491 2814 nullum
1519 2743 1582 2816 luit
1607 2744 1652 2813 de
1679 2743 1723 2815 eis
1765 2721 1766 2748 ³

402 2868 560 2940 auditum
581 2867 744 2940 verbum.
765 2867 915 2938 Familia
933 2871 975 2939 1).
999 2868 1178 2954 Lucretio,
1193 2867 1264 2938 lllie
1286 2871 1394 2962 Pape,
1408 2869 1597 2940 associavit
1615 2869 1723 2940 dictos

404 2974 566 3065 oratores
584 2991 629 3064 ad
647 3014 772 3064 eorum
793 2991 1004 3087 hospitium,
1026 2992 1121 3086 quod
1140 2993 1276 3065 neseio.
1295 2997 1389 3088 Papa
1405 2992 1471 3065 luit
1490 2993 1533 3064 ad
1553 2994 1724 3064 consisto-

404 3119 497 3190 rium
516 3117 719 3214 prediotum
739 3116 775 3188 in
794 3116 879 3188 sede
898 3123 1061 3213 portatus
1086 3125 1120 3188 61
1136 3118 1172 3188 iu
1190 3141 1233 3188 ea
1250 3118 1294 3189 ad
1313 3141 1494 3189 cameram
1512 3127 1722 3213 reportatus.
1766 3191 1767 3196 ,

404 3247 499 3316 Uxor
519 3242 623 3315 lllmi.
645 3247 687 3315 D.
710 3243 811 3314 ducis
830 3241 1025 3332 Valentini,
1046 3243 1108 3314 filii
1132 3246 1238 3338 Pape,
1267 3242 1397 3315 dieitur
1414 3267 1493 3314 esse
1514 3265 1618 3314 soror
1636 3243 1725 3336 regis

404 3369 553 3466 predicti
572 3366 637 3466 (l);
657 3369 692 3440 in
712 3368 841 3440 litteris
861 3368 1024 3464 ejusdem
1044 3368 1139 3462 regis
1156 3376 1194 3441 ut
1212 3392 1318 3464 supra
1335 3368 1597 3464 presentatiset
1616 3367 1723 3454 lectis,

403 3501 478 3567 erat
494 3493 700 3566 nominatus
720 3479 858 3590 primus
879 3503 1001 3565 orator
1019 3495 1112 3587 regis
1139 3497 1179 3565 R.
1202 3494 1237 3563 in
1257 3493 1399 3566 Christo
1420 3496 1457 3564 P.
1479 3496 1521 3564 D.
1543 3491 1724 3563 Menaldus

401 3621 571 3707 (1611666,
594 3620 787 3714 episcopus
803 3618 1022 3708 Tarbiensis,
1044 3642 1151 3713 quem
1172 3619 1338 3690 dixerunt
1355 3617 1551 3688 incurrisse
1581 3615 1726 3686 infirmi·

403 3751 527 3830 tatem,
548 3750 583 3814 et
601 3744 637 3813 in
656 3743 711 3814 via
736 3743 992 3838 permansisse.
1015 3743 1146 3814 Littera
1176 3741 1318 3814 luerunt
1336 3741 1442 3837 (date)
1465 3741 1500 3810 in
1528 3739 1658 3837 oppido
1685 3739 1723 3808 de

403 3871 513 3955 Faxo,
533 3870 627 3939 XXll
648 3866 853 3940 novembris
874 3872 979 3939 1199.

440 4109 464 4164 l.
481 4105 620 4163 Charlotte
633 4105 766 4174 d'Albret,
783 4105 880 4162 lemme
893 4107 926 4162 de
943 4105 1027 4162 Cesar
1039 4107 1149 4178 Borgia,
1167 4107 1274 4162 6161166
1291 4107 1353 4164 61161
1366 4106 1520 4162 1666666616
1534 4107 1614 4176 1666,
1625 4107 1723 4162 6166666

402 4196 440 4252 661
455 4195 488 4250 de
504 4195 621 4250 Narone
636 4212 686 4268 par
702 4212 753 4250 son
766 4195 885 4268 mariage
900 4213 966 4252 avec
980 4195 1125 4251 Catherine
1140 4197 1173 4250 de
1189 4195 1265 4264 Foix,
1282 4195 1722 4262 616666111611166661616666616-

402 4283 536 4356 Phoebus,
550 4283 659 4339 dernier
674 4283 712 4339 roi
728 4285 761 4339 de
774 4284 904 4352 Navarra,
921 4291 990 4340 mort
1004 4302 1068 4339 sans
1084 4285 1223 4358 posterite.
1240 4286 1310 4358 l'oy.
1324 4285 1355 4341 E.
1373 4284 1515 4350 Bannatia,
1532 4287 1682 4340 larentuire
1695 4284 1722 4336 d*

401 4375 429 4428 lo
443 4373 571 4428 durhcssc
582 4375 614 4428 dc
629 4375 807 4440 Valentinois,
821 4374 955 4429 Clcrlotte
965 4376 1097 4442 d'Atbrtd,
1108 4391 1172 4446 pag.
1185 4377 1228 4434 45:
1243 4373 1346 4430 Grillon
1356 4375 1407 4462 des
1421 4372 1576 4446 Clrapelles,
1590 4377 1723 4444 Esquissrs

403 4463 624 4534 11166666116666,
640 4467 660 4517 t.
676 4463 711 4530 11,
727 4480 754 4535 p.
771 4463 805 4517 98
828 4469 855 4519 61
875 4463 944 4518 suiv.
961 4464 1073 4536 lt’apres
1090 4481 1141 4518 une
1157 4463 1276 4536 depacha
1291 4465 1324 4518 de
1345 4463 1472 4537 Coppello
1491 4466 1507 4518 1
1528 4462 1555 4519 16
1569 4461 1722 4536 Seigneurie

401 4552 435 4607 de
450 4551 587 4620 Florence,
605 4555 621 4606 1
636 4549 662 4606 16
677 4551 739 4607 date
754 4551 790 4606 du
805 4553 840 4605 22
854 4552 961 4623 janvier
976 4552 1009 4606 de
1028 4559 1099 4608 cette
1114 4557 1200 4607 meme
1215 4558 1312 4622 nanee,
1329 4553 1352 4607 le
1368 4553 1441 4624 Pape
1458 4551 1547 4608 666611
1562 4555 1699 4625 66666611
1710 4553 1722 4601 rt

401 4658 466 4712 gros
481 4639 578 4698 1611611
597 4639 736 4713 plusieurs
757 4639 869 4695 milliers
890 4640 923 4694 de
943 4641 1039 4697 docats
1060 4659 1127 4714 pour
1144 4641 1182 4698 les
1197 4642 1262 4697 16616
1281 4643 1434 4714 (16166666
1451 4642 1484 4695 de
1500 4641 1638 4696 Charlotle
1655 4639 1722 4695 1111-

401 4731 462 4787 bret
478 4729 542 4803 qu'il
557 4728 670 4785 desirait
686 4727 751 4784 16166
771 4729 988 4786 66616111666.
1007 4753 1020 4782 u
1085 4732 1105 4785 ll
1121 4731 1196 4804 Papa
1214 4733 1250 4787 ha
1264 4731 1330 4788 tolto
1347 4732 1381 4786 ad
1402 4730 1492 4802 questi
1509 4731 1536 4786 dl
1556 4731 1592 4786 ad
1613 4737 1688 4786 66616
1701 4729 1723 4781 di

401 4819 481 4876 molle
496 4817 617 4892 migliaia
636 4816 664 4872 di
687 4817 778 4872 ducati
799 4835 848 4891 per
864 4819 992 4874 mandare
1012 4819 1039 4874 in
1060 4819 1173 4875 Francia
1186 4838 1234 4893 per
1249 4820 1273 4874 16
1294 4837 1384 4892 spese,
1402 4819 1451 4874 ehe
1473 4818 1551 4874 ruole
1565 4819 1617 4874 che
1632 4818 1657 4874 16
1672 4820 1722 4872 116-

401 4909 499 4964 obessa
513 4907 602 4981 magle
616 4906 659 4962 del
674 4906 849 4962 Valentinese
865 4925 953 4980 venga
977 4909 1009 4963 ad
1028 4909 1115 4964 Roma
1131 4927 1137 4964 :
1154 4927 1198 4964 ma
1212 4910 1283 4964 rislo
1296 4909 1320 4964 16
1336 4925 1398 4964 6666
1413 4907 1480 4964 61166
1495 4925 1511 4962 6
1526 4907 1610 4963 monti
1630 4907 1722 4962 andare

400 4997 427 5051 in
442 4997 521 5052 modo
536 4997 586 5051 cha
601 4999 683 5052 6661
699 5012 780 5051 66666
804 5003 930 5068 66666616
940 4996 989 5051 che
1004 4983 1076 5052 lisia
1090 4997 1226 5070 prohibito
1240 4997 1257 5052 il
1271 4998 1371 5064 venire,
1388 4998 1423 5052 ha
1437 4997 1561 5052 ordinato
1579 4997 1630 5052 elie
1645 4996 1661 5049 il
1680 4995 1722 5049 da-

400 5085 475 5140 66616
489 5103 542 5140 666
558 5085 580 5140 61
595 5084 680 5158 paghi
695 5083 770 5153 61111,
787 5085 896 5157 quando
910 5103 975 5158 epsa
991 5105 1043 5142 non
1061 5087 1227 5145 61616661616
1244 5087 1345 5144 venire.
1362 5089 1380 5142 ll
1398 5088 1457 5156 che,
1474 5087 1584 5160 quando
1600 5082 1721 5158 segnissi,

402 5172 424 5227 si
437 5173 464 5226 la
477 5173 580 5245 judicio
595 5175 646 5228 6166
665 5173 734 5230 16661
758 5174 901 5230 6666116616
919 5193 1004 5248 segno
1024 5177 1050 5230 di
1068 5193 1122 5231 una
1141 5177 1211 5232 mala
1232 5175 1424 5249 dispositione,
1441 5184 1467 5230 61
1488 5174 1558 5230 malo
1575 5175 1665 5230 animo
1685 5169 1722 5224 del

401 5260 635 5318 christianissimo
645 5267 740 5318 contro
751 5263 775 5318 al
789 5263 862 5336 Papa
873 5273 901 5320 et
913 5272 1007 5321 666166
1017 5265 1042 5321 al
1059 5266 1167 5323 Duea...
1186 5288 1200 5318 u
1217 5265 1301 5338 (Clas.
1318 5265 1352 5337 X,
1365 5265 1428 5320 dist.
1443 5265 1471 5333 2,
1485 5263 1600 5330 1116619,
1613 5280 1658 5318 ae.
1673 5262 1722 5315 35
