<?xml version="1.0" encoding="UTF-8"?>
<!DOCTYPE html PUBLIC "-//W3C//DTD XHTML 1.0 Transitional//EN"
    "http://www.w3.org/TR/xhtml1/DTD/xhtml1-transitional.dtd">
<html xmlns="http://www.w3.org/1999/xhtml" xml:lang="en" lang="en">
 <head>
  <title>
</title>
<meta http-equiv="Content-Type" content="text/html;charset=utf-8" />
  <meta name='ocr-system' content='tesseract 3.04.00' />
  <meta name='ocr-capabilities' content='ocr_page ocr_carea ocr_par ocr_line ocrx_word'/>
</head>
<body>
  <div class='ocr_page' id='page_1' title='image "./johannisburchar03burcgoog/johannisburchar03burcgoog_0364.png"; bbox 0 0 3506 6034; ppageno 0'>
   <div class='ocr_carea' id='block_1_1' title="bbox 361 549 1677 827">
    <p class='ocr_par' dir='ltr' id='par_1_1' title="bbox 361 525 1744 844">
     <span class='ocr_line' id='line_1_1' title="bbox 361 549 1676 616; baseline -0.006 -9"><span class='ocrx_word' id='word_1_1' title='bbox 361 555 414 609; x_wconf 77' lang='lat' dir='ltr'>aso</span> <span class='ocrx_word' id='word_1_2' title='bbox 821 549 996 606; x_wconf 78' lang='lat' dir='ltr'>ronanus</span> <span class='ocrx_word' id='word_1_3' title='bbox 1021 549 1241 616; x_wconf 73' lang='lat' dir='ltr'>BURCHARDI,</span> <span class='ocrx_word' id='word_1_4' title='bbox 1480 551 1676 611; x_wconf 63' lang='lat' dir='ltr'>[ceronnam</span> 
     </span>
     <span class='ocr_line' id='line_1_2' title="bbox 361 730 1677 827; baseline -0.004 -23"><span class='ocrx_word' id='word_1_5' title='bbox 361 733 644 804; x_wconf 88' lang='lat' dir='ltr'>sacrisvestibus</span> <span class='ocrx_word' id='word_1_6' title='bbox 666 731 847 814; x_wconf 89' lang='lat' dir='ltr'>omnibus,</span> <span class='ocrx_word' id='word_1_7' title='bbox 874 730 949 802; x_wconf 86' lang='lat' dir='ltr'>sola</span> <span class='ocrx_word' id='word_1_8' title='bbox 973 754 1080 803; x_wconf 86' lang='lat' dir='ltr'>cruce</span> <span class='ocrx_word' id='word_1_9' title='bbox 1105 731 1280 824; x_wconf 88' lang='lat' dir='ltr'>pectorali</span> <span class='ocrx_word' id='word_1_10' title='bbox 1302 730 1461 827; x_wconf 85' lang='lat' dir='ltr'>dempta,</span> <span class='ocrx_word' id='word_1_11' title='bbox 1481 731 1586 824; x_wconf 87' lang='lat' dir='ltr'>cujus</span> <span class='ocrx_word' id='word_1_12' title='bbox 1610 731 1677 802; x_wconf 87' lang='lat' dir='ltr'>loco</span> 
     </span>
    </p>
   </div>
   <div class='ocr_carea' id='block_1_2' title="bbox 352 853 1744 4442">
    <p class='ocr_par' dir='ltr' id='par_1_2' title="bbox 352 853 1744 4442">
     <span class='ocr_line' id='line_1_3' title="bbox 361 853 1744 952; baseline -0.001 -25"><span class='ocrx_word' id='word_1_13' title='bbox 361 857 531 952; x_wconf 88' lang='lat' dir='ltr'>quianon</span> <span class='ocrx_word' id='word_1_14' title='bbox 550 861 641 944; x_wconf 88' lang='lat' dir='ltr'>erat,</span> <span class='ocrx_word' id='word_1_15' title='bbox 663 853 730 926; x_wconf 86' lang='lat' dir='ltr'>leci</span> <span class='ocrx_word' id='word_1_16' title='bbox 748 854 815 926; x_wconf 90' lang='lat' dir='ltr'>sibi</span> <span class='ocrx_word' id='word_1_17' title='bbox 834 855 1129 950; x_wconf 74' lang='lat' dir='ltr'>expendentibus</span> <span class='ocrx_word' id='word_1_18' title='bbox 1145 855 1298 951; x_wconf 80' lang='lat' dir='ltr'>cingulis</span> <span class='ocrx_word' id='word_1_19' title='bbox 1316 877 1464 926; x_wconf 89' lang='lat' dir='ltr'>crucem</span> <span class='ocrx_word' id='word_1_20' title='bbox 1481 878 1590 949; x_wconf 89' lang='lat' dir='ltr'>supra</span> <span class='ocrx_word' id='word_1_21' title='bbox 1606 877 1677 950; x_wconf 85' lang='lat' dir='ltr'>pec·</span> <span class='ocrx_word' id='word_1_22' title='bbox 1743 863 1744 950; x_wconf 72' lang='lat' dir='ltr'>l</span> 
     </span>
     <span class='ocr_line' id='line_1_4' title="bbox 360 978 1678 1074; baseline 0 -22"><span class='ocrx_word' id='word_1_23' title='bbox 360 985 429 1068; x_wconf 88' lang='lat' dir='ltr'>tus,</span> <span class='ocrx_word' id='word_1_24' title='bbox 448 984 654 1074; x_wconf 80' lang='lat' dir='ltr'>etquattuor</span> <span class='ocrx_word' id='word_1_25' title='bbox 671 978 843 1074; x_wconf 88' lang='lat' dir='ltr'>spillectis</span> <span class='ocrx_word' id='word_1_26' title='bbox 859 980 1011 1051; x_wconf 80' lang='lat' dir='ltr'>firmari.</span> <span class='ocrx_word' id='word_1_27' title='bbox 1029 983 1197 1052; x_wconf 86' lang='lat' dir='ltr'>Portatus</span> <span class='ocrx_word' id='word_1_28' title='bbox 1214 979 1297 1052; x_wconf 91' lang='lat' dir='ltr'>inde</span> <span class='ocrx_word' id='word_1_29' title='bbox 1314 980 1358 1052; x_wconf 92' lang='lat' dir='ltr'>ad</span> <span class='ocrx_word' id='word_1_30' title='bbox 1370 1002 1567 1052; x_wconf 86' lang='lat' dir='ltr'>cameram</span> <span class='ocrx_word' id='word_1_31' title='bbox 1583 983 1678 1074; x_wconf 88' lang='lat' dir='ltr'>Papa·</span> 
     </span>
     <span class='ocr_line' id='line_1_5' title="bbox 359 1103 1744 1202; baseline -0.003 -24"><span class='ocrx_word' id='word_1_32' title='bbox 359 1107 445 1202; x_wconf 90' lang='lat' dir='ltr'>galli</span> <span class='ocrx_word' id='word_1_33' title='bbox 473 1129 584 1200; x_wconf 90' lang='lat' dir='ltr'>supro</span> <span class='ocrx_word' id='word_1_34' title='bbox 610 1127 788 1192; x_wconf 87' lang='lat' dir='ltr'>mensam,</span> <span class='ocrx_word' id='word_1_35' title='bbox 816 1103 1062 1198; x_wconf 86' lang='lat' dir='ltr'>penitentiarii</span> <span class='ocrx_word' id='word_1_36' title='bbox 1084 1103 1253 1176; x_wconf 87' lang='lat' dir='ltr'>dixerunt</span> <span class='ocrx_word' id='word_1_37' title='bbox 1278 1103 1438 1174; x_wconf 82' lang='lat' dir='ltr'>osticium</span> <span class='ocrx_word' id='word_1_38' title='bbox 1464 1107 1677 1175; x_wconf 88' lang='lat' dir='ltr'>mortuorum</span> <span class='ocrx_word' id='word_1_39' title='bbox 1743 1103 1744 1174; x_wconf 74' lang='lat'>3</span> 
     </span>
     <span class='ocr_line' id='line_1_6' title="bbox 357 1207 1744 1323; baseline -0.004 -20"><span class='ocrx_word' id='word_1_40' title='bbox 357 1231 529 1304; x_wconf 92' lang='lat' dir='ltr'>continuo</span> <span class='ocrx_word' id='word_1_41' title='bbox 545 1230 582 1301; x_wconf 95' lang='lat' dir='ltr'>in</span> <span class='ocrx_word' id='word_1_42' title='bbox 599 1229 839 1316; x_wconf 84' lang='lat' dir='ltr'>anticamera3</span> <span class='ocrx_word' id='word_1_43' title='bbox 858 1233 894 1300; x_wconf 85' lang='lat' dir='ltr'>et</span> <span class='ocrx_word' id='word_1_44' title='bbox 914 1251 996 1300; x_wconf 80' lang='lat' dir='ltr'>crim</span> <span class='ocrx_word' id='word_1_45' title='bbox 1013 1227 1254 1323; x_wconf 70' lang='lat' dir='ltr'>pertransiret</span> <span class='ocrx_word' id='word_1_46' title='bbox 1269 1228 1436 1300; x_wconf 80' lang='lat' dir='ltr'>dixerunt</span> <span class='ocrx_word' id='word_1_47' title='bbox 1454 1253 1462 1299; x_wconf 76' lang='grc' dir='ltr'>ε</span> <span class='ocrx_word' id='word_1_48' title='bbox 1486 1227 1599 1298; x_wconf 84' lang='lat' dir='ltr'>Pater</span> <span class='ocrx_word' id='word_1_49' title='bbox 1616 1251 1679 1298; x_wconf 68' lang='lat' dir='ltr'>nias·</span> <span class='ocrx_word' id='word_1_50' title='bbox 1743 1207 1744 1260; x_wconf 59' lang='lat'><em>³</em></span> 
     </span>
     <span class='ocr_line' id='line_1_7' title="bbox 355 1335 1675 1448; baseline -0.005 -21"><span class='ocrx_word' id='word_1_51' title='bbox 355 1335 472 1444; x_wconf 18' lang='lat' dir='ltr'>tea-et</span> <span class='ocrx_word' id='word_1_52' title='bbox 497 1379 540 1426; x_wconf 83' lang='lat' dir='ltr'>ue</span> <span class='ocrx_word' id='word_1_53' title='bbox 565 1376 641 1439; x_wconf 83' lang='lat' dir='ltr'>nor,</span> <span class='ocrx_word' id='word_1_54' title='bbox 665 1364 744 1440; x_wconf 76' lang='lat' dir='ltr'>etc,</span> <span class='ocrx_word' id='word_1_55' title='bbox 764 1353 864 1424; x_wconf 82' lang='lat' dir='ltr'>Deus</span> <span class='ocrx_word' id='word_1_56' title='bbox 884 1353 946 1448; x_wconf 82' lang='lat' dir='ltr'>qui</span> <span class='ocrx_word' id='word_1_57' title='bbox 968 1353 1059 1423; x_wconf 83' lang='lat' dir='ltr'>inter</span> <span class='ocrx_word' id='word_1_58' title='bbox 1086 1353 1290 1446; x_wconf 71' lang='lat' dir='ltr'>apiostolicor</span> <span class='ocrx_word' id='word_1_59' title='bbox 1315 1352 1525 1438; x_wconf 81' lang='lat' dir='ltr'>sacerdotes,</span> <span class='ocrx_word' id='word_1_60' title='bbox 1550 1363 1631 1435; x_wconf 82' lang='lat' dir='ltr'>etc.,·</span> <span class='ocrx_word' id='word_1_61' title='bbox 1652 1359 1675 1422; x_wconf 87' lang='lat' dir='ltr'>rt</span> 
     </span>
     <span class='ocr_line' id='line_1_8' title="bbox 359 1476 1677 1573; baseline -0.005 -21"><span class='ocrx_word' id='word_1_62' title='bbox 359 1479 507 1552; x_wconf 88' lang='lat' dir='ltr'>osculati</span> <span class='ocrx_word' id='word_1_63' title='bbox 526 1484 609 1549; x_wconf 89' lang='lat' dir='ltr'>suut</span> <span class='ocrx_word' id='word_1_64' title='bbox 632 1477 742 1573; x_wconf 91' lang='lat' dir='ltr'>pedes</span> <span class='ocrx_word' id='word_1_65' title='bbox 761 1477 852 1571; x_wconf 78' lang='lat' dir='ltr'>ejus</span> <span class='ocrx_word' id='word_1_66' title='bbox 870 1480 1033 1548; x_wconf 87' lang='lat' dir='ltr'>Fuerunt</span> <span class='ocrx_word' id='word_1_67' title='bbox 1050 1500 1159 1572; x_wconf 91' lang='lat' dir='ltr'>super</span> <span class='ocrx_word' id='word_1_68' title='bbox 1175 1486 1330 1571; x_wconf 88' lang='lat' dir='ltr'>quatuor</span> <span class='ocrx_word' id='word_1_69' title='bbox 1346 1476 1578 1549; x_wconf 82' lang='lat' dir='ltr'>candelabris</span> <span class='ocrx_word' id='word_1_70' title='bbox 1602 1499 1677 1570; x_wconf 83' lang='lat' dir='ltr'>qna-</span> 
     </span>
     <span class='ocr_line' id='line_1_9' title="bbox 357 1600 1679 1696; baseline -0.008 -16"><span class='ocrx_word' id='word_1_71' title='bbox 357 1613 439 1680; x_wconf 89' lang='lat' dir='ltr'>tuor</span> <span class='ocrx_word' id='word_1_72' title='bbox 455 1602 639 1676; x_wconf 86' lang='lat' dir='ltr'>intorticia</span> <span class='ocrx_word' id='word_1_73' title='bbox 654 1601 716 1672; x_wconf 90' lang='lat' dir='ltr'>illa</span> <span class='ocrx_word' id='word_1_74' title='bbox 736 1624 818 1672; x_wconf 88' lang='lat' dir='ltr'>cum</span> <span class='ocrx_word' id='word_1_75' title='bbox 835 1600 964 1695; x_wconf 90' lang='lat' dir='ltr'>quibus</span> <span class='ocrx_word' id='word_1_76' title='bbox 989 1600 1270 1696; x_wconf 86' lang='lat' dir='ltr'>precedentibus</span> <span class='ocrx_word' id='word_1_77' title='bbox 1293 1601 1456 1673; x_wconf 88' lang='lat' dir='ltr'>diaconis</span> <span class='ocrx_word' id='word_1_78' title='bbox 1484 1602 1521 1672; x_wconf 92' lang='lat' dir='ltr'>in</span> <span class='ocrx_word' id='word_1_79' title='bbox 1543 1600 1679 1672; x_wconf 85' lang='lat' dir='ltr'>mantel·</span> 
     </span>
     <span class='ocr_line' id='line_1_10' title="bbox 354 1725 1744 1820; baseline -0.004 -21"><span class='ocrx_word' id='word_1_80' title='bbox 354 1729 397 1800; x_wconf 92' lang='lat' dir='ltr'>lis</span> <span class='ocrx_word' id='word_1_81' title='bbox 415 1751 497 1800; x_wconf 92' lang='lat' dir='ltr'>cum</span> <span class='ocrx_word' id='word_1_82' title='bbox 513 1749 632 1812; x_wconf 87' lang='lat' dir='ltr'>cruce,</span> <span class='ocrx_word' id='word_1_83' title='bbox 652 1732 886 1820; x_wconf 87' lang='lat' dir='ltr'>preterquam</span> <span class='ocrx_word' id='word_1_84' title='bbox 903 1731 1160 1820; x_wconf 89' lang='lat' dir='ltr'>precesserunt</span> <span class='ocrx_word' id='word_1_85' title='bbox 1177 1725 1372 1798; x_wconf 87' lang='lat' dir='ltr'>intorticia.</span> <span class='ocrx_word' id='word_1_86' title='bbox 1394 1730 1569 1798; x_wconf 87' lang='lat' dir='ltr'>Portatus</span> <span class='ocrx_word' id='word_1_87' title='bbox 1589 1725 1645 1796; x_wconf 88' lang='lat' dir='ltr'>luit</span> <span class='ocrx_word' id='word_1_88' title='bbox 1662 1749 1678 1794; x_wconf 85' lang='lat' dir='ltr'>n</span> <span class='ocrx_word' id='word_1_89' title='bbox 1743 1735 1744 1760; x_wconf 66' lang='lat'>¹</span> 
     </span>
     <span class='ocr_line' id='line_1_11' title="bbox 357 1849 1678 1948; baseline -0.003 -24"><span class='ocrx_word' id='word_1_90' title='bbox 357 1852 609 1948; x_wconf 86' lang='lat' dir='ltr'>paralrenariis</span> <span class='ocrx_word' id='word_1_91' title='bbox 631 1855 667 1923; x_wconf 87' lang='lat' dir='ltr'>et</span> <span class='ocrx_word' id='word_1_92' title='bbox 688 1852 766 1948; x_wconf 82' lang='lat' dir='ltr'>ejus</span> <span class='ocrx_word' id='word_1_93' title='bbox 792 1849 1002 1922; x_wconf 84' lang='lat' dir='ltr'>domesticis</span> <span class='ocrx_word' id='word_1_94' title='bbox 1026 1851 1071 1922; x_wconf 89' lang='lat' dir='ltr'>ad</span> <span class='ocrx_word' id='word_1_95' title='bbox 1093 1850 1270 1945; x_wconf 86' lang='lat' dir='ltr'>capellam</span> <span class='ocrx_word' id='word_1_96' title='bbox 1296 1853 1474 1947; x_wconf 86' lang='lat' dir='ltr'>majorem</span> <span class='ocrx_word' id='word_1_97' title='bbox 1508 1851 1567 1922; x_wconf 89' lang='lat' dir='ltr'>ubi</span> <span class='ocrx_word' id='word_1_98' title='bbox 1593 1851 1678 1920; x_wconf 83' lang='lat' dir='ltr'>stetit</span> 
     </span>
     <span class='ocr_line' id='line_1_12' title="bbox 356 1975 1677 2072; baseline -0.005 -22"><span class='ocrx_word' id='word_1_99' title='bbox 356 1979 401 2050; x_wconf 88' lang='lat' dir='ltr'>ad</span> <span class='ocrx_word' id='word_1_100' title='bbox 422 1981 578 2072; x_wconf 85' lang='lat' dir='ltr'>quatuor</span> <span class='ocrx_word' id='word_1_101' title='bbox 593 1976 704 2048; x_wconf 90' lang='lat' dir='ltr'>horas</span> <span class='ocrx_word' id='word_1_102' title='bbox 724 1975 779 2046; x_wconf 90' lang='lat' dir='ltr'>vel</span> <span class='ocrx_word' id='word_1_103' title='bbox 795 1975 952 2061; x_wconf 86' lang='lat' dir='ltr'>circiter,</span> <span class='ocrx_word' id='word_1_104' title='bbox 978 1979 1013 2046; x_wconf 86' lang='lat' dir='ltr'>ct</span> <span class='ocrx_word' id='word_1_105' title='bbox 1035 1997 1107 2046; x_wconf 92' lang='lat' dir='ltr'>non</span> <span class='ocrx_word' id='word_1_106' title='bbox 1126 1975 1191 2046; x_wconf 88' lang='lat' dir='ltr'>luit</span> <span class='ocrx_word' id='word_1_107' title='bbox 1207 1977 1333 2048; x_wconf 89' lang='lat' dir='ltr'>ordine</span> <span class='ocrx_word' id='word_1_108' title='bbox 1361 1976 1501 2048; x_wconf 91' lang='lat' dir='ltr'>dictum</span> <span class='ocrx_word' id='word_1_109' title='bbox 1531 1975 1677 2048; x_wconf 81' lang='lat' dir='ltr'>officium</span> 
     </span>
     <span class='ocr_line' id='line_1_13' title="bbox 355 2100 1677 2198; baseline -0.002 -24"><span class='ocrx_word' id='word_1_110' title='bbox 355 2111 593 2175; x_wconf 90' lang='lat' dir='ltr'>mortuorum.</span> <span class='ocrx_word' id='word_1_111' title='bbox 605 2104 779 2173; x_wconf 79' lang='lat' dir='ltr'>Centoras</span> <span class='ocrx_word' id='word_1_112' title='bbox 795 2101 908 2172; x_wconf 91' lang='lat' dir='ltr'>nostri</span> <span class='ocrx_word' id='word_1_113' title='bbox 925 2100 1048 2172; x_wconf 82' lang='lat' dir='ltr'>dicere</span> <span class='ocrx_word' id='word_1_114' title='bbox 1060 2100 1267 2189; x_wconf 88' lang='lat' dir='ltr'>noluerunt,</span> <span class='ocrx_word' id='word_1_115' title='bbox 1288 2101 1445 2198; x_wconf 85' lang='lat' dir='ltr'>religiosi</span> <span class='ocrx_word' id='word_1_116' title='bbox 1464 2101 1571 2174; x_wconf 90' lang='lat' dir='ltr'>tarde</span> <span class='ocrx_word' id='word_1_117' title='bbox 1583 2125 1677 2172; x_wconf 77' lang='lat' dir='ltr'>irne-</span> 
     </span>
     <span class='ocr_line' id='line_1_14' title="bbox 354 2224 1676 2300; baseline -0.005 0"><span class='ocrx_word' id='word_1_118' title='bbox 354 2237 439 2300; x_wconf 90' lang='lat' dir='ltr'>runt</span> <span class='ocrx_word' id='word_1_119' title='bbox 457 2253 464 2299; x_wconf 95' lang='lat'><strong>:</strong></span> <span class='ocrx_word' id='word_1_120' title='bbox 487 2229 581 2300; x_wconf 90' lang='lat' dir='ltr'>inter</span> <span class='ocrx_word' id='word_1_121' title='bbox 596 2235 758 2298; x_wconf 90' lang='lat' dir='ltr'>octavam</span> <span class='ocrx_word' id='word_1_122' title='bbox 776 2224 955 2296; x_wconf 87' lang='lat' dir='ltr'>decimam</span> <span class='ocrx_word' id='word_1_123' title='bbox 971 2225 1026 2295; x_wconf 80' lang='lat' dir='ltr'>vel</span> <span class='ocrx_word' id='word_1_124' title='bbox 1041 2247 1173 2296; x_wconf 88' lang='lat' dir='ltr'>nonam</span> <span class='ocrx_word' id='word_1_125' title='bbox 1188 2225 1367 2298; x_wconf 88' lang='lat' dir='ltr'>decimam</span> <span class='ocrx_word' id='word_1_126' title='bbox 1384 2227 1500 2299; x_wconf 87' lang='lat' dir='ltr'>horos</span> <span class='ocrx_word' id='word_1_127' title='bbox 1514 2233 1676 2298; x_wconf 88' lang='lat' dir='ltr'>venerunt</span> 
     </span>
     <span class='ocr_line' id='line_1_15' title="bbox 355 2349 1744 2494; baseline -0.004 -69"><span class='ocrx_word' id='word_1_128' title='bbox 355 2355 452 2427; x_wconf 90' lang='lat' dir='ltr'>circa</span> <span class='ocrx_word' id='word_1_129' title='bbox 478 2351 723 2448; x_wconf 85' lang='lat' dir='ltr'>quadraginta</span> <span class='ocrx_word' id='word_1_130' title='bbox 752 2349 949 2434; x_wconf 78' lang='lat' dir='ltr'>intertium,</span> <span class='ocrx_word' id='word_1_131' title='bbox 974 2372 1055 2422; x_wconf 93' lang='lat' dir='ltr'>cum</span> <span class='ocrx_word' id='word_1_132' title='bbox 1079 2350 1208 2444; x_wconf 89' lang='lat' dir='ltr'>quibus</span> <span class='ocrx_word' id='word_1_133' title='bbox 1229 2350 1371 2422; x_wconf 84' lang='lat' dir='ltr'>clericis</span> <span class='ocrx_word' id='word_1_134' title='bbox 1399 2356 1434 2424; x_wconf 92' lang='lat' dir='ltr'>et</span> <span class='ocrx_word' id='word_1_135' title='bbox 1465 2351 1677 2424; x_wconf 83' lang='lat' dir='ltr'>beneficiatis</span> <span class='ocrx_word' id='word_1_136' title='bbox 1743 2399 1744 2494; x_wconf 52' lang='lat' dir='ltr'>p</span> 
     </span>
     <span class='ocr_line' id='line_1_16' title="bbox 357 2475 1677 2574; baseline -0.003 -24"><span class='ocrx_word' id='word_1_137' title='bbox 357 2479 416 2551; x_wconf 89' lang='lat' dir='ltr'>illa</span> <span class='ocrx_word' id='word_1_138' title='bbox 431 2477 674 2574; x_wconf 90' lang='lat' dir='ltr'>portantibus.</span> <span class='ocrx_word' id='word_1_139' title='bbox 696 2475 777 2546; x_wconf 88' lang='lat' dir='ltr'>Fuit</span> <span class='ocrx_word' id='word_1_140' title='bbox 791 2481 958 2570; x_wconf 89' lang='lat' dir='ltr'>portatus</span> <span class='ocrx_word' id='word_1_141' title='bbox 974 2475 1020 2545; x_wconf 90' lang='lat' dir='ltr'>ad</span> <span class='ocrx_word' id='word_1_142' title='bbox 1036 2475 1221 2546; x_wconf 85' lang='lat' dir='ltr'>basilicam</span> <span class='ocrx_word' id='word_1_143' title='bbox 1241 2499 1270 2546; x_wconf 80' lang='lat' dir='ltr'>a.</span> <span class='ocrx_word' id='word_1_144' title='bbox 1288 2476 1381 2548; x_wconf 87' lang='lat' dir='ltr'>Petri</span> <span class='ocrx_word' id='word_1_145' title='bbox 1397 2500 1463 2572; x_wconf 92' lang='lat' dir='ltr'>per</span> <span class='ocrx_word' id='word_1_146' title='bbox 1482 2477 1563 2549; x_wconf 93' lang='lat' dir='ltr'>illos</span> <span class='ocrx_word' id='word_1_147' title='bbox 1582 2500 1677 2548; x_wconf 88' lang='lat' dir='ltr'>cano·</span> 
     </span>
     <span class='ocr_line' id='line_1_17' title="bbox 354 2597 1679 2698; baseline -0.003 -24"><span class='ocrx_word' id='word_1_148' title='bbox 354 2605 458 2676; x_wconf 88' lang='lat' dir='ltr'>nicos</span> <span class='ocrx_word' id='word_1_149' title='bbox 490 2625 556 2698; x_wconf 92' lang='lat' dir='ltr'>per</span> <span class='ocrx_word' id='word_1_150' title='bbox 581 2608 723 2696; x_wconf 90' lang='lat' dir='ltr'>portam</span> <span class='ocrx_word' id='word_1_151' title='bbox 751 2599 939 2671; x_wconf 84' lang='lat' dir='ltr'>lateralem</span> <span class='ocrx_word' id='word_1_152' title='bbox 966 2597 1012 2669; x_wconf 89' lang='lat' dir='ltr'>ad</span> <span class='ocrx_word' id='word_1_153' title='bbox 1040 2607 1181 2693; x_wconf 90' lang='lat' dir='ltr'>portam</span> <span class='ocrx_word' id='word_1_154' title='bbox 1214 2600 1512 2694; x_wconf 86' lang='lat' dir='ltr'>respondentem,</span> <span class='ocrx_word' id='word_1_155' title='bbox 1543 2607 1679 2696; x_wconf 85' lang='lat' dir='ltr'>propter</span> 
     </span>
     <span class='ocr_line' id='line_1_18' title="bbox 354 2723 1675 2823; baseline -0.005 -22"><span class='ocrx_word' id='word_1_156' title='bbox 354 2750 524 2823; x_wconf 88' lang='lat' dir='ltr'>magnam</span> <span class='ocrx_word' id='word_1_157' title='bbox 551 2725 721 2820; x_wconf 90' lang='lat' dir='ltr'>pluviam.</span> <span class='ocrx_word' id='word_1_158' title='bbox 744 2723 893 2817; x_wconf 88' lang='lat' dir='ltr'>Sequuti</span> <span class='ocrx_word' id='word_1_159' title='bbox 919 2731 1002 2793; x_wconf 91' lang='lat' dir='ltr'>sunt</span> <span class='ocrx_word' id='word_1_160' title='bbox 1024 2723 1181 2818; x_wconf 90' lang='lat' dir='ltr'>quinque</span> <span class='ocrx_word' id='word_1_161' title='bbox 1208 2723 1382 2820; x_wconf 84' lang='lat' dir='ltr'>episcopi,</span> <span class='ocrx_word' id='word_1_162' title='bbox 1401 2725 1572 2799; x_wconf 86' lang='lat' dir='ltr'>videlicet</span> <span class='ocrx_word' id='word_1_163' title='bbox 1596 2727 1675 2796; x_wconf 81' lang='lat' dir='ltr'>rica-</span> 
     </span>
     <span class='ocr_line' id='line_1_19' title="bbox 353 2847 1676 2937; baseline -0.002 -14"><span class='ocrx_word' id='word_1_164' title='bbox 353 2851 566 2937; x_wconf 87' lang='lat' dir='ltr'>rius-Urbis‚</span> <span class='ocrx_word' id='word_1_165' title='bbox 584 2847 828 2935; x_wconf 84' lang='lat' dir='ltr'>Zainorensis,</span> <span class='ocrx_word' id='word_1_166' title='bbox 855 2847 1040 2936; x_wconf 84' lang='lat' dir='ltr'>Senensis,</span> <span class='ocrx_word' id='word_1_167' title='bbox 1069 2847 1265 2921; x_wconf 84' lang='lat' dir='ltr'>Calicensis</span> <span class='ocrx_word' id='word_1_168' title='bbox 1286 2850 1480 2922; x_wconf 88' lang='lat' dir='ltr'>etelectus</span> <span class='ocrx_word' id='word_1_169' title='bbox 1501 2853 1676 2934; x_wconf 85' lang='lat' dir='ltr'>Sutrinus;</span> 
     </span>
     <span class='ocr_line' id='line_1_20' title="bbox 352 2972 1678 3072; baseline -0.002 -24"><span class='ocrx_word' id='word_1_170' title='bbox 352 3001 418 3072; x_wconf 89' lang='lat' dir='ltr'>per</span> <span class='ocrx_word' id='word_1_171' title='bbox 435 2975 594 3048; x_wconf 87' lang='lat' dir='ltr'>mediam</span> <span class='ocrx_word' id='word_1_172' title='bbox 616 2982 760 3068; x_wconf 90' lang='lat' dir='ltr'>portam</span> <span class='ocrx_word' id='word_1_173' title='bbox 781 2972 849 3043; x_wconf 87' lang='lat' dir='ltr'>luit</span> <span class='ocrx_word' id='word_1_174' title='bbox 870 2976 1033 3068; x_wconf 87' lang='lat' dir='ltr'>portatus</span> <span class='ocrx_word' id='word_1_175' title='bbox 1051 2995 1123 3044; x_wconf 91' lang='lat' dir='ltr'>non</span> <span class='ocrx_word' id='word_1_176' title='bbox 1145 2995 1210 3068; x_wconf 91' lang='lat' dir='ltr'>per</span> <span class='ocrx_word' id='word_1_177' title='bbox 1234 2996 1342 3067; x_wconf 87' lang='lat' dir='ltr'>quarn</span> <span class='ocrx_word' id='word_1_178' title='bbox 1367 2976 1487 3048; x_wconf 90' lang='lat' dir='ltr'>solent</span> <span class='ocrx_word' id='word_1_179' title='bbox 1509 2975 1678 3048; x_wconf 87' lang='lat' dir='ltr'>:decebat</span> 
     </span>
     <span class='ocr_line' id='line_1_21' title="bbox 359 3097 1677 3195; baseline -0.004 -22"><span class='ocrx_word' id='word_1_180' title='bbox 359 3101 478 3174; x_wconf 90' lang='lat' dir='ltr'>solum</span> <span class='ocrx_word' id='word_1_181' title='bbox 499 3103 632 3195; x_wconf 87' lang='lat' dir='ltr'>Papam</span> <span class='ocrx_word' id='word_1_182' title='bbox 657 3107 840 3170; x_wconf 91' lang='lat' dir='ltr'>mortuum</span> <span class='ocrx_word' id='word_1_183' title='bbox 866 3121 930 3192; x_wconf 91' lang='lat' dir='ltr'>per</span> <span class='ocrx_word' id='word_1_184' title='bbox 949 3097 1047 3169; x_wconf 91' lang='lat' dir='ltr'>illam</span> <span class='ocrx_word' id='word_1_185' title='bbox 1077 3098 1236 3169; x_wconf 86' lang='lat' dir='ltr'>mediam</span> <span class='ocrx_word' id='word_1_186' title='bbox 1265 3100 1417 3194; x_wconf 88' lang='lat' dir='ltr'>portari.</span> <span class='ocrx_word' id='word_1_187' title='bbox 1449 3101 1594 3173; x_wconf 87' lang='lat' dir='ltr'>Dictum</span> <span class='ocrx_word' id='word_1_188' title='bbox 1622 3101 1677 3170; x_wconf 86' lang='lat' dir='ltr'>luit</span> 
     </span>
     <span class='ocr_line' id='line_1_22' title="bbox 359 3222 1675 3318; baseline 0.002 -21"><span class='ocrx_word' id='word_1_189' title='bbox 359 3226 395 3298; x_wconf 93' lang='lat' dir='ltr'>in</span> <span class='ocrx_word' id='word_1_190' title='bbox 422 3225 540 3297; x_wconf 88' lang='lat' dir='ltr'>medio</span> <span class='ocrx_word' id='word_1_191' title='bbox 572 3222 724 3296; x_wconf 85' lang='lat' dir='ltr'>ecclesie</span> <span class='ocrx_word' id='word_1_192' title='bbox 754 3245 818 3318; x_wconf 92' lang='lat' dir='ltr'>per</span> <span class='ocrx_word' id='word_1_193' title='bbox 841 3245 952 3292; x_wconf 91' lang='lat' dir='ltr'>unum</span> <span class='ocrx_word' id='word_1_194' title='bbox 980 3228 1081 3293; x_wconf 84' lang='lat' dir='ltr'>extra</span> <span class='ocrx_word' id='word_1_195' title='bbox 1105 3222 1291 3294; x_wconf 85' lang='lat' dir='ltr'>canonicis</span> <span class='ocrx_word' id='word_1_196' title='bbox 1311 3250 1318 3293; x_wconf 90' lang='lat'>:</span> <span class='ocrx_word' id='word_1_197' title='bbox 1338 3223 1424 3294; x_wconf 83' lang='lat' dir='ltr'>Non</span> <span class='ocrx_word' id='word_1_198' title='bbox 1449 3225 1573 3315; x_wconf 82' lang='lat' dir='ltr'>intres,</span> <span class='ocrx_word' id='word_1_199' title='bbox 1605 3237 1675 3299; x_wconf 84' lang='lat' dir='ltr'>etr..</span> 
     </span>
     <span class='ocr_line' id='line_1_23' title="bbox 357 3345 1744 3456; baseline -0.004 -34"><span class='ocrx_word' id='word_1_200' title='bbox 357 3349 484 3422; x_wconf 79' lang='lat' dir='ltr'>Libera</span> <span class='ocrx_word' id='word_1_201' title='bbox 499 3373 567 3434; x_wconf 84' lang='lat' dir='ltr'>me,</span> <span class='ocrx_word' id='word_1_202' title='bbox 585 3361 648 3419; x_wconf 86' lang='lat' dir='ltr'>etc.</span> <span class='ocrx_word' id='word_1_203' title='bbox 659 3373 674 3435; x_wconf 91' lang='lat'><em>;</em></span> <span class='ocrx_word' id='word_1_204' title='bbox 690 3353 725 3419; x_wconf 93' lang='lat' dir='ltr'>et</span> <span class='ocrx_word' id='word_1_205' title='bbox 741 3345 872 3419; x_wconf 92' lang='lat' dir='ltr'>deinde</span> <span class='ocrx_word' id='word_1_206' title='bbox 892 3352 1056 3441; x_wconf 87' lang='lat' dir='ltr'>portatus</span> <span class='ocrx_word' id='word_1_207' title='bbox 1079 3346 1174 3417; x_wconf 89' lang='lat' dir='ltr'>intra</span> <span class='ocrx_word' id='word_1_208' title='bbox 1191 3347 1409 3436; x_wconf 88' lang='lat' dir='ltr'>cancellum,</span> <span class='ocrx_word' id='word_1_209' title='bbox 1429 3353 1465 3420; x_wconf 87' lang='lat' dir='ltr'>et</span> <span class='ocrx_word' id='word_1_210' title='bbox 1482 3349 1568 3421; x_wconf 92' lang='lat' dir='ltr'>illud</span> <span class='ocrx_word' id='word_1_211' title='bbox 1590 3348 1677 3419; x_wconf 88' lang='lat' dir='ltr'>clau·</span> <span class='ocrx_word' id='word_1_212' title='bbox 1743 3369 1744 3456; x_wconf 63' lang='lat' dir='ltr'>p</span> 
     </span>
     <span class='ocr_line' id='line_1_24' title="bbox 358 3470 1677 3568; baseline -0.004 -20"><span class='ocrx_word' id='word_1_213' title='bbox 358 3499 450 3562; x_wconf 90' lang='lat' dir='ltr'>sum,</span> <span class='ocrx_word' id='word_1_214' title='bbox 466 3474 525 3546; x_wconf 94' lang='lat' dir='ltr'>ubi</span> <span class='ocrx_word' id='word_1_215' title='bbox 543 3473 673 3544; x_wconf 87' lang='lat' dir='ltr'>mansit</span> <span class='ocrx_word' id='word_1_216' title='bbox 690 3495 802 3566; x_wconf 91' lang='lat' dir='ltr'>usque</span> <span class='ocrx_word' id='word_1_217' title='bbox 822 3471 865 3542; x_wconf 89' lang='lat' dir='ltr'>ad</span> <span class='ocrx_word' id='word_1_218' title='bbox 885 3470 981 3542; x_wconf 91' lang='lat' dir='ltr'>diem</span> <span class='ocrx_word' id='word_1_219' title='bbox 996 3470 1090 3566; x_wconf 83' lang='lat' dir='ltr'>jovis</span> <span class='ocrx_word' id='word_1_220' title='bbox 1114 3472 1206 3542; x_wconf 89' lang='lat' dir='ltr'>hora</span> <span class='ocrx_word' id='word_1_221' title='bbox 1220 3471 1421 3560; x_wconf 88' lang='lat' dir='ltr'>tertiarum,</span> <span class='ocrx_word' id='word_1_222' title='bbox 1441 3479 1476 3545; x_wconf 88' lang='lat' dir='ltr'>et</span> <span class='ocrx_word' id='word_1_223' title='bbox 1501 3477 1588 3546; x_wconf 90' lang='lat' dir='ltr'>tunc</span> <span class='ocrx_word' id='word_1_224' title='bbox 1604 3496 1677 3568; x_wconf 90' lang='lat' dir='ltr'>por·</span> 
     </span>
     <span class='ocr_line' id='line_1_25' title="bbox 357 3595 1744 3696; baseline -0.005 -23"><span class='ocrx_word' id='word_1_225' title='bbox 357 3606 454 3673; x_wconf 86' lang='lat' dir='ltr'>tatus</span> <span class='ocrx_word' id='word_1_226' title='bbox 488 3623 553 3696; x_wconf 89' lang='lat' dir='ltr'>per</span> <span class='ocrx_word' id='word_1_227' title='bbox 586 3596 868 3694; x_wconf 85' lang='lat' dir='ltr'>paralrenarios,</span> <span class='ocrx_word' id='word_1_228' title='bbox 904 3595 1184 3690; x_wconf 91' lang='lat' dir='ltr'>precedentibus</span> <span class='ocrx_word' id='word_1_229' title='bbox 1219 3596 1381 3690; x_wconf 92' lang='lat' dir='ltr'>pluribus</span> <span class='ocrx_word' id='word_1_230' title='bbox 1411 3598 1603 3671; x_wconf 89' lang='lat' dir='ltr'>intorticiis</span> <span class='ocrx_word' id='word_1_231' title='bbox 1639 3597 1677 3668; x_wconf 87' lang='lat' dir='ltr'>ad</span> <span class='ocrx_word' id='word_1_232' title='bbox 1743 3633 1744 3694; x_wconf 56' lang='lat' dir='ltr'>p</span> 
     </span>
     <span class='ocr_line' id='line_1_26' title="bbox 358 3719 1679 3820; baseline -0.004 -24"><span class='ocrx_word' id='word_1_233' title='bbox 358 3725 532 3820; x_wconf 85' lang='lat' dir='ltr'>capellam</span> <span class='ocrx_word' id='word_1_234' title='bbox 545 3747 573 3794; x_wconf 93' lang='lat' dir='ltr'>s.</span> <span class='ocrx_word' id='word_1_235' title='bbox 586 3721 766 3816; x_wconf 80' lang='lat' dir='ltr'>Gregorii,</span> <span class='ocrx_word' id='word_1_236' title='bbox 789 3719 983 3806; x_wconf 87' lang='lat' dir='ltr'>etibidem,</span> <span class='ocrx_word' id='word_1_237' title='bbox 1004 3726 1085 3815; x_wconf 88' lang='lat' dir='ltr'>post</span> <span class='ocrx_word' id='word_1_238' title='bbox 1102 3720 1249 3792; x_wconf 88' lang='lat' dir='ltr'>missam</span> <span class='ocrx_word' id='word_1_239' title='bbox 1266 3745 1332 3817; x_wconf 91' lang='lat' dir='ltr'>per</span> <span class='ocrx_word' id='word_1_240' title='bbox 1351 3724 1550 3816; x_wconf 89' lang='lat' dir='ltr'>quemdam</span> <span class='ocrx_word' id='word_1_241' title='bbox 1568 3745 1679 3794; x_wconf 89' lang='lat' dir='ltr'>sacer·</span> 
     </span>
     <span class='ocr_line' id='line_1_27' title="bbox 357 3844 1678 3942; baseline -0.002 -24"><span class='ocrx_word' id='word_1_242' title='bbox 357 3848 550 3942; x_wconf 89' lang='lat' dir='ltr'>dotempro</span> <span class='ocrx_word' id='word_1_243' title='bbox 564 3845 743 3917; x_wconf 76' lang='lat' dir='ltr'>defunctis</span> <span class='ocrx_word' id='word_1_244' title='bbox 759 3845 904 3933; x_wconf 87' lang='lat' dir='ltr'>lectam,</span> <span class='ocrx_word' id='word_1_245' title='bbox 920 3844 1084 3939; x_wconf 88' lang='lat' dir='ltr'>sepultus</span> <span class='ocrx_word' id='word_1_246' title='bbox 1095 3844 1130 3914; x_wconf 93' lang='lat' dir='ltr'>in</span> <span class='ocrx_word' id='word_1_247' title='bbox 1151 3845 1339 3940; x_wconf 90' lang='lat' dir='ltr'>sepultura</span> <span class='ocrx_word' id='word_1_248' title='bbox 1353 3871 1418 3942; x_wconf 87' lang='lat' dir='ltr'>per</span> <span class='ocrx_word' id='word_1_249' title='bbox 1429 3849 1678 3919; x_wconf 89' lang='lat' dir='ltr'>eumordinata</span> 
     </span>
     <span class='ocr_line' id='line_1_28' title="bbox 357 3949 1744 4068; baseline -0.003 -24"><span class='ocrx_word' id='word_1_250' title='bbox 357 3973 441 4044; x_wconf 94' lang='lat' dir='ltr'>dum</span> <span class='ocrx_word' id='word_1_251' title='bbox 460 3973 603 4042; x_wconf 86' lang='lat' dir='ltr'>viveret.</span> <span class='ocrx_word' id='word_1_252' title='bbox 626 3969 835 4041; x_wconf 82' lang='lat' dir='ltr'>Cardinales</span> <span class='ocrx_word' id='word_1_253' title='bbox 853 3969 1001 4041; x_wconf 88' lang='lat' dir='ltr'>luerunt</span> <span class='ocrx_word' id='word_1_254' title='bbox 1017 3970 1218 4056; x_wconf 87' lang='lat' dir='ltr'>convocati,</span> <span class='ocrx_word' id='word_1_255' title='bbox 1238 3975 1319 4064; x_wconf 89' lang='lat' dir='ltr'>post</span> <span class='ocrx_word' id='word_1_256' title='bbox 1347 3971 1486 4043; x_wconf 91' lang='lat' dir='ltr'>obitum</span> <span class='ocrx_word' id='word_1_257' title='bbox 1506 3977 1613 4068; x_wconf 83' lang='lat' dir='ltr'>Papo,</span> <span class='ocrx_word' id='word_1_258' title='bbox 1640 3969 1678 4040; x_wconf 88' lang='lat' dir='ltr'>ab</span> <span class='ocrx_word' id='word_1_259' title='bbox 1743 3949 1744 4040; x_wconf 48' lang='lat' dir='ltr'>J</span> 
     </span>
     <span class='ocr_line' id='line_1_29' title="bbox 356 4093 1674 4193; baseline 0.001 -25"><span class='ocrx_word' id='word_1_260' title='bbox 356 4099 448 4169; x_wconf 86' lang='lat' dir='ltr'>hora</span> <span class='ocrx_word' id='word_1_261' title='bbox 459 4096 581 4190; x_wconf 87' lang='lat' dir='ltr'>quinta</span> <span class='ocrx_word' id='word_1_262' title='bbox 594 4095 856 4189; x_wconf 85' lang='lat' dir='ltr'>decimansquc</span> <span class='ocrx_word' id='word_1_263' title='bbox 867 4094 912 4166; x_wconf 89' lang='lat' dir='ltr'>ad</span> <span class='ocrx_word' id='word_1_264' title='bbox 925 4093 1104 4165; x_wconf 88' lang='lat' dir='ltr'>decimam</span> <span class='ocrx_word' id='word_1_265' title='bbox 1118 4101 1281 4167; x_wconf 87' lang='lat' dir='ltr'>octavam</span> <span class='ocrx_word' id='word_1_266' title='bbox 1299 4095 1336 4165; x_wconf 92' lang='lat' dir='ltr'>in</span> <span class='ocrx_word' id='word_1_267' title='bbox 1352 4095 1436 4168; x_wconf 91' lang='lat' dir='ltr'>aula</span> <span class='ocrx_word' id='word_1_268' title='bbox 1455 4097 1674 4193; x_wconf 70' lang='lat' dir='ltr'>pontificum,</span> 
     </span>
     <span class='ocr_line' id='line_1_30' title="bbox 357 4217 1675 4318; baseline 0.003 -25"><span class='ocrx_word' id='word_1_269' title='bbox 357 4231 391 4294; x_wconf 91' lang='lat' dir='ltr'>et</span> <span class='ocrx_word' id='word_1_270' title='bbox 417 4221 677 4316; x_wconf 88' lang='lat' dir='ltr'>deputaverunt</span> <span class='ocrx_word' id='word_1_271' title='bbox 695 4217 1011 4312; x_wconf 89' lang='lat' dir='ltr'>archiepiscopum</span> <span class='ocrx_word' id='word_1_272' title='bbox 1026 4218 1261 4290; x_wconf 90' lang='lat' dir='ltr'>Tarentinum</span> <span class='ocrx_word' id='word_1_273' title='bbox 1278 4243 1344 4314; x_wconf 93' lang='lat' dir='ltr'>pro</span> <span class='ocrx_word' id='word_1_274' title='bbox 1363 4220 1531 4293; x_wconf 87' lang='lat' dir='ltr'>custodia</span> <span class='ocrx_word' id='word_1_275' title='bbox 1549 4220 1675 4318; x_wconf 76' lang='lat' dir='ltr'>palatii,</span> 
     </span>
     <span class='ocr_line' id='line_1_31' title="bbox 356 4343 1675 4442; baseline -0.004 -24"><span class='ocrx_word' id='word_1_276' title='bbox 356 4351 393 4418; x_wconf 87' lang='lat' dir='ltr'>et</span> <span class='ocrx_word' id='word_1_277' title='bbox 409 4345 538 4418; x_wconf 89' lang='lat' dir='ltr'>eadem</span> <span class='ocrx_word' id='word_1_278' title='bbox 553 4343 611 4416; x_wconf 91' lang='lat' dir='ltr'>die</span> <span class='ocrx_word' id='word_1_279' title='bbox 631 4343 646 4414; x_wconf 84' lang='lat' dir='ltr'>s</span> <span class='ocrx_word' id='word_1_280' title='bbox 648 4343 698 4414; x_wconf 87' lang='lat' dir='ltr'>uit</span> <span class='ocrx_word' id='word_1_281' title='bbox 713 4351 930 4414; x_wconf 89' lang='lat' dir='ltr'>conventum</span> <span class='ocrx_word' id='word_1_282' title='bbox 947 4364 1029 4413; x_wconf 91' lang='lat' dir='ltr'>cum</span> <span class='ocrx_word' id='word_1_283' title='bbox 1049 4343 1223 4440; x_wconf 89' lang='lat' dir='ltr'>magistro</span> <span class='ocrx_word' id='word_1_284' title='bbox 1237 4345 1367 4417; x_wconf 89' lang='lat' dir='ltr'>Baccio</span> <span class='ocrx_word' id='word_1_285' title='bbox 1380 4346 1476 4439; x_wconf 91' lang='lat' dir='ltr'>quod</span> <span class='ocrx_word' id='word_1_286' title='bbox 1494 4371 1561 4442; x_wconf 92' lang='lat' dir='ltr'>per</span> <span class='ocrx_word' id='word_1_287' title='bbox 1575 4353 1675 4418; x_wconf 92' lang='lat' dir='ltr'>totam</span> 
     </span>
    </p>
   </div>
   <div class='ocr_carea' id='block_1_3' title="bbox 353 4577 1674 4836">
    <p class='ocr_par' dir='ltr' id='par_1_3' title="bbox 353 4577 1674 4836">
     <span class='ocr_line' id='line_1_32' title="bbox 355 4577 1674 4660; baseline -0.007 -18"><span class='ocrx_word' id='word_1_288' title='bbox 355 4604 438 4660; x_wconf 86' lang='lat' dir='ltr'>quam</span> <span class='ocrx_word' id='word_1_289' title='bbox 460 4585 611 4639; x_wconf 86' lang='lat' dir='ltr'>facerem...</span> <span class='ocrx_word' id='word_1_290' title='bbox 632 4603 646 4630; x_wconf 90' lang='lat'>»</span> <span class='ocrx_word' id='word_1_291' title='bbox 663 4577 715 4634; x_wconf 93' lang='lat' dir='ltr'>lib.</span> <span class='ocrx_word' id='word_1_292' title='bbox 743 4579 802 4646; x_wconf 90' lang='lat' dir='ltr'>Vll,</span> <span class='ocrx_word' id='word_1_293' title='bbox 824 4579 905 4651; x_wconf 85' lang='lat' dir='ltr'>epist.</span> <span class='ocrx_word' id='word_1_294' title='bbox 928 4580 945 4633; x_wconf 92' lang='lat'>8</span> <span class='ocrx_word' id='word_1_295' title='bbox 967 4579 1100 4649; x_wconf 81' lang='lat' dir='ltr'>(Hinaldi,</span> <span class='ocrx_word' id='word_1_296' title='bbox 1126 4599 1156 4652; x_wconf 92' lang='lat' dir='ltr'>p.</span> <span class='ocrx_word' id='word_1_297' title='bbox 1181 4581 1255 4650; x_wconf 69' lang='lat'><strong>394).</strong></span> <span class='ocrx_word' id='word_1_298' title='bbox 1279 4581 1315 4637; x_wconf 90' lang='lat' dir='ltr'>Le</span> <span class='ocrx_word' id='word_1_299' title='bbox 1336 4587 1414 4655; x_wconf 77' lang='lat' dir='ltr'>poete</span> <span class='ocrx_word' id='word_1_300' title='bbox 1436 4583 1543 4657; x_wconf 83' lang='lat' dir='ltr'>Angelo</span> <span class='ocrx_word' id='word_1_301' title='bbox 1567 4579 1674 4644; x_wconf 88' lang='lat' dir='ltr'>Coluoci,</span> 
     </span>
     <span class='ocr_line' id='line_1_33' title="bbox 355 4667 1674 4745; baseline -0.007 -15"><span class='ocrx_word' id='word_1_302' title='bbox 355 4677 423 4730; x_wconf 88' lang='lat' dir='ltr'>dans</span> <span class='ocrx_word' id='word_1_303' title='bbox 435 4671 581 4745; x_wconf 78' lang='lat' dir='ltr'>l&#39;epitapbe</span> <span class='ocrx_word' id='word_1_304' title='bbox 597 4667 662 4741; x_wconf 89' lang='lat' dir='ltr'>qu’il</span> <span class='ocrx_word' id='word_1_305' title='bbox 684 4685 815 4740; x_wconf 84' lang='lat' dir='ltr'>composa</span> <span class='ocrx_word' id='word_1_306' title='bbox 828 4685 898 4740; x_wconf 86' lang='lat' dir='ltr'>pour</span> <span class='ocrx_word' id='word_1_307' title='bbox 912 4685 942 4722; x_wconf 88' lang='lat' dir='ltr'>ce</span> <span class='ocrx_word' id='word_1_308' title='bbox 962 4669 1076 4740; x_wconf 87' lang='lat' dir='ltr'>pontile,</span> <span class='ocrx_word' id='word_1_309' title='bbox 1095 4669 1200 4725; x_wconf 81' lang='lat' dir='ltr'>celebre</span> <span class='ocrx_word' id='word_1_310' title='bbox 1216 4688 1260 4726; x_wconf 85' lang='lat' dir='ltr'>ses</span> <span class='ocrx_word' id='word_1_311' title='bbox 1275 4679 1367 4727; x_wconf 88' lang='lat' dir='ltr'>vertus</span> <span class='ocrx_word' id='word_1_312' title='bbox 1383 4679 1410 4727; x_wconf 87' lang='lat' dir='ltr'>et</span> <span class='ocrx_word' id='word_1_313' title='bbox 1424 4671 1508 4728; x_wconf 77' lang='lat' dir='ltr'>detrit</span> <span class='ocrx_word' id='word_1_314' title='bbox 1523 4672 1548 4728; x_wconf 89' lang='lat' dir='ltr'>la</span> <span class='ocrx_word' id='word_1_315' title='bbox 1561 4669 1674 4726; x_wconf 73' lang='lat' dir='ltr'>memoire</span> 
     </span>
     <span class='ocr_line' id='line_1_34' title="bbox 353 4755 1579 4836; baseline -0.004 -16"><span class='ocrx_word' id='word_1_316' title='bbox 353 4764 387 4820; x_wconf 90' lang='lat' dir='ltr'>de</span> <span class='ocrx_word' id='word_1_317' title='bbox 402 4781 452 4820; x_wconf 88' lang='lat' dir='ltr'>son</span> <span class='ocrx_word' id='word_1_318' title='bbox 467 4762 674 4836; x_wconf 79' lang='lat' dir='ltr'>predecesseur‚</span> <span class='ocrx_word' id='word_1_319' title='bbox 691 4756 843 4812; x_wconf 85' lang='lat' dir='ltr'>dlexondre</span> <span class='ocrx_word' id='word_1_320' title='bbox 858 4755 904 4824; x_wconf 91' lang='lat' dir='ltr'>Vl,</span> <span class='ocrx_word' id='word_1_321' title='bbox 922 4757 971 4830; x_wconf 89' lang='lat' dir='ltr'>qui</span> <span class='ocrx_word' id='word_1_322' title='bbox 988 4757 1061 4814; x_wconf 85' lang='lat' dir='ltr'>avait</span> <span class='ocrx_word' id='word_1_323' title='bbox 1073 4757 1167 4813; x_wconf 77' lang='lat' dir='ltr'>souille</span> <span class='ocrx_word' id='word_1_324' title='bbox 1182 4758 1208 4814; x_wconf 86' lang='lat' dir='ltr'>la</span> <span class='ocrx_word' id='word_1_325' title='bbox 1223 4759 1314 4815; x_wconf 85' lang='lat' dir='ltr'>chaire</span> <span class='ocrx_word' id='word_1_326' title='bbox 1326 4761 1361 4815; x_wconf 91' lang='lat' dir='ltr'>de</span> <span class='ocrx_word' id='word_1_327' title='bbox 1376 4761 1579 4817; x_wconf 84' lang='lat' dir='ltr'>Saint-Pierre:</span> 
     </span>
    </p>
   </div>
   <div class='ocr_carea' id='block_1_4' title="bbox 617 4897 1401 5176">
    <p class='ocr_par' dir='ltr' id='par_1_4' title="bbox 620 4897 1401 5033">
     <span class='ocr_line' id='line_1_35' title="bbox 620 4897 1401 4966; baseline 0.004 -18"><span class='ocrx_word' id='word_1_328' title='bbox 620 4899 719 4948; x_wconf 78' lang='lat' dir='ltr'>Tertius</span> <span class='ocrx_word' id='word_1_329' title='bbox 733 4897 774 4946; x_wconf 86' lang='lat' dir='ltr'>bic</span> <span class='ocrx_word' id='word_1_330' title='bbox 793 4899 854 4947; x_wconf 80' lang='lat' dir='ltr'>Pius</span> <span class='ocrx_word' id='word_1_331' title='bbox 869 4902 905 4947; x_wconf 83' lang='lat' dir='ltr'>est</span> <span class='ocrx_word' id='word_1_332' title='bbox 920 4899 965 4963; x_wconf 84' lang='lat' dir='ltr'>qui</span> <span class='ocrx_word' id='word_1_333' title='bbox 979 4913 1110 4948; x_wconf 83' lang='lat' dir='ltr'>summum</span> <span class='ocrx_word' id='word_1_334' title='bbox 1128 4899 1165 4950; x_wconf 84' lang='lat' dir='ltr'>ad</span> <span class='ocrx_word' id='word_1_335' title='bbox 1180 4900 1282 4951; x_wconf 80' lang='lat' dir='ltr'>cutmen</span> <span class='ocrx_word' id='word_1_336' title='bbox 1296 4901 1329 4951; x_wconf 84' lang='lat' dir='ltr'>ab</span> <span class='ocrx_word' id='word_1_337' title='bbox 1343 4903 1401 4966; x_wconf 81' lang='lat' dir='ltr'>ipso</span> 
     </span>
     <span class='ocr_line' id='line_1_36' title="bbox 689 4970 1173 5033; baseline 0.006 -16"><span class='ocrx_word' id='word_1_338' title='bbox 689 4970 787 5018; x_wconf 79' lang='lat' dir='ltr'>Virtute</span> <span class='ocrx_word' id='word_1_339' title='bbox 801 4975 908 5032; x_wconf 80' lang='lat' dir='ltr'>evectus,</span> <span class='ocrx_word' id='word_1_340' title='bbox 927 4972 1050 5033; x_wconf 73' lang='lat' dir='ltr'>protimus</span> <span class='ocrx_word' id='word_1_341' title='bbox 1065 4971 1173 5020; x_wconf 82' lang='lat' dir='ltr'>interiit.</span> 
     </span>
    </p>

    <p class='ocr_par' dir='ltr' id='par_1_5' title="bbox 617 5041 1293 5176">
     <span class='ocr_line' id='line_1_37' title="bbox 617 5041 1293 5106; baseline 0.007 -16"><span class='ocrx_word' id='word_1_342' title='bbox 617 5041 669 5090; x_wconf 86' lang='lat' dir='ltr'>Nec</span> <span class='ocrx_word' id='word_1_343' title='bbox 684 5043 789 5100; x_wconf 81' lang='lat' dir='ltr'>mirum,</span> <span class='ocrx_word' id='word_1_344' title='bbox 803 5041 865 5104; x_wconf 85' lang='lat' dir='ltr'>quta</span> <span class='ocrx_word' id='word_1_345' title='bbox 877 5043 947 5102; x_wconf 75' lang='lat' dir='ltr'>peste</span> <span class='ocrx_word' id='word_1_346' title='bbox 960 5044 1029 5102; x_wconf 86' lang='lat' dir='ltr'>atra,</span> <span class='ocrx_word' id='word_1_347' title='bbox 1046 5044 1092 5106; x_wconf 85' lang='lat' dir='ltr'>qui</span> <span class='ocrx_word' id='word_1_348' title='bbox 1105 5042 1209 5092; x_wconf 80' lang='lat' dir='ltr'>sederat</span> <span class='ocrx_word' id='word_1_349' title='bbox 1222 5049 1293 5101; x_wconf 84' lang='lat' dir='ltr'>ante.</span> 
     </span>
     <span class='ocr_line' id='line_1_38' title="bbox 682 5111 1204 5176; baseline 0.01 -16"><span class='ocrx_word' id='word_1_350' title='bbox 682 5113 776 5161; x_wconf 70' lang='lat' dir='ltr'>Sextus</span> <span class='ocrx_word' id='word_1_351' title='bbox 787 5111 936 5161; x_wconf 68' lang='lat' dir='ltr'>Alexander</span> <span class='ocrx_word' id='word_1_352' title='bbox 947 5112 1081 5176; x_wconf 83' lang='lat' dir='ltr'>polluerat</span> <span class='ocrx_word' id='word_1_353' title='bbox 1097 5113 1204 5165; x_wconf 81' lang='lat' dir='ltr'>solium.</span> 
     </span>
    </p>
   </div>
   <div class='ocr_carea' id='block_1_5' title="bbox 1097 5244 1452 5321">
    <p class='ocr_par' dir='ltr' id='par_1_6' title="bbox 1097 5244 1452 5321">
     <span class='ocr_line' id='line_1_39' title="bbox 1097 5244 1452 5321; baseline 0.014 -23"><span class='ocrx_word' id='word_1_354' title='bbox 1097 5244 1320 5317; x_wconf 72' lang='lat' dir='ltr'>(Colottitlpera,</span> <span class='ocrx_word' id='word_1_355' title='bbox 1337 5267 1362 5321; x_wconf 89' lang='lat' dir='ltr'>p.</span> <span class='ocrx_word' id='word_1_356' title='bbox 1382 5251 1452 5318; x_wconf 74' lang='lat'>¹12),</span> 
     </span>
    </p>
   </div>
   <div class='ocr_carea' id='block_1_6' title="bbox 0 0 1758 6034">
    <p class='ocr_par' dir='ltr' id='par_1_7' title="bbox 0 0 1758 6034">
     <span class='ocr_line' id='line_1_40' title="bbox 0 0 1758 6034; baseline 0 4"><span class='ocrx_word' id='word_1_357' title='bbox 0 0 1758 6034; x_wconf 95' lang='lat' dir='ltr'> </span> 
     </span>
    </p>
   </div>
  </div>
 </body>
</html>
