3590 6042
100 619 160 683 [blei
175 617 251 679 {stol
444 615 570 672 RERUM
596 609 821 670 unssnnnnun
843 608 1107 668 connunrnnu.
1404 613 1435 668 ll

100 775 260 847 bancum
292 767 556 858 cardinalium3
578 767 790 841 debuissent
816 789 884 862 pro
910 789 973 838 sex
999 764 1133 862 palmis
1157 763 1268 836 luisse
1294 763 1436 860 palmos

100 895 331 994 quindecim,
367 893 465 992 quod
493 893 620 967 luisset
653 891 756 965 valde
786 891 1044 963 commodum:
1073 890 1171 985 quod
1202 888 1339 962 adverti
1368 913 1436 986 pro

101 1022 170 1094 alia
187 1020 283 1092 rice.
307 1021 552 1091 Funestornm
570 1017 719 1089 luerunt
737 1015 1012 1112 quinquaginta,
1039 1015 1100 1110 qui
1126 1014 1302 1086 sederunt
1325 1013 1435 1086 aflne

102 1144 209 1220 castri
226 1143 321 1215 hinc
341 1143 491 1230 atinde,
513 1147 549 1214 et
566 1142 602 1214 in
620 1164 692 1214 uno
711 1163 861 1214 scamno
878 1138 1128 1213 transversali.
1148 1141 1254 1212 Juxta
1271 1144 1434 1212 castrum

102 1269 249 1341 luerunt
286 1269 571 1364 quatuordecim
608 1266 790 1340 intortitia
822 1290 843 1338 a
874 1266 1038 1360 quolibet
1075 1264 1333 1338 latere-Cera
1365 1289 1433 1362 pro

103 1392 235 1492 populo
256 1397 297 1465 et
320 1391 540 1465 officialibus
562 1391 725 1488 reposita
747 1389 814 1462 luit
836 1389 873 1462 in
896 1389 1038 1486 capella
1060 1389 1431 1486 penitentiariorum3

104 1541 167 1617 pro
194 1517 452 1590 cardinalibus
474 1523 610 1602 autem,
638 1515 803 1612 prelatis
833 1514 983 1587 lunestis
1008 1519 1044 1586 at
1069 1514 1149 1587 aliis
1175 1514 1430 1603 servientibus,

105 1645 137 1714 in
158 1642 277 1714 choro
303 1642 469 1738 reposita
489 1641 558 1713 luit
580 1643 616 1712 in
640 1639 784 1736 capella
806 1639 1004 1712 cardinalis
1030 1638 1231 1736 Spoletani.
1257 1638 1435 1711 Interlue-

104 1771 185 1839 runt
211 1766 392 1839 undecim
420 1765 641 1848 cardinales,
667 1763 836 1837 videlicet
861 1764 1134 1852 Racanatensis,
1163 1787 1192 1836 s.
1223 1762 1433 1852 Clementia,

105 1893 395 1978 Beneventanus,
426 1914 455 1962 s.
487 1889 675 1978 Praxadis,
706 1889 870 1977 Ursinus,
907 1888 1189 1976 Alexandrinus,
1226 1911 1273 1961 s.-
1292 1888 1432 1978 Gracia,

104 2015 376 2112 Agrigentinus,
408 2015 579 2088 Senensis
607 2018 643 2086 at
668 2014 877 2103 Cesarinus,
899 2037 1056 2109 quorum
1075 2018 1246 2109 quatuor,
1267 2011 1437 2086 videlicet

106 2141 267 2218 Ursinus,
308 2140 590 2227 Alexandrinus,
629 2163 659 2211 s.
690 2139 830 2227 Crucis,
858 2140 1118 2236 Agrigentinus
1146 2135 1364 2235 [astiterunt]
1395 2135 1434 2234 (l)

106 2267 274 2361 Capuano
294 2264 513 2338 celebranti.

151 2390 288 2462 Eadem
312 2389 383 2477 die,
404 2393 530 2462 Rmus.
557 2393 601 2462 D.
628 2389 825 2461 cardinalis
851 2387 1199 2474 vice-cancellarius,
1229 2387 1290 2482 qui
1312 2391 1434 2463 Vane-

107 2515 173 2592 liis.
194 2514 231 2586 in
251 2513 439 2611 principio
456 2513 566 2611 hujus
584 2513 733 2602 marsia,
760 2539 782 2587 a
803 2514 952 2590 Venalis
971 2512 1207 2608 consignatus
1225 2511 1292 2584 luit
1310 2517 1434 2584 orato·
1464 2492 1468 2501 ¹

108 2639 201 2710 ribus
219 2639 328 2734 regis
346 2641 573 2710 Francorum
591 2636 652 2736 (1),
674 2639 711 2710 in
729 2639 923 2711 Franciam
940 2636 1140 2724 ducendus,
1163 2659 1246 2708 cum
1266 2636 1435 2708 omnibus

110 2762 381 2859 protonotariis,
413 2762 605 2836 abbatibus
628 2767 665 2835 et
691 2763 844 2860 prelatis
867 2785 990 2834 secum
1012 2783 1129 2857 nuper
1146 2761 1266 2856 ‘captis
1292 2759 1436 2833 intravit

111 2889 358 2960 lladiolanum
384 2887 421 2959 in
446 2887 616 2961 rochetto
644 2892 681 2960 et
706 2887 881 2961 mantello
907 2886 951 2958 de
976 2885 1210 2959 oiambelloto
1236 2890 1272 2958 et
1295 2883 1436 2981 capello

109 3012 219 3108 nigro,
233 3018 271 3085 et
293 3017 377 3108 post
395 3035 479 3084 aum
499 3013 755 3108 protonotarii,
771 3012 921 3084 abbatas
936 3017 972 3084 et
988 3011 1119 3108 prelati
1136 3009 1290 3106 predicti
1306 3009 1435 3082 vilibus

109 3139 203 3232 equis
225 3139 453 3226 insedentes,
482 3137 634 3232 pedibus
660 3137 728 3209 sub
754 3137 856 3233 equis
889 3135 1082 3232 colligatis,
1111 3135 1314 3208 successive
1343 3157 1434 3207 unus

110 3269 181 3356 post
202 3261 322 3334 alium
347 3261 565 3357 equitantes,
587 3261 750 3334 amultis
768 3261 1002 3356 stipendariis
1026 3260 1125 3356 regis
1149 3259 1303 3332 Francia
1332 3281 1432 3331 asso-

109 3387 315 3468 ciati,ducti
329 3386 477 3460 luerunt
491 3387 536 3459 ad
550 3391 712 3460 castrum
723 3385 1005 3474 Mediolanense,
1018 3386 1149 3458 deinde
1164 3385 1209 3458 ad
1220 3385 1427 3457 Franciam.

152 3511 257 3584 Faria
303 3511 426 3600 tertia,
471 3516 514 3583 19
553 3511 642 3584 dicti
680 3510 817 3582 mensis
853 3511 953 3601 maii,
992 3515 1116 3583 Rmus.
1153 3513 1197 3582 D.
1233 3507 1430 3582 cardinalis

111 3635 262 3709 lledicas
282 3637 346 3732 qui
366 3640 449 3709 ante
466 3637 588 3733 plures
608 3659 753 3709 menses
771 3637 925 3708 recessit
949 3660 993 3708 ex
1012 3636 1123 3723 Urbe,
1151 3634 1267 3706 iturus
1284 3633 1330 3705 ad
1347 3632 1433 3704 Ale-

112 3759 264 3832 maniam
294 3783 380 3833 cum
407 3761 533 3859 paucis
562 3785 606 3833 ex
632 3760 708 3834 suis
736 3765 819 3834 octo
846 3761 901 3833 uel
928 3760 1040 3849 circa,
1072 3761 1107 3832 in
1133 3758 1261 3832 habitu
1287 3779 1432 3830 merca-

143 4035 166 4090 l.
187 4035 304 4092 Etienne
315 4035 349 4092 de
360 4037 430 4094 Vesc
442 4043 470 4094 et
479 4035 612 4094 Philibert
626 4037 660 4092 de
675 4035 991 4094 Clermont-lllontoison.
1004 4037 1073 4111 Voy.
1090 4036 1207 4104 Sanuto,
1220 4041 1241 4092 t.
1252 4034 1302 4104 ΙΙΙ,
1313 4032 1364 4092 col.
1380 4035 1434 4090 250

112 4129 136 4178 at
148 4123 215 4183 suir.
231 4125 281 4198 qui
295 4132 373 4182 entre
387 4125 457 4182 dans
471 4125 511 4182 les
523 4125 585 4200 plus
601 4126 704 4199 grands
720 4125 817 4183 details
831 4143 880 4183 sur
896 4125 924 4182 la
936 4125 1049 4182 mirsion
1064 4127 1113 4182 des
1131 4123 1342 4181 ambassadeura
1361 4121 1433 4180 iran-

115 4211 182 4280 oeis;
206 4214 276 4270 Jenn
295 4214 426 4284 d'Auton,
453 4215 533 4288 ebap.
559 4233 673 4280 xxxvm,
700 4233 728 4289 p.
752 4215 819 4286 123;
838 4221 866 4272 at
884 4215 953 4272 dans
976 4213 1112 4283 Rosmini,
1132 4215 1260 4270 storia...
1285 4213 1349 4271 di...
1374 4215 1434 4270 lbi·

112 4303 202 4370 rulzto,
223 4310 244 4362 t.
267 4302 304 4372 ll,
325 4321 353 4378 p.
376 4305 429 4360 287
452 4303 478 4360 la
501 4303 580 4360 lettre
603 4303 637 4359 de
661 4303 798 4360 Girolamo
816 4305 929 4361 Marone
952 4303 1123 4360 aGirolamo
1147 4301 1279 4360 Varadao.
1296 4301 1436 4358 l.'orateur

114 4387 231 4447 florentin
258 4397 276 4449 a
300 4392 398 4462 Rome,
428 4393 547 4449 Antonio
574 4391 786 4466 Malegonnelle,
811 4393 921 4450 torivait
943 4396 960 4449 a
980 4392 1007 4450 la
1030 4390 1238 4466 Seigneuriad
1264 4390 1291 4446 la
1313 4392 1376 4448 date
1398 4391 1434 4447 du

114 4477 147 4530 22
158 4480 222 4536 avril
237 4482 317 4539 1500.
337 4503 351 4534 α
413 4481 435 4538 ΙΙ
449 4481 526 4556 Papa
539 4481 629 4538 bebba
644 4481 679 4538 da
693 4480 730 4537 lui
746 4483 885 4556 (Maenio)
900 4482 994 4539 lettere
1008 4480 1091 4538 molto
1105 4480 1220 4556 piatose,
1236 4481 1306 4536 dove
1321 4495 1433 4553 raeeonf

115 4571 171 4623 tara
184 4569 284 4626 harere
303 4587 384 4644 perso
401 4571 430 4626 in
449 4579 490 4628 tre
508 4570 598 4644 giomi
617 4569 635 4626 il
655 4569 773 4640 fratello,
792 4570 818 4628 lo
832 4571 921 4642 Stato,
942 4569 969 4627 lo
988 4571 1100 4640 honore,
1120 4569 1147 4626 la
1164 4569 1231 4626 roba
1250 4574 1277 4626 et
1296 4568 1322 4626 la
1339 4567 1435 4625 liberte

116 4653 181 4712 delle
192 4675 312 4732 persona
327 4678 334 4716 ε
350 4660 491 4734 pregando
506 4659 536 4716 S.
553 4659 679 4717 Sanctita
690 4661 741 4726 ebe
756 4659 783 4715 in
800 4661 863 4734 quel
878 4661 958 4716 modo
971 4660 991 4715 li
1004 4660 1121 4734 parassi,
1137 4659 1159 4715 si
1175 4657 1306 4732 degnassi
1320 4675 1435 4732 pensare

116 4742 164 4800 alla
177 4764 226 4803 sua
244 4748 414 4818 liberatione,
431 4747 652 4804 subsorivandosi
674 4767 681 4805 :
702 4751 804 4819 inretire
822 4755 848 4806 et
866 4752 987 4820 afflictus
1005 4751 1153 4806 Ascanius.
1168 4747 1188 4803 ll
1204 4746 1326 4820 Collegio
1344 4763 1379 4802 ne
1400 4747 1436 4802 bn

117 4831 181 4890 laeto
195 4837 310 4910 qualche
323 4837 426 4914 parole,
445 4845 472 4894 et
490 4837 509 4892 il
528 4839 603 4911 Papa
622 4837 693 4896 tiene
709 4838 734 4894 la
751 4855 816 4895 cosa
832 4838 859 4894 in
879 4837 956 4907 collo,
972 4844 999 4894 et
1014 4837 1189 4894 dimonstrasi
1204 4836 1232 4892 di
1252 4843 1352 4908 questo
1371 4850 1435 4892 caso

120 4921 181 4980 bene
201 4933 329 4984 contento
348 4934 374 4984 et
394 4927 448 4984 mal
463 4933 601 4998 contento,
618 4929 736 4984 secondo
752 4927 768 4982 il
789 4935 871 5002 gusto
891 4927 961 4984 della
978 4943 1097 5002 persona
1116 4943 1167 4982 con
1186 4925 1231 4981 chi
1248 4923 1324 4999 parla
1346 4941 1435 4998 :pure

119 5027 168 5068 non
180 5017 356 5074 monstrando
370 5017 569 5092 compassione.
586 5017 625 5073 Lo
643 5017 740 5074 adviso
760 5017 846 5092 primo
858 5017 929 5074 cirea
944 5016 968 5072 le
983 5034 1046 5072 cose
1065 5031 1193 5072 successe
1207 5021 1302 5071 contro
1316 5013 1434 5070 Ascanio

120 5099 392 5176 redeundumne
408 5106 502 5163 subito
521 5106 631 5163 mandai
650 5106 675 5162 al
696 5107 771 5180 Papa
788 5106 906 5162 volando
924 5106 944 5161 il
962 5105 1125 5162 Cancelliere
1139 5103 1204 5172 mio,
1220 5110 1248 5160 et
1266 5102 1319 5160 tale
1339 5101 1434 5160 aduisa

121 5187 137 5242 li
158 5191 185 5248 lu
207 5194 362 5267 gratissimo
389 5213 438 5270 par
462 5195 626 5265 intenderlo,
651 5201 678 5252 at
705 5195 793 5252 arriro
819 5195 858 5252 sai
883 5195 948 5253 bore
972 5193 1046 5268 dipoi
1073 5193 1092 5250 il
1115 5191 1272 5250 baleatriere
1296 5192 1324 5250 di
1354 5191 1434 5250 Carlo

124 5277 242 5341 Ursino...
258 5306 272 5334 u
288 5285 369 5356 (Clas.
386 5286 421 5354 X,
437 5285 500 5344 dist.
517 5287 546 5354 2,
558 5285 617 5342 lllza
629 5287 673 5355 ro,
689 5302 704 5341 a
719 5302 743 5341 c.
758 5285 834 5356 235).
