3590 6042
64 637 65 642 Ν
95 577 152 642 mo
168 574 239 634 15⁰⁰]
409 569 537 629 nanum
561 571 789 631 unauuanuu
814 574 1075 634 conuavmnn.
1386 581 1422 637 aa

97 749 186 800 anno
212 723 476 798 incarnationis
502 724 686 799 dominice
714 731 794 817 Mo,
816 728 897 801 Kal.
920 729 1027 827 junii,
1045 728 1279 826 pontificatus
1303 733 1419 804 nostri

96 875 184 926 anno
202 843 343 923 octavo.
368 877 386 915 v
1135 853 1138 858 “

141 1005 156 1042 a
175 974 383 1048 Alexander
405 975 611 1073 episcopus,
637 1001 761 1052 servus
788 1003 978 1054 servorum
1003 979 1080 1069 Dei,
1109 981 1155 1053 ad
1179 980 1340 1054 futuram
1363 981 1417 1054 rei

96 1099 320 1172 memoriam.
343 1099 379 1172 Si
399 1099 664 1176 ecclesiasticos
682 1127 809 1176 omnes
826 1105 863 1176 in
880 1105 1049 1177 universo
1067 1106 1156 1177 orhe
1177 1102 1417 1177 consistentes

95 1231 125 1298 et
154 1224 368 1321 incipientes
390 1249 411 1298 a
431 1225 536 1298 nobis
558 1227 658 1323 ipsis,
694 1230 805 1302 etiam
837 1229 1065 1302 venerabiles
1102 1229 1237 1301 fratres
1270 1236 1416 1302 nostros

94 1374 119 1422 s.
132 1354 290 1422 Romane
307 1349 460 1422 ecclesie
482 1352 689 1425 cardinales
706 1360 742 1427 et
760 1355 940 1450 quoslibet
957 1354 1228 1428 Romanecurie
1240 1351 1416 1427 officiales

94 1497 131 1548 ac
147 1473 309 1548 subditos
327 1478 365 1546 et
383 1474 500 1547 eidem
520 1476 673 1550 ecclesie
692 1479 876 1577 subjectos
892 1503 983 1576 quos
1002 1481 1047 1551 ab
1060 1479 1233 1552 oneribus
1251 1478 1414 1552 relevare

95 1605 263 1688 tenemur,
286 1605 444 1696 urgente
462 1624 607 1676 summa
622 1601 839 1677 necessitate
851 1604 937 1676 fidei
951 1603 1130 1676 catholice
1142 1607 1178 1674 et
1196 1603 1414 1700 gravissimis

94 1723 253 1822 periculis
296 1723 581 1800 christianorum
616 1727 890 1802 imminentibus
918 1752 1068 1826 gravare
1100 1728 1280 1825 cogimur,
1307 1728 1413 1801 Judei

95 1873 224 1946 quoque
243 1851 293 1922 ab
311 1873 357 1922 ea
375 1850 607 1946 impositione
633 1854 814 1926 immunes
837 1877 1009 1927 essenon
1032 1854 1179 1942 debent,
1206 1875 1289 1925 cum
1317 1852 1412 1926 inter

96 1975 372 2050 christianorum
400 1976 564 2050 dominia
590 1979 777 2052 constituti
796 1979 951 2052 liberam
972 1979 1017 2052 ab
1045 1978 1097 2050 eis
1124 1979 1260 2050 ducere
1285 1977 1408 2068 vitam,

95 2099 125 2172 in
141 2100 264 2172 ritibus
276 2101 356 2172 suis
374 2103 586 2198 persistere,
602 2101 744 2177 divitias
761 2105 970 2200 adquirere,
996 2103 1190 2200 multisque
1208 2102 1287 2175 aliis
1303 2102 1412 2198 privi-

95 2225 184 2322 legiis
205 2225 371 2321 gaudere
388 2225 662 2322 permittantur,
684 2233 721 2301 ct
738 2251 817 2300 sese
835 2228 992 2324 denique
1010 2251 1054 2300 ex
1075 2228 1278 2301 commodis
1297 2227 1410 2300 chris-

93 2351 261 2424 tianorum
295 2354 519 2439 sustentare,
540 2375 583 2425 ac
600 2351 738 2426 liberos
755 2357 791 2425 ot
809 2376 938 2426 eorum
956 2351 1112 2426 familias
1139 2353 1238 2426 alere
1261 2352 1409 2448 dignos-

93 2481 219 2564 cantur,
243 2475 389 2572 ipsique
405 2475 523 2566 Judei,
539 2477 567 2548 si
580 2477 788 2552 christianis
799 2501 974 2574 pressura
983 2476 1183 2565 obvenerit,
1198 2477 1296 2573 quod
1311 2479 1409 2550 Deus

95 2626 151 2698 pro
170 2626 232 2676 sua
252 2601 453 2674 clementia
480 2607 630 2692 avertat,
666 2603 972 2676 detrimentorum
1001 2607 1122 2675 essent
1144 2601 1343 2698 participes
1372 2607 1409 2675 et

95 2749 207 2800 corum
230 2726 398 2824 periculo
425 2727 476 2800 uti
503 2731 629 2802 nostro
648 2752 708 2800 res
729 2733 915 2826 ageretur.
938 2732 1140 2824 Propterea
1165 2727 1211 2800 ad
1240 2727 1408 2800 evitanda

94 2857 182 2926 tanta
197 2851 365 2950 pericula
382 2875 420 2924 se
438 2875 522 2925 cum
542 2853 616 2924 suis
635 2852 867 2927 facultatibus
889 2853 1099 2950 propositos
1116 2850 1285 2925 convenit
1304 2851 1406 2924 exhi-

94 2975 195 3050 bere:
220 3000 305 3050 curn
333 2977 456 3074 itaque
487 2977 718 3074 perfidissimi
744 2981 861 3052 Turce
885 2977 1076 3052 christiani
1098 2976 1257 3050 nominis
1278 2976 1405 3050 hostes

96 3101 320 3178 christianum
340 3102 558 3199 sanguinem
577 3103 749 3176 continue
765 3103 928 3177 sitientes
946 3125 988 3177 ac
1012 3101 1111 3176 omni
1128 3106 1261 3177 conatu
1285 3101 1404 3174 chris-

96 3227 259 3302 tianorum
279 3233 404 3303 terras
422 3233 530 3324 atque
547 3228 710 3302 dominia
727 3253 792 3302 sue
804 3227 987 3327 tyrannidi
1000 3251 1042 3302 ac
1056 3227 1293 3324 spurcissime
1305 3233 1403 3302 secte

95 3353 255 3450 subjicere
273 3357 487 3450 querentes,
506 3353 689 3450 superiori
701 3358 737 3426 et
755 3354 917 3450 presenti
930 3352 1293 3426 annovalidissimam
1309 3352 1402 3426 clas-

95 3499 157 3549 sem
173 3479 410 3567 maritimam,
436 3478 710 3574 maximumque
733 3483 946 3552 terrestrem
969 3477 1172 3550 exercitum
1195 3477 1242 3550 ad
1263 3501 1401 3574 expug-

95 3603 234 3676 nandum
251 3609 402 3692 statum,
429 3609 549 3678 terras
581 3609 689 3700 atque
713 3602 876 3676 dominia
892 3602 1111 3675 dilectorum
1135 3601 1309 3689 filiorum,
1334 3623 1401 3674 no-

95 3724 202 3800 bilium
217 3729 383 3801 virorum
396 3727 588 3825 Augustini
603 3728 805 3802 Barbadico
818 3727 922 3802 ducis
941 3731 978 3799 et
995 3725 1147 3799 dominii
1158 3725 1398 3800 Venetiarum

94 3847 327 3942 instruxerint,
350 3853 583 3949 diversasque
611 3852 840 3926 incursiones
867 3851 1069 3938 effecerint,
1091 3853 1127 3923 et
1152 3850 1268 3924 multa
1283 3850 1398 3926 millia

95 3975 278 4050 animarum
303 3977 522 4052 abduxerint
539 4001 581 4051 ac
606 3977 643 4050 in
666 3976 915 4052 miserabilem
934 3980 1070 4050 statum
1095 3975 1308 4072 redegerint
1333 3975 1398 4049 vil-

92 4096 197 4196 lasque
213 4107 247 4176 et
263 4102 347 4176 loca
364 4102 524 4199 plurima
539 4101 621 4199 igne
640 4102 812 4198 ferroque
829 4101 1051 4176 vastaverint
1069 4123 1112 4174 ac
1129 4100 1278 4174 tandem
1299 4102 1398 4173 Nau-

91 4230 216 4316 pactum
243 4227 428 4300 civitatem
452 4226 595 4322 aliaque
616 4227 753 4324 oppida
774 4231 810 4300 et
826 4226 908 4299 loca
925 4225 1114 4300 maritima
1136 4223 1397 4298 circumvicina

92 4349 312 4425 munitissima
343 4351 375 4424 vi
410 4355 447 4423 et
482 4351 594 4424 armis
630 4351 808 4448 ceperint,
839 4349 1048 4438 christianis
1070 4349 1253 4436 omnibus,
1285 4349 1397 4422 etiam

91 4471 323 4550 ecclesiasticis
342 4481 379 4550 et
396 4475 579 4574 religiosis
598 4476 788 4570 utriusque
806 4499 913 4548 sexus
927 4475 1038 4546 etiam
1058 4473 1260 4570 pontificali
1276 4473 1397 4570 digni-

91 4599 317 4692 tatepreditis,
340 4623 382 4674 ac
401 4599 666 4699 pregnantibus
683 4622 766 4672 cum
794 4598 974 4672 semivivis
1003 4598 1232 4694 corpusculis
1261 4599 1395 4670 crude-

91 4715 206 4794 lissime
235 4726 326 4798 cesis
346 4732 382 4800 et
415 4724 627 4815 interiectis,
664 4729 700 4797 et
725 4724 806 4800 aliis
840 4724 877 4796 in
910 4723 1146 4796 durissimam
1181 4721 1393 4795 servitutem

91 4843 238 4938 redactis,
251 4851 396 4947 templis
414 4849 612 4926 Salvatoris
630 4849 747 4922 nostri
764 4847 913 4944 pollutis
932 4851 968 4919 et
986 4847 1116 4920 dirutis
1134 4870 1177 4920 ac
1192 4869 1298 4918 suum
1316 4869 1394 4919 ma-

92 4963 152 5041 lum
173 4977 206 5046 et
237 4975 400 5072 iniquum
432 4975 662 5076 propositum
697 4973 868 5047 continue
890 4972 1087 5046 ferventius
1112 4973 1389 5068 prosequentes,

93 5095 120 5162 et
134 5095 213 5169 nihil
228 5099 322 5172 aliud
340 5101 403 5173 diu
421 5105 605 5196 noctuque
624 5103 820 5196 querentes
838 5121 948 5194 quam
964 5095 1087 5170 omnia
1106 5094 1391 5168 christianorum

93 5213 232 5296 dominia
249 5249 311 5297 sue
335 5225 520 5324 tyrannidi
551 5230 589 5297 et
611 5223 964 5323 spurcissimelsecte
989 5221 1171 5318 subjicere
1199 5243 1241 5296 ac
1269 5219 1390 5318 legem
