3506 6034
113 563 173 628 [liat
189 561 263 625 15⁰2]
453 559 580 630 RERUM
605 555 831 618 URBANARUM
852 559 1114 620 condamnati.
1392 565 1452 628 205(

113 713 246 815 quibus
267 717 411 794 volebat
438 717 597 816 sepeliri,
620 726 654 792 et
681 719 747 792 luit
772 717 809 791 in
835 718 887 792 eis
912 718 1087 816 sepultus.
1116 719 1229 794 Multa
1255 719 1328 794 alia
1352 719 1451 796 dicta

111 843 256 918 luerunt
272 845 407 920 dehoc
423 844 571 918 homine
586 869 594 934 ;
614 844 710 918 inter
727 845 799 918 alia
817 845 915 941 quod
935 844 1022 918 lecit
1039 845 1119 943 copi
1141 871 1208 942 per
1221 844 1391 920 tabernas
1409 849 1450 920 et

109 968 250 1064 plateas
265 969 372 1044 Urbis
388 969 565 1044 violenter
580 955 724 1043 circiter
742 969 926 1044 trecentos
944 971 1112 1044 homines
1131 978 1167 1044 et
1187 973 1234 1044 ad
1256 971 1446 1045 triremem

108 1116 211 1166 suam
231 1095 318 1167 duci
336 1101 372 1168 el
389 1094 426 1166 in
445 1096 532 1168 cavi
551 1093 719 1169 detineri.
862 1175 864 1179 .

155 1215 319 1292 Sabbolo
337 1219 375 1292 in
390 1217 494 1308 albis,
515 1223 536 1291 2
555 1219 691 1291 mensis
710 1218 846 1316 aprilis,
864 1219 956 1293 festo
972 1245 1003 1292 s.
1022 1222 1135 1294 Marci
1152 1221 1321 1318 apostoli,
1341 1225 1382 1294 R.
1400 1223 1443 1293 D.

107 1345 269 1432 Marcus,
287 1343 482 1440 episcopus
495 1343 674 1416 Murensis
689 1343 884 1417 celebravit
896 1345 1044 1418 missam
1061 1347 1263 1421 solemnem
1279 1345 1317 1418 in
1329 1343 1447 1418 ecclc-

107 1469 160 1540 sia
178 1493 209 1540 s.
239 1468 352 1541 lllarci
377 1469 421 1542 de
443 1469 562 1558 Urhe;
592 1469 679 1542 dixit
697 1469 937 1566 prelationem
959 1471 1003 1544 de
1028 1471 1222 1568 apostolis:
1250 1471 1321 1544 alia
1344 1493 1445 1544 moro

109 1593 229 1667 solito.
252 1593 504 1668 lnlersuerunt
516 1593 644 1668 decem
663 1594 866 1670 cardinales
881 1601 1004 1693 preter
1024 1601 1332 1688 Beneventanum,
1346 1596 1447 1668 vide-

108 1717 208 1809 licet,
232 1719 527 1817 Ulissiponensis,
554 1746 587 1793 s.
612 1721 801 1810 Praxedis,
823 1720 1102 1813 AlexandrinuS,
1126 1748 1156 1796 s.
1177 1721 1314 1810 Crucis,
1335 1719 1448 1793 Arho

108 1844 239 1934 musio,
262 1846 492 1936 Cusendnus,
511 1846 811 1944 caputaquensis,
831 1847 1058 1938 Mutinensis,
1081 1848 1240 1922 Medicas
1264 1853 1299 1921 et
1319 1848 1449 1918 Forna-

108 1969 181 2042 sius
206 1975 295 2066 post
318 1991 440 2064 quem,
464 1969 502 2042 in
527 1969 657 2042 codem
680 1971 809 2058 banco,
837 1970 928 2044 sedit
950 1973 1226 2046 Beneventanus
1251 1975 1287 2044 et
1308 1968 1449 2066 accepit

108 2116 242 2190 pacem
262 2093 493 2168 celebrantis,
525 2097 639 2191 Caput
662 2095 900 2168 cardinalium
923 2095 988 2169 luit
1011 2120 1136 2170 versus
1154 2096 1282 2169 sedem
1300 2093 1449 2192 pontifi-

108 2219 242 2308 calem,
265 2241 339 2292 non
353 2241 480 2292 versus
500 2217 628 2307 altare,
651 2225 689 2293 et
707 2219 814 2310 hene,
837 2220 867 2292 si
887 2220 949 2293 illa
966 2221 1071 2294 sedes
1092 2221 1160 2294 luit
1182 2225 1321 2318 parata,
1344 2219 1448 2292 aliter

108 2344 219 2418 male.
241 2343 486 2416 lnterluerunt
501 2343 610 2418 etiam
626 2344 699 2418 duo
717 2349 878 2418 oratores
896 2345 1035 2420 scilicet
1052 2349 1276 2421 Venetorum
1293 2351 1330 2418 ot
1343 2343 1447 2416 ducis

109 2469 360 2542 Ferrariensis
378 2467 438 2565 qul
455 2467 626 2542 sederunt
643 2469 678 2541 in
695 2470 811 2544 banco
830 2469 936 2543 solito
954 2475 1037 2566 post
1054 2471 1228 2544 diaconos
1246 2467 1446 2566 cardinales
1488 2476 1489 2479 ’

107 2600 140 2668 et
173 2597 489 2668 Beneventanum.
518 2596 606 2666 Post
629 2593 868 2668 elevationem
894 2595 1113 2670 sacramenti
1138 2596 1235 2670 veuit
1264 2594 1384 2669 clerus
1413 2618 1442 2665 s.

109 2718 223 2810 Petri,
240 2723 372 2816 etpost
388 2743 471 2792 eum
485 2719 605 2792 clerus
618 2720 809 2816 hospitalis
825 2745 855 2793 s.
873 2721 1040 2818 Spiritus.
1055 2725 1141 2795 Post
1151 2719 1446 2795 communionem

110 2844 347 2935 celebrantis,
367 2843 502 2942 incepit
524 2844 711 2919 ordinaria
726 2845 923 2943 processio.
945 2847 1099 2922 Senator
1116 2870 1201 2920 cnm
1217 2851 1445 2922 conservato-

109 2967 208 3041 n'bus
222 2971 402 3042 eteorum
419 2968 599 3058 comitiva,
617 2969 716 3042 venit
729 2969 827 3044 circo
841 2970 1003 3044 medium
1019 2969 1281 3068 processionis:
1299 2993 1446 3045 crucem

110 3101 300 3168 rectorum
324 3099 360 3166 et
385 3089 523 3192 capelle
546 3093 785 3168 ecclesiarum
810 3095 1088 3192 parrochialium
1118 3096 1272 3194 portavit
1298 3094 1445 3191 quidam

111 3213 198 3314 puer
222 3217 404 3292 tredecim
433 3216 488 3290 vel
512 3217 787 3314 quatuordecim
813 3243 991 3295 annorum
1020 3221 1056 3294 in
1088 3221 1298 3318 gonnelliuo
1325 3219 1442 3306 brevi,
1521 3245 1524 3251 ·

110 3341 355 3432 laceralo‚'et
381 3343 497 3418 credo'
518 3344 596 3418 sine
624 3345 785 3443 caligis:
811 3345 848 3419 in
880 3351 1127 3422 transversum
1160 3347 1323 3420 vertebat
1348 3344 1444 3420 enim

109 3491 222 3542 unum
238 3467 431 3542 brachium
447 3469 669 3550 crncifixi'ad
683 3493 735 3560 se,
754 3469 851 3544 aliud
867 3472 912 3544 ad
926 3472 1101 3570 populum
1112 3471 1189 3545 'sive
1206 3471 1343 3545 clerum
1359 3473 1443 3544 ante

110 3617 160 3682 se,
186 3617 275 3667 cum
300 3617 434 3691 magna
452 3599 539 3668 notu
562 3599 598 3667 et
620 3594 821 3691 ignominia
836 3595 943 3670 cleri.
974 3599 1013 3668 ln
1039 3595 1273 3693 processione
1297 3593 1446 3697 luerunt

110 3719 218 3812 primi
245 3718 376 3791 tratres
402 3741 431 3792 s.
460 3718 644 3809 Honulrii,
672 3718 804 3794 deinde
827 3721 981 3810 Minimi,
1009 3721 1211 3794 successive
1234 3719 1313 3810 alii,
1338 3740 1443 3792 more

110 3841 231 3915 solito.
260 3846 302 3915 ln
326 3843 478 3940 prandio
499 3867 583 3918 cum
608 3848 712 3917 Rmo.
739 3847 782 3916 D.
810 3845 992 3919 cardinale
1012 3848 1279 3934 Beneventano,
1300 3843 1446 3916 luerunt

112 3966 235 4040 thmi.
263 3970 339 4040 no.
366 3967 569 4042 cardinales
593 3993 624 4042 s,
650 3968 823 4042 Praxedis
849 3971 1040 4068 incapite,
1064 3970 1222 4044 Medicas
1246 3967 1441 4056 exlatere,

111 4097 293 4186 postcom
310 4094 618 4182 Beneventanum,
632 4093 670 4166 in
682 4099 753 4167 una
764 4117 914 4169 mensa:
933 4096 970 4168 in
985 4095 1068 4186 alia,
1084 4095 1120 4166 in
1133 4095 1299 4192 opposita
1311 4091 1440 4189 prime,

110 4217 242 4312 prelati
265 4241 392 4290 omnes
415 4219 493 4291 sine
514 4218 702 4310 rochettis,
724 4225 760 4294 et
777 4219 884 4310 male,
913 4221 1079 4296 videlicet
1098 4205 1135 4294 in
1161 4220 1281 4316 capite
1305 4217 1444 4292 archie-

112 4341 281 4441 piscopus
295 4343 512 4440 Rugusinus‚
531 4347 612 4440 post
624 4349 708 4418 e'um
724 4346 972 4436 CortonensiS,
989 4344 1232 4433 Guardiensis‚
1246 4342 1439 4430 dimensis,

112 4467 378 4566 llelphilensis,
394 4469 627 4544 Adriacansis
643 4473 681 4543 et
699 4495 783 4570 ego.

162 4591 270 4667 Faria
287 4601 426 4690 quarta,
446 4599 467 4666 d
487 4595 586 4685 maii,
608 4595 730 4692 vigilia
752 4595 976 4672 ascensionis
1000 4597 1158 4688 Domini,
1180 4595 1328 4670 luerunt
1349 4593 1445 4668 dicte

113 4738 259 4815 vespere
282 4718 320 4790 in
348 4719 487 4816 capella
513 4720 655 4817 majori,
696 4724 792 4818 Papa
818 4729 1012 4820 presente;
1043 4724 1101 4797 die
1124 4723 1216 4820 jovis
1244 4719 1442 4816 sequentis,

115 4841 223 4917 missa
236 4841 412 4917 solemnis
428 4843 465 4917 in
480 4843 631 4918 basilica
644 4869 673 4917 s.
695 4848 794 4920 Petri
813 4871 925 4944 quam
938 4847 1134 4923 celebravit
1154 4851 1279 4920 ltmus.
1303 4847 1346 4918 ll.
1365 4865 1445 4918 car-

115 4966 240 5042 dinalis
256 4969 537 5060 Alexandrinus,
557 4973 656 5067 Papa
672 4980 861 5068 presente:
883 4997 1090 5049 sermonem
1109 4973 1194 5047 lecit
1211 4967 1443 5057 Cantalicius,

117 5098 306 5190 preceptor
322 5092 514 5168 cardinalis
534 5095 677 5192 Borgie,
705 5077 741 5170 et
760 5097 853 5172 hene
873 5098 964 5172 dixit
984 5099 1029 5172 de
1053 5096 1298 5196 bellocontru
1318 5115 1441 5192 regem

119 5216 316 5292 Persarum.
334 5217 451 5292 Finita
463 5219 585 5308 missa,
605 5217 672 5293 luit
687 5225 874 5296 ostensum
889 5223 1024 5298 lerrum
1040 5223 1166 5298 lancee
1182 5219 1311 5296 Christi
1328 5217 1442 5316 semel
