<?xml version="1.0" encoding="UTF-8"?>
<!DOCTYPE html PUBLIC "-//W3C//DTD XHTML 1.0 Transitional//EN"
    "http://www.w3.org/TR/xhtml1/DTD/xhtml1-transitional.dtd">
<html xmlns="http://www.w3.org/1999/xhtml" xml:lang="en" lang="en">
 <head>
  <title>
</title>
<meta http-equiv="Content-Type" content="text/html;charset=utf-8" />
  <meta name='ocr-system' content='tesseract 3.04.00' />
  <meta name='ocr-capabilities' content='ocr_page ocr_carea ocr_par ocr_line ocrx_word'/>
</head>
<body>
  <div class='ocr_page' id='page_1' title='image "./johannisburchar03burcgoog/johannisburchar03burcgoog_0183.png"; bbox 0 0 3502 6036; ppageno 0'>
   <div class='ocr_carea' id='block_1_1' title="bbox 103 594 1429 662">
    <p class='ocr_par' dir='ltr' id='par_1_1' title="bbox 103 594 1429 662">
     <span class='ocr_line' id='line_1_1' title="bbox 103 594 1429 662; baseline 0.012 -16"><span class='ocrx_word' id='word_1_1' title='bbox 103 595 297 659; x_wconf 67' lang='lat' dir='ltr'>[renuentem]</span> <span class='ocrx_word' id='word_1_2' title='bbox 434 594 559 653; x_wconf 81' lang='lat' dir='ltr'>RERUM</span> <span class='ocrx_word' id='word_1_3' title='bbox 583 595 810 656; x_wconf 79' lang='lat' dir='ltr'>UHBANARUM</span> <span class='ocrx_word' id='word_1_4' title='bbox 829 601 1090 661; x_wconf 78' lang='lat' dir='ltr'>conuanraatr.</span> <span class='ocrx_word' id='word_1_5' title='bbox 1379 607 1429 662; x_wconf 89' lang='lat'>103</span> 
     </span>
    </p>
   </div>
   <div class='ocr_carea' id='block_1_2' title="bbox 97 749 1430 1481">
    <p class='ocr_par' dir='ltr' id='par_1_2' title="bbox 97 749 1430 1481">
     <span class='ocr_line' id='line_1_2' title="bbox 103 749 1429 855; baseline 0.004 -27"><span class='ocrx_word' id='word_1_6' title='bbox 103 779 144 828; x_wconf 90' lang='lat' dir='ltr'>ea</span> <span class='ocrx_word' id='word_1_7' title='bbox 158 751 324 825; x_wconf 78' lang='lat' dir='ltr'>fraudem</span> <span class='ocrx_word' id='word_1_8' title='bbox 340 756 403 824; x_wconf 92' lang='lat' dir='ltr'>aut</span> <span class='ocrx_word' id='word_1_9' title='bbox 422 749 544 824; x_wconf 92' lang='lat' dir='ltr'>dolum</span> <span class='ocrx_word' id='word_1_10' title='bbox 561 754 806 850; x_wconf 89' lang='lat' dir='ltr'>committere,</span> <span class='ocrx_word' id='word_1_11' title='bbox 824 779 914 830; x_wconf 92' lang='lat' dir='ltr'>neve</span> <span class='ocrx_word' id='word_1_12' title='bbox 935 780 1134 853; x_wconf 89' lang='lat' dir='ltr'>procurare</span> <span class='ocrx_word' id='word_1_13' title='bbox 1150 757 1359 855; x_wconf 90' lang='lat' dir='ltr'>hujusmodi</span> <span class='ocrx_word' id='word_1_14' title='bbox 1374 759 1429 832; x_wconf 95' lang='lat' dir='ltr'>in-</span> 
     </span>
     <span class='ocr_line' id='line_1_3' title="bbox 101 875 1430 982; baseline 0.005 -30"><span class='ocrx_word' id='word_1_15' title='bbox 101 877 281 975; x_wconf 80' lang='lat' dir='ltr'>dulgentie</span> <span class='ocrx_word' id='word_1_16' title='bbox 295 876 489 974; x_wconf 69' lang='lat' dir='ltr'>participes</span> <span class='ocrx_word' id='word_1_17' title='bbox 505 875 598 967; x_wconf 83' lang='lat' dir='ltr'>lieri,</span> <span class='ocrx_word' id='word_1_18' title='bbox 617 883 653 951; x_wconf 93' lang='lat' dir='ltr'>et</span> <span class='ocrx_word' id='word_1_19' title='bbox 670 904 734 954; x_wconf 91' lang='lat' dir='ltr'>sna</span> <span class='ocrx_word' id='word_1_20' title='bbox 745 883 804 978; x_wconf 89' lang='lat' dir='ltr'>pia</span> <span class='ocrx_word' id='word_1_21' title='bbox 821 884 991 982; x_wconf 83' lang='lat' dir='ltr'>suffragia</span> <span class='ocrx_word' id='word_1_22' title='bbox 1007 907 1157 981; x_wconf 84' lang='lat' dir='ltr'>erogare</span> <span class='ocrx_word' id='word_1_23' title='bbox 1174 888 1210 958; x_wconf 91' lang='lat' dir='ltr'>et</span> <span class='ocrx_word' id='word_1_24' title='bbox 1225 885 1371 959; x_wconf 90' lang='lat' dir='ltr'>mittere</span> <span class='ocrx_word' id='word_1_25' title='bbox 1384 887 1430 959; x_wconf 95' lang='lat' dir='ltr'>ab</span> 
     </span>
     <span class='ocr_line' id='line_1_4' title="bbox 100 1001 1429 1105; baseline 0.005 -29"><span class='ocrx_word' id='word_1_26' title='bbox 100 1001 305 1101; x_wconf 87' lang='lat' dir='ltr'>hujusmodi</span> <span class='ocrx_word' id='word_1_27' title='bbox 326 1024 453 1075; x_wconf 91' lang='lat' dir='ltr'>eorum</span> <span class='ocrx_word' id='word_1_28' title='bbox 478 1003 664 1099; x_wconf 88' lang='lat' dir='ltr'>proposito</span> <span class='ocrx_word' id='word_1_29' title='bbox 684 1005 720 1077; x_wconf 94' lang='lat' dir='ltr'>in</span> <span class='ocrx_word' id='word_1_30' title='bbox 742 1011 819 1079; x_wconf 92' lang='lat' dir='ltr'>toto</span> <span class='ocrx_word' id='word_1_31' title='bbox 842 1007 896 1081; x_wconf 89' lang='lat' dir='ltr'>vel</span> <span class='ocrx_word' id='word_1_32' title='bbox 913 1008 948 1080; x_wconf 92' lang='lat' dir='ltr'>in</span> <span class='ocrx_word' id='word_1_33' title='bbox 970 1011 1086 1105; x_wconf 90' lang='lat' dir='ltr'>parte,</span> <span class='ocrx_word' id='word_1_34' title='bbox 1102 1008 1239 1082; x_wconf 89' lang='lat' dir='ltr'>directe</span> <span class='ocrx_word' id='word_1_35' title='bbox 1255 1009 1315 1084; x_wconf 90' lang='lat' dir='ltr'>vel</span> <span class='ocrx_word' id='word_1_36' title='bbox 1338 1010 1429 1082; x_wconf 90' lang='lat' dir='ltr'>indi·</span> 
     </span>
     <span class='ocr_line' id='line_1_5' title="bbox 100 1125 1427 1232; baseline 0.005 -30"><span class='ocrx_word' id='word_1_37' title='bbox 100 1133 206 1216; x_wconf 87' lang='lat' dir='ltr'>recte,</span> <span class='ocrx_word' id='word_1_38' title='bbox 224 1127 338 1200; x_wconf 89' lang='lat' dir='ltr'>tacite</span> <span class='ocrx_word' id='word_1_39' title='bbox 351 1125 407 1199; x_wconf 88' lang='lat' dir='ltr'>vel</span> <span class='ocrx_word' id='word_1_40' title='bbox 423 1149 592 1222; x_wconf 80' lang='lat' dir='ltr'>expresse</span> <span class='ocrx_word' id='word_1_41' title='bbox 604 1130 804 1221; x_wconf 71' lang='lat' dir='ltr'>retrahere,</span> <span class='ocrx_word' id='word_1_42' title='bbox 818 1155 861 1206; x_wconf 93' lang='lat' dir='ltr'>ac</span> <span class='ocrx_word' id='word_1_43' title='bbox 878 1133 1220 1230; x_wconf 89' lang='lat' dir='ltr'>quascumquoelias</span> <span class='ocrx_word' id='word_1_44' title='bbox 1235 1133 1427 1232; x_wconf 84' lang='lat' dir='ltr'>indulgen-</span> 
     </span>
     <span class='ocr_line' id='line_1_6' title="bbox 100 1251 1427 1355; baseline 0.006 -30"><span class='ocrx_word' id='word_1_45' title='bbox 100 1254 163 1326; x_wconf 87' lang='lat' dir='ltr'>tias</span> <span class='ocrx_word' id='word_1_46' title='bbox 176 1275 244 1348; x_wconf 84' lang='lat' dir='ltr'>per</span> <span class='ocrx_word' id='word_1_47' title='bbox 257 1252 341 1340; x_wconf 90' lang='lat' dir='ltr'>hos,</span> <span class='ocrx_word' id='word_1_48' title='bbox 357 1257 397 1325; x_wconf 94' lang='lat' dir='ltr'>ut</span> <span class='ocrx_word' id='word_1_49' title='bbox 409 1251 643 1348; x_wconf 69' lang='lat' dir='ltr'>premittitur,</span> <span class='ocrx_word' id='word_1_50' title='bbox 660 1279 853 1352; x_wconf 88' lang='lat' dir='ltr'>suspensas</span> <span class='ocrx_word' id='word_1_51' title='bbox 869 1259 1057 1355; x_wconf 87' lang='lat' dir='ltr'>predicare</span> <span class='ocrx_word' id='word_1_52' title='bbox 1074 1263 1134 1332; x_wconf 93' lang='lat' dir='ltr'>aut</span> <span class='ocrx_word' id='word_1_53' title='bbox 1150 1257 1346 1354; x_wconf 83' lang='lat' dir='ltr'>publicare,</span> <span class='ocrx_word' id='word_1_54' title='bbox 1365 1266 1427 1334; x_wconf 91' lang='lat' dir='ltr'>aut</span> 
     </span>
     <span class='ocr_line' id='line_1_7' title="bbox 97 1375 1425 1481; baseline 0.006 -31"><span class='ocrx_word' id='word_1_55' title='bbox 97 1378 159 1450; x_wconf 89' lang='lat' dir='ltr'>illis</span> <span class='ocrx_word' id='word_1_56' title='bbox 175 1375 451 1474; x_wconf 86' lang='lat' dir='ltr'>quomodolibet</span> <span class='ocrx_word' id='word_1_57' title='bbox 469 1382 507 1453; x_wconf 90' lang='lat' dir='ltr'>et</span> <span class='ocrx_word' id='word_1_58' title='bbox 526 1399 652 1452; x_wconf 86' lang='lat' dir='ltr'>aarum</span> <span class='ocrx_word' id='word_1_59' title='bbox 672 1387 854 1477; x_wconf 79' lang='lat' dir='ltr'>pretextu,</span> <span class='ocrx_word' id='word_1_60' title='bbox 879 1383 1015 1479; x_wconf 89' lang='lat' dir='ltr'>aliquid</span> <span class='ocrx_word' id='word_1_61' title='bbox 1037 1387 1161 1480; x_wconf 89' lang='lat' dir='ltr'>petere</span> <span class='ocrx_word' id='word_1_62' title='bbox 1181 1388 1248 1460; x_wconf 85' lang='lat' dir='ltr'>aut</span> <span class='ocrx_word' id='word_1_63' title='bbox 1263 1383 1425 1481; x_wconf 90' lang='lat' dir='ltr'>recipere</span> 
     </span>
    </p>
   </div>
   <div class='ocr_carea' id='block_1_3' title="bbox 93 1502 1447 5356">
    <p class='ocr_par' dir='ltr' id='par_1_3' title="bbox 93 1502 1447 5356">
     <span class='ocr_line' id='line_1_8' title="bbox 97 1502 1426 1605; baseline 0.004 -29"><span class='ocrx_word' id='word_1_64' title='bbox 97 1527 134 1576; x_wconf 91' lang='lat' dir='ltr'>ac</span> <span class='ocrx_word' id='word_1_65' title='bbox 148 1502 236 1574; x_wconf 94' lang='lat' dir='ltr'>alias</span> <span class='ocrx_word' id='word_1_66' title='bbox 253 1507 384 1576; x_wconf 91' lang='lat' dir='ltr'>contra</span> <span class='ocrx_word' id='word_1_67' title='bbox 397 1505 599 1600; x_wconf 91' lang='lat' dir='ltr'>presentes,</span> <span class='ocrx_word' id='word_1_68' title='bbox 618 1503 833 1603; x_wconf 91' lang='lat' dir='ltr'>illarumque</span> <span class='ocrx_word' id='word_1_69' title='bbox 850 1513 1017 1583; x_wconf 89' lang='lat' dir='ltr'>tenorem</span> <span class='ocrx_word' id='word_1_70' title='bbox 1043 1508 1079 1580; x_wconf 91' lang='lat' dir='ltr'>in</span> <span class='ocrx_word' id='word_1_71' title='bbox 1100 1507 1185 1605; x_wconf 89' lang='lat' dir='ltr'>ipsis</span> <span class='ocrx_word' id='word_1_72' title='bbox 1208 1509 1426 1605; x_wconf 90' lang='lat' dir='ltr'>predicatio-</span> 
     </span>
     <span class='ocr_line' id='line_1_9' title="bbox 97 1627 1426 1732; baseline 0.007 -33"><span class='ocrx_word' id='word_1_73' title='bbox 97 1628 209 1718; x_wconf 85' lang='lat' dir='ltr'>nibus,</span> <span class='ocrx_word' id='word_1_74' title='bbox 229 1627 335 1726; x_wconf 90' lang='lat' dir='ltr'>pium</span> <span class='ocrx_word' id='word_1_75' title='bbox 351 1627 481 1700; x_wconf 87' lang='lat' dir='ltr'>Christi</span> <span class='ocrx_word' id='word_1_76' title='bbox 498 1627 660 1704; x_wconf 81' lang='lat' dir='ltr'>fidelium</span> <span class='ocrx_word' id='word_1_77' title='bbox 676 1631 837 1706; x_wconf 90' lang='lat' dir='ltr'>animum</span> <span class='ocrx_word' id='word_1_78' title='bbox 853 1635 899 1707; x_wconf 90' lang='lat' dir='ltr'>ab</span> <span class='ocrx_word' id='word_1_79' title='bbox 915 1657 1041 1708; x_wconf 88' lang='lat' dir='ltr'>eorum</span> <span class='ocrx_word' id='word_1_80' title='bbox 1059 1638 1185 1708; x_wconf 89' lang='lat' dir='ltr'>sancto</span> <span class='ocrx_word' id='word_1_81' title='bbox 1202 1639 1239 1708; x_wconf 92' lang='lat' dir='ltr'>et</span> <span class='ocrx_word' id='word_1_82' title='bbox 1253 1635 1312 1732; x_wconf 94' lang='lat' dir='ltr'>pio</span> <span class='ocrx_word' id='word_1_83' title='bbox 1341 1659 1426 1732; x_wconf 89' lang='lat' dir='ltr'>pro-</span> 
     </span>
     <span class='ocr_line' id='line_1_10' title="bbox 96 1753 1425 1856; baseline 0.008 -33"><span class='ocrx_word' id='word_1_84' title='bbox 96 1755 222 1850; x_wconf 89' lang='lat' dir='ltr'>posito,</span> <span class='ocrx_word' id='word_1_85' title='bbox 240 1753 398 1826; x_wconf 90' lang='lat' dir='ltr'>durante</span> <span class='ocrx_word' id='word_1_86' title='bbox 418 1759 583 1851; x_wconf 91' lang='lat' dir='ltr'>tempore</span> <span class='ocrx_word' id='word_1_87' title='bbox 605 1759 862 1854; x_wconf 89' lang='lat' dir='ltr'>quoquomodo</span> <span class='ocrx_word' id='word_1_88' title='bbox 880 1764 1110 1856; x_wconf 90' lang='lat' dir='ltr'>presumant;</span> <span class='ocrx_word' id='word_1_89' title='bbox 1129 1759 1342 1836; x_wconf 88' lang='lat' dir='ltr'>mandantes</span> <span class='ocrx_word' id='word_1_90' title='bbox 1358 1761 1425 1834; x_wconf 90' lang='lat' dir='ltr'>suh</span> 
     </span>
     <span class='ocr_line' id='line_1_11' title="bbox 95 1878 1425 1982; baseline 0.008 -34"><span class='ocrx_word' id='word_1_91' title='bbox 95 1878 264 1952; x_wconf 83' lang='lat' dir='ltr'>similibus</span> <span class='ocrx_word' id='word_1_92' title='bbox 297 1879 501 1970; x_wconf 70' lang='lat' dir='ltr'>sententiis</span> <span class='ocrx_word' id='word_1_93' title='bbox 539 1879 794 1956; x_wconf 90' lang='lat' dir='ltr'>maledictione</span> <span class='ocrx_word' id='word_1_94' title='bbox 825 1889 861 1956; x_wconf 85' lang='lat' dir='ltr'>et</span> <span class='ocrx_word' id='word_1_95' title='bbox 886 1907 995 1980; x_wconf 77' lang='lat' dir='ltr'>pena,</span> <span class='ocrx_word' id='word_1_96' title='bbox 1022 1884 1118 1982; x_wconf 87' lang='lat' dir='ltr'>ipsas</span> <span class='ocrx_word' id='word_1_97' title='bbox 1147 1891 1337 1982; x_wconf 84' lang='lat' dir='ltr'>presentes</span> <span class='ocrx_word' id='word_1_98' title='bbox 1359 1909 1425 1982; x_wconf 94' lang='lat' dir='ltr'>per</span> 
     </span>
     <span class='ocr_line' id='line_1_12' title="bbox 95 2004 1421 2108; baseline 0.006 -33"><span class='ocrx_word' id='word_1_99' title='bbox 95 2025 342 2101; x_wconf 89' lang='lat' dir='ltr'>quoscumque</span> <span class='ocrx_word' id='word_1_100' title='bbox 359 2004 459 2079; x_wconf 88' lang='lat' dir='ltr'>rerbi</span> <span class='ocrx_word' id='word_1_101' title='bbox 483 2004 549 2080; x_wconf 86' lang='lat' dir='ltr'>Dei</span> <span class='ocrx_word' id='word_1_102' title='bbox 570 2005 833 2102; x_wconf 81' lang='lat' dir='ltr'>predicatores,</span> <span class='ocrx_word' id='word_1_103' title='bbox 861 2010 972 2082; x_wconf 90' lang='lat' dir='ltr'>etiam</span> <span class='ocrx_word' id='word_1_104' title='bbox 997 2009 1151 2084; x_wconf 89' lang='lat' dir='ltr'>clericos</span> <span class='ocrx_word' id='word_1_105' title='bbox 1167 2015 1204 2084; x_wconf 90' lang='lat' dir='ltr'>et</span> <span class='ocrx_word' id='word_1_106' title='bbox 1219 2010 1421 2108; x_wconf 81' lang='lat' dir='ltr'>religiosos,</span> 
     </span>
     <span class='ocr_line' id='line_1_13' title="bbox 96 2132 1423 2234; baseline 0.005 -31"><span class='ocrx_word' id='word_1_107' title='bbox 96 2132 255 2204; x_wconf 91' lang='lat' dir='ltr'>ordinum</span> <span class='ocrx_word' id='word_1_108' title='bbox 274 2153 604 2230; x_wconf 89' lang='lat' dir='ltr'>quorumcumque,</span> <span class='ocrx_word' id='word_1_109' title='bbox 618 2135 729 2206; x_wconf 89' lang='lat' dir='ltr'>etiam</span> <span class='ocrx_word' id='word_1_110' title='bbox 738 2136 1035 2227; x_wconf 87' lang='lat' dir='ltr'>mendicantium,</span> <span class='ocrx_word' id='word_1_111' title='bbox 1045 2136 1423 2234; x_wconf 84' lang='lat' dir='ltr'>juxtaordinationem</span> 
     </span>
     <span class='ocr_line' id='line_1_14' title="bbox 94 2257 1424 2360; baseline 0.005 -32"><span class='ocrx_word' id='word_1_112' title='bbox 94 2257 202 2330; x_wconf 91' lang='lat' dir='ltr'>nuntii</span> <span class='ocrx_word' id='word_1_113' title='bbox 219 2265 257 2333; x_wconf 92' lang='lat' dir='ltr'>et</span> <span class='ocrx_word' id='word_1_114' title='bbox 283 2257 523 2332; x_wconf 89' lang='lat' dir='ltr'>commissarii</span> <span class='ocrx_word' id='word_1_115' title='bbox 548 2283 590 2360; x_wconf 89' lang='lat' dir='ltr'>ac</span> <span class='ocrx_word' id='word_1_116' title='bbox 606 2259 897 2357; x_wconf 89' lang='lat' dir='ltr'>deputandorum</span> <span class='ocrx_word' id='word_1_117' title='bbox 912 2269 947 2336; x_wconf 88' lang='lat' dir='ltr'>et</span> <span class='ocrx_word' id='word_1_118' title='bbox 976 2261 1329 2360; x_wconf 84' lang='lat' dir='ltr'>subdelegondorum</span> <span class='ocrx_word' id='word_1_119' title='bbox 1345 2285 1424 2359; x_wconf 92' lang='lat' dir='ltr'>pre-</span> 
     </span>
     <span class='ocr_line' id='line_1_15' title="bbox 94 2383 1422 2484; baseline 0.005 -30"><span class='ocrx_word' id='word_1_120' title='bbox 94 2383 285 2473; x_wconf 89' lang='lat' dir='ltr'>dictorum,</span> <span class='ocrx_word' id='word_1_121' title='bbox 305 2385 341 2456; x_wconf 94' lang='lat' dir='ltr'>in</span> <span class='ocrx_word' id='word_1_122' title='bbox 364 2383 579 2473; x_wconf 85' lang='lat' dir='ltr'>civitatibus,</span> <span class='ocrx_word' id='word_1_123' title='bbox 596 2384 686 2458; x_wconf 90' lang='lat' dir='ltr'>locis</span> <span class='ocrx_word' id='word_1_124' title='bbox 702 2391 739 2459; x_wconf 93' lang='lat' dir='ltr'>et</span> <span class='ocrx_word' id='word_1_125' title='bbox 763 2386 928 2460; x_wconf 88' lang='lat' dir='ltr'>ecclesiis</span> <span class='ocrx_word' id='word_1_126' title='bbox 954 2389 999 2460; x_wconf 92' lang='lat' dir='ltr'>ad</span> <span class='ocrx_word' id='word_1_127' title='bbox 1019 2387 1090 2460; x_wconf 92' lang='lat' dir='ltr'>hoc</span> <span class='ocrx_word' id='word_1_128' title='bbox 1105 2387 1321 2484; x_wconf 91' lang='lat' dir='ltr'>deputandis</span> <span class='ocrx_word' id='word_1_129' title='bbox 1338 2411 1422 2484; x_wconf 91' lang='lat' dir='ltr'>pre-</span> 
     </span>
     <span class='ocr_line' id='line_1_16' title="bbox 96 2509 1422 2607; baseline 0.004 -27"><span class='ocrx_word' id='word_1_130' title='bbox 96 2509 212 2598; x_wconf 89' lang='lat' dir='ltr'>dicari,</span> <span class='ocrx_word' id='word_1_131' title='bbox 243 2509 423 2607; x_wconf 90' lang='lat' dir='ltr'>publicari</span> <span class='ocrx_word' id='word_1_132' title='bbox 452 2515 486 2582; x_wconf 91' lang='lat' dir='ltr'>et</span> <span class='ocrx_word' id='word_1_133' title='bbox 504 2509 695 2598; x_wconf 91' lang='lat' dir='ltr'>declarari,</span> <span class='ocrx_word' id='word_1_134' title='bbox 722 2535 764 2584; x_wconf 89' lang='lat' dir='ltr'>ac</span> <span class='ocrx_word' id='word_1_135' title='bbox 783 2511 899 2585; x_wconf 89' lang='lat' dir='ltr'>dictos</span> <span class='ocrx_word' id='word_1_136' title='bbox 919 2511 1050 2585; x_wconf 86' lang='lat' dir='ltr'>Christi</span> <span class='ocrx_word' id='word_1_137' title='bbox 1067 2511 1193 2584; x_wconf 86' lang='lat' dir='ltr'>fideles</span> <span class='ocrx_word' id='word_1_138' title='bbox 1219 2511 1264 2584; x_wconf 94' lang='lat' dir='ltr'>ad</span> <span class='ocrx_word' id='word_1_139' title='bbox 1285 2513 1422 2585; x_wconf 91' lang='lat' dir='ltr'>contri-</span> 
     </span>
     <span class='ocr_line' id='line_1_17' title="bbox 96 2633 1421 2733; baseline 0.004 -28"><span class='ocrx_word' id='word_1_140' title='bbox 96 2634 276 2708; x_wconf 87' lang='lat' dir='ltr'>buendum</span> <span class='ocrx_word' id='word_1_141' title='bbox 291 2633 377 2706; x_wconf 90' lang='lat' dir='ltr'>huic</span> <span class='ocrx_word' id='word_1_142' title='bbox 393 2637 518 2707; x_wconf 91' lang='lat' dir='ltr'>saneto</span> <span class='ocrx_word' id='word_1_143' title='bbox 534 2634 636 2730; x_wconf 91' lang='lat' dir='ltr'>operi</span> <span class='ocrx_word' id='word_1_144' title='bbox 647 2634 767 2709; x_wconf 90' lang='lat' dir='ltr'>induci</span> <span class='ocrx_word' id='word_1_145' title='bbox 785 2641 819 2708; x_wconf 92' lang='lat' dir='ltr'>et</span> <span class='ocrx_word' id='word_1_146' title='bbox 836 2635 1034 2723; x_wconf 86' lang='lat' dir='ltr'>exhortari,</span> <span class='ocrx_word' id='word_1_147' title='bbox 1053 2659 1095 2710; x_wconf 91' lang='lat' dir='ltr'>ac</span> <span class='ocrx_word' id='word_1_148' title='bbox 1111 2659 1177 2733; x_wconf 90' lang='lat' dir='ltr'>per</span> <span class='ocrx_word' id='word_1_149' title='bbox 1190 2635 1260 2710; x_wconf 91' lang='lat' dir='ltr'>loci</span> <span class='ocrx_word' id='word_1_150' title='bbox 1277 2635 1421 2710; x_wconf 92' lang='lat' dir='ltr'>ordina-</span> 
     </span>
     <span class='ocr_line' id='line_1_18' title="bbox 94 2757 1420 2859; baseline 0.003 -29"><span class='ocrx_word' id='word_1_151' title='bbox 94 2759 170 2848; x_wconf 81' lang='lat' dir='ltr'>rios,</span> <span class='ocrx_word' id='word_1_152' title='bbox 189 2757 345 2832; x_wconf 87' lang='lat' dir='ltr'>abbates</span> <span class='ocrx_word' id='word_1_153' title='bbox 368 2765 404 2832; x_wconf 92' lang='lat' dir='ltr'>et</span> <span class='ocrx_word' id='word_1_154' title='bbox 424 2759 514 2832; x_wconf 88' lang='lat' dir='ltr'>alins</span> <span class='ocrx_word' id='word_1_155' title='bbox 536 2781 709 2856; x_wconf 89' lang='lat' dir='ltr'>personas</span> <span class='ocrx_word' id='word_1_156' title='bbox 731 2761 995 2836; x_wconf 85' lang='lat' dir='ltr'>ecclesiasticas</span> <span class='ocrx_word' id='word_1_157' title='bbox 1011 2761 1192 2859; x_wconf 91' lang='lat' dir='ltr'>predictas</span> <span class='ocrx_word' id='word_1_158' title='bbox 1208 2762 1254 2835; x_wconf 90' lang='lat' dir='ltr'>ad</span> <span class='ocrx_word' id='word_1_159' title='bbox 1269 2761 1305 2835; x_wconf 95' lang='lat' dir='ltr'>id</span> <span class='ocrx_word' id='word_1_160' title='bbox 1319 2763 1420 2836; x_wconf 89' lang='lat' dir='ltr'>auxi-</span> 
     </span>
     <span class='ocr_line' id='line_1_19' title="bbox 95 2883 1420 2984; baseline 0.005 -29"><span class='ocrx_word' id='word_1_161' title='bbox 95 2884 171 2958; x_wconf 89' lang='lat' dir='ltr'>lium</span> <span class='ocrx_word' id='word_1_162' title='bbox 202 2889 239 2962; x_wconf 90' lang='lat' dir='ltr'>et</span> <span class='ocrx_word' id='word_1_163' title='bbox 268 2883 465 2958; x_wconf 89' lang='lat' dir='ltr'>concilium</span> <span class='ocrx_word' id='word_1_164' title='bbox 491 2883 710 2958; x_wconf 82' lang='lat' dir='ltr'>attererem</span> <span class='ocrx_word' id='word_1_165' title='bbox 735 2886 903 2982; x_wconf 80' lang='lat' dir='ltr'>expendi,</span> <span class='ocrx_word' id='word_1_166' title='bbox 933 2909 1001 2960; x_wconf 91' lang='lat' dir='ltr'>nec</span> <span class='ocrx_word' id='word_1_167' title='bbox 1020 2909 1174 2984; x_wconf 89' lang='lat' dir='ltr'>nonper</span> <span class='ocrx_word' id='word_1_168' title='bbox 1201 2887 1367 2960; x_wconf 90' lang='lat' dir='ltr'>nuntium</span> <span class='ocrx_word' id='word_1_169' title='bbox 1384 2893 1420 2961; x_wconf 90' lang='lat' dir='ltr'>et</span> 
     </span>
     <span class='ocr_line' id='line_1_20' title="bbox 94 3007 1419 3108; baseline 0.002 -26"><span class='ocrx_word' id='word_1_170' title='bbox 94 3009 392 3100; x_wconf 84' lang='lat' dir='ltr'>commissarium,</span> <span class='ocrx_word' id='word_1_171' title='bbox 423 3031 465 3081; x_wconf 89' lang='lat' dir='ltr'>ac</span> <span class='ocrx_word' id='word_1_172' title='bbox 494 3007 721 3106; x_wconf 90' lang='lat' dir='ltr'>deputandos</span> <span class='ocrx_word' id='word_1_173' title='bbox 750 3018 787 3086; x_wconf 92' lang='lat' dir='ltr'>et</span> <span class='ocrx_word' id='word_1_174' title='bbox 815 3010 1106 3108; x_wconf 84' lang='lat' dir='ltr'>subdelegandos</span> <span class='ocrx_word' id='word_1_175' title='bbox 1136 3010 1319 3108; x_wconf 89' lang='lat' dir='ltr'>predictos</span> <span class='ocrx_word' id='word_1_176' title='bbox 1346 3020 1419 3088; x_wconf 91' lang='lat' dir='ltr'>tam</span> 
     </span>
     <span class='ocr_line' id='line_1_21' title="bbox 95 3133 1420 3232; baseline 0.005 -27"><span class='ocrx_word' id='word_1_177' title='bbox 95 3134 195 3232; x_wconf 81' lang='lat' dir='ltr'>ipsos,</span> <span class='ocrx_word' id='word_1_178' title='bbox 214 3135 245 3206; x_wconf 93' lang='lat' dir='ltr'>si</span> <span class='ocrx_word' id='word_1_179' title='bbox 263 3157 339 3208; x_wconf 91' lang='lat' dir='ltr'>nnn</span> <span class='ocrx_word' id='word_1_180' title='bbox 355 3133 554 3232; x_wconf 88' lang='lat' dir='ltr'>paruerint,</span> <span class='ocrx_word' id='word_1_181' title='bbox 572 3157 681 3230; x_wconf 90' lang='lat' dir='ltr'>quam</span> <span class='ocrx_word' id='word_1_182' title='bbox 696 3135 916 3232; x_wconf 85' lang='lat' dir='ltr'>generaliter</span> <span class='ocrx_word' id='word_1_183' title='bbox 935 3135 1222 3211; x_wconf 89' lang='lat' dir='ltr'>contradictores</span> <span class='ocrx_word' id='word_1_184' title='bbox 1238 3135 1420 3232; x_wconf 92' lang='lat' dir='ltr'>quoslibet</span> 
     </span>
     <span class='ocr_line' id='line_1_22' title="bbox 94 3259 1419 3358; baseline 0.005 -29"><span class='ocrx_word' id='word_1_185' title='bbox 94 3259 285 3334; x_wconf 79' lang='lat' dir='ltr'>atrebelles</span> <span class='ocrx_word' id='word_1_186' title='bbox 301 3281 548 3357; x_wconf 89' lang='lat' dir='ltr'>percensuras</span> <span class='ocrx_word' id='word_1_187' title='bbox 564 3260 829 3334; x_wconf 89' lang='lat' dir='ltr'>ecclesiasticas</span> <span class='ocrx_word' id='word_1_188' title='bbox 845 3266 882 3333; x_wconf 88' lang='lat' dir='ltr'>et</span> <span class='ocrx_word' id='word_1_189' title='bbox 898 3260 1064 3358; x_wconf 88' lang='lat' dir='ltr'>aliajuris</span> <span class='ocrx_word' id='word_1_190' title='bbox 1080 3266 1288 3358; x_wconf 89' lang='lat' dir='ltr'>opportuna</span> <span class='ocrx_word' id='word_1_191' title='bbox 1303 3285 1419 3336; x_wconf 90' lang='lat' dir='ltr'>rame-</span> 
     </span>
     <span class='ocr_line' id='line_1_23' title="bbox 93 3383 1415 3484; baseline 0.004 -29"><span class='ocrx_word' id='word_1_192' title='bbox 93 3384 156 3475; x_wconf 86' lang='lat' dir='ltr'>dia,</span> <span class='ocrx_word' id='word_1_193' title='bbox 168 3385 339 3459; x_wconf 89' lang='lat' dir='ltr'>invocato</span> <span class='ocrx_word' id='word_1_194' title='bbox 354 3383 463 3458; x_wconf 91' lang='lat' dir='ltr'>etiam</span> <span class='ocrx_word' id='word_1_195' title='bbox 477 3385 524 3458; x_wconf 93' lang='lat' dir='ltr'>ad</span> <span class='ocrx_word' id='word_1_196' title='bbox 535 3384 621 3475; x_wconf 90' lang='lat' dir='ltr'>hoa,</span> <span class='ocrx_word' id='word_1_197' title='bbox 639 3387 668 3458; x_wconf 95' lang='lat' dir='ltr'>si</span> <span class='ocrx_word' id='word_1_198' title='bbox 682 3409 774 3484; x_wconf 91' lang='lat' dir='ltr'>opus</span> <span class='ocrx_word' id='word_1_199' title='bbox 789 3386 909 3476; x_wconf 87' lang='lat' dir='ltr'>luerit,</span> <span class='ocrx_word' id='word_1_200' title='bbox 926 3385 1060 3460; x_wconf 88' lang='lat' dir='ltr'>anxilio</span> <span class='ocrx_word' id='word_1_201' title='bbox 1079 3385 1214 3460; x_wconf 91' lang='lat' dir='ltr'>brachii</span> <span class='ocrx_word' id='word_1_202' title='bbox 1229 3387 1415 3478; x_wconf 90' lang='lat' dir='ltr'>secularis,</span> 
     </span>
     <span class='ocr_line' id='line_1_24' title="bbox 93 3509 1413 3608; baseline 0.002 -27"><span class='ocrx_word' id='word_1_203' title='bbox 93 3511 268 3608; x_wconf 84' lang='lat' dir='ltr'>compesci</span> <span class='ocrx_word' id='word_1_204' title='bbox 285 3515 323 3585; x_wconf 89' lang='lat' dir='ltr'>et</span> <span class='ocrx_word' id='word_1_205' title='bbox 338 3510 520 3608; x_wconf 89' lang='lat' dir='ltr'>compelli,</span> <span class='ocrx_word' id='word_1_206' title='bbox 537 3509 672 3585; x_wconf 87' lang='lat' dir='ltr'>debere</span> <span class='ocrx_word' id='word_1_207' title='bbox 686 3511 865 3602; x_wconf 89' lang='lat' dir='ltr'>habitum,</span> <span class='ocrx_word' id='word_1_208' title='bbox 885 3517 1002 3586; x_wconf 90' lang='lat' dir='ltr'>ratum</span> <span class='ocrx_word' id='word_1_209' title='bbox 1019 3518 1055 3585; x_wconf 89' lang='lat' dir='ltr'>et</span> <span class='ocrx_word' id='word_1_210' title='bbox 1067 3517 1208 3606; x_wconf 81' lang='lat' dir='ltr'>gratum</span> <span class='ocrx_word' id='word_1_211' title='bbox 1225 3535 1413 3602; x_wconf 91' lang='lat' dir='ltr'>censuras,</span> 
     </span>
     <span class='ocr_line' id='line_1_25' title="bbox 93 3635 1416 3732; baseline 0.004 -27"><span class='ocrx_word' id='word_1_212' title='bbox 93 3641 124 3706; x_wconf 88' lang='lat' dir='ltr'>et</span> <span class='ocrx_word' id='word_1_213' title='bbox 136 3659 245 3731; x_wconf 92' lang='lat' dir='ltr'>penas</span> <span class='ocrx_word' id='word_1_214' title='bbox 269 3659 360 3732; x_wconf 88' lang='lat' dir='ltr'>quas</span> <span class='ocrx_word' id='word_1_215' title='bbox 380 3636 526 3708; x_wconf 90' lang='lat' dir='ltr'>nuntius</span> <span class='ocrx_word' id='word_1_216' title='bbox 545 3641 583 3708; x_wconf 93' lang='lat' dir='ltr'>et</span> <span class='ocrx_word' id='word_1_217' title='bbox 601 3637 872 3710; x_wconf 89' lang='lat' dir='ltr'>commissarius</span> <span class='ocrx_word' id='word_1_218' title='bbox 887 3641 924 3710; x_wconf 89' lang='lat' dir='ltr'>et</span> <span class='ocrx_word' id='word_1_219' title='bbox 944 3635 1136 3732; x_wconf 77' lang='lat' dir='ltr'>delegandi</span> <span class='ocrx_word' id='word_1_220' title='bbox 1154 3659 1196 3710; x_wconf 89' lang='lat' dir='ltr'>ae</span> <span class='ocrx_word' id='word_1_221' title='bbox 1220 3636 1416 3732; x_wconf 88' lang='lat' dir='ltr'>deputandi</span> 
     </span>
     <span class='ocr_line' id='line_1_26' title="bbox 93 3759 1414 3855; baseline 0.003 -24"><span class='ocrx_word' id='word_1_222' title='bbox 93 3761 232 3855; x_wconf 89' lang='lat' dir='ltr'>predicti</span> <span class='ocrx_word' id='word_1_223' title='bbox 263 3761 332 3836; x_wconf 91' lang='lat' dir='ltr'>rite</span> <span class='ocrx_word' id='word_1_224' title='bbox 356 3759 505 3834; x_wconf 92' lang='lat' dir='ltr'>tulerint</span> <span class='ocrx_word' id='word_1_225' title='bbox 533 3761 606 3834; x_wconf 90' lang='lat' dir='ltr'>sive</span> <span class='ocrx_word' id='word_1_226' title='bbox 628 3760 820 3835; x_wconf 91' lang='lat' dir='ltr'>statuerint</span> <span class='ocrx_word' id='word_1_227' title='bbox 846 3763 882 3834; x_wconf 94' lang='lat' dir='ltr'>in</span> <span class='ocrx_word' id='word_1_228' title='bbox 911 3759 1079 3852; x_wconf 90' lang='lat' dir='ltr'>rebelles,</span> <span class='ocrx_word' id='word_1_229' title='bbox 1102 3767 1139 3834; x_wconf 91' lang='lat' dir='ltr'>et</span> <span class='ocrx_word' id='word_1_230' title='bbox 1165 3761 1294 3834; x_wconf 86' lang='lat' dir='ltr'>tacturi</span> <span class='ocrx_word' id='word_1_231' title='bbox 1322 3762 1414 3850; x_wconf 90' lang='lat' dir='ltr'>illas,</span> 
     </span>
     <span class='ocr_line' id='line_1_27' title="bbox 93 3885 1416 3982; baseline 0.003 -26"><span class='ocrx_word' id='word_1_232' title='bbox 93 3891 228 3960; x_wconf 89' lang='lat' dir='ltr'>auctore</span> <span class='ocrx_word' id='word_1_233' title='bbox 253 3886 425 3978; x_wconf 88' lang='lat' dir='ltr'>Domine,</span> <span class='ocrx_word' id='word_1_234' title='bbox 451 3885 633 3982; x_wconf 91' lang='lat' dir='ltr'>usquead</span> <span class='ocrx_word' id='word_1_235' title='bbox 657 3885 944 3960; x_wconf 78' lang='lat' dir='ltr'>satisfactionem</span> <span class='ocrx_word' id='word_1_236' title='bbox 964 3886 1181 3982; x_wconf 82' lang='lat' dir='ltr'>condignam</span> <span class='ocrx_word' id='word_1_237' title='bbox 1201 3887 1416 3961; x_wconf 89' lang='lat' dir='ltr'>inviolabili-</span> 
     </span>
     <span class='ocr_line' id='line_1_28' title="bbox 96 4009 1416 4108; baseline 0.005 -28"><span class='ocrx_word' id='word_1_238' title='bbox 96 4017 143 4082; x_wconf 89' lang='lat' dir='ltr'>tcr</span> <span class='ocrx_word' id='word_1_239' title='bbox 166 4009 363 4100; x_wconf 88' lang='lat' dir='ltr'>observari,</span> <span class='ocrx_word' id='word_1_240' title='bbox 383 4015 420 4084; x_wconf 93' lang='lat' dir='ltr'>et</span> <span class='ocrx_word' id='word_1_241' title='bbox 444 4009 665 4106; x_wconf 81' lang='lat' dir='ltr'>generaliter</span> <span class='ocrx_word' id='word_1_242' title='bbox 680 4011 856 4106; x_wconf 90' lang='lat' dir='ltr'>quidquid</span> <span class='ocrx_word' id='word_1_243' title='bbox 869 4035 936 4108; x_wconf 89' lang='lat' dir='ltr'>per</span> <span class='ocrx_word' id='word_1_244' title='bbox 950 4011 1117 4084; x_wconf 91' lang='lat' dir='ltr'>nuntium</span> <span class='ocrx_word' id='word_1_245' title='bbox 1147 4017 1182 4085; x_wconf 91' lang='lat' dir='ltr'>et</span> <span class='ocrx_word' id='word_1_246' title='bbox 1203 4012 1416 4087; x_wconf 91' lang='lat' dir='ltr'>commissa·</span> 
     </span>
     <span class='ocr_line' id='line_1_29' title="bbox 93 4133 1417 4234; baseline 0.005 -30"><span class='ocrx_word' id='word_1_247' title='bbox 93 4133 171 4208; x_wconf 91' lang='lat' dir='ltr'>rium</span> <span class='ocrx_word' id='word_1_248' title='bbox 187 4141 358 4210; x_wconf 90' lang='lat' dir='ltr'>nostrum</span> <span class='ocrx_word' id='word_1_249' title='bbox 380 4159 421 4208; x_wconf 92' lang='lat' dir='ltr'>ac</span> <span class='ocrx_word' id='word_1_250' title='bbox 446 4135 675 4233; x_wconf 88' lang='lat' dir='ltr'>deputandos</span> <span class='ocrx_word' id='word_1_251' title='bbox 700 4143 736 4208; x_wconf 91' lang='lat' dir='ltr'>et</span> <span class='ocrx_word' id='word_1_252' title='bbox 751 4135 1041 4232; x_wconf 81' lang='lat' dir='ltr'>subdelegandos</span> <span class='ocrx_word' id='word_1_253' title='bbox 1069 4134 1252 4232; x_wconf 89' lang='lat' dir='ltr'>predictos</span> <span class='ocrx_word' id='word_1_254' title='bbox 1273 4137 1308 4208; x_wconf 93' lang='lat' dir='ltr'>in</span> <span class='ocrx_word' id='word_1_255' title='bbox 1336 4161 1417 4234; x_wconf 90' lang='lat' dir='ltr'>prc-</span> 
     </span>
     <span class='ocr_line' id='line_1_30' title="bbox 94 4257 1414 4358; baseline 0.005 -28"><span class='ocrx_word' id='word_1_256' title='bbox 94 4260 202 4332; x_wconf 90' lang='lat' dir='ltr'>missis</span> <span class='ocrx_word' id='word_1_257' title='bbox 229 4261 298 4334; x_wconf 85' lang='lat' dir='ltr'>tuit</span> <span class='ocrx_word' id='word_1_258' title='bbox 326 4257 601 4358; x_wconf 90' lang='lat' dir='ltr'>quomodolibet</span> <span class='ocrx_word' id='word_1_259' title='bbox 633 4259 853 4350; x_wconf 92' lang='lat' dir='ltr'>ordinatum,</span> <span class='ocrx_word' id='word_1_260' title='bbox 892 4283 1003 4357; x_wconf 89' lang='lat' dir='ltr'>super</span> <span class='ocrx_word' id='word_1_261' title='bbox 1026 4261 1156 4356; x_wconf 92' lang='lat' dir='ltr'>quibus</span> <span class='ocrx_word' id='word_1_262' title='bbox 1185 4261 1352 4335; x_wconf 90' lang='lat' dir='ltr'>omnihus</span> <span class='ocrx_word' id='word_1_263' title='bbox 1379 4269 1414 4338; x_wconf 94' lang='lat' dir='ltr'>et</span> 
     </span>
     <span class='ocr_line' id='line_1_31' title="bbox 93 4383 1413 4482; baseline 0.007 -30"><span class='ocrx_word' id='word_1_264' title='bbox 93 4383 231 4480; x_wconf 81' lang='lat' dir='ltr'>singulis</span> <span class='ocrx_word' id='word_1_265' title='bbox 243 4383 313 4458; x_wconf 91' lang='lat' dir='ltr'>sibi</span> <span class='ocrx_word' id='word_1_266' title='bbox 325 4407 369 4460; x_wconf 91' lang='lat' dir='ltr'>ac</span> <span class='ocrx_word' id='word_1_267' title='bbox 382 4383 597 4482; x_wconf 88' lang='lat' dir='ltr'>deputandis</span> <span class='ocrx_word' id='word_1_268' title='bbox 618 4389 655 4458; x_wconf 90' lang='lat' dir='ltr'>et</span> <span class='ocrx_word' id='word_1_269' title='bbox 669 4385 948 4482; x_wconf 79' lang='lat' dir='ltr'>subdelegandis</span> <span class='ocrx_word' id='word_1_270' title='bbox 962 4385 1136 4482; x_wconf 88' lang='lat' dir='ltr'>predictis</span> <span class='ocrx_word' id='word_1_271' title='bbox 1149 4386 1309 4482; x_wconf 91' lang='lat' dir='ltr'>plenam,</span> <span class='ocrx_word' id='word_1_272' title='bbox 1326 4387 1413 4461; x_wconf 89' lang='lat' dir='ltr'>libe-</span> 
     </span>
     <span class='ocr_line' id='line_1_32' title="bbox 94 4509 1411 4607; baseline 0.005 -28"><span class='ocrx_word' id='word_1_273' title='bbox 94 4529 160 4580; x_wconf 88' lang='lat' dir='ltr'>ram</span> <span class='ocrx_word' id='word_1_274' title='bbox 175 4517 210 4584; x_wconf 91' lang='lat' dir='ltr'>et</span> <span class='ocrx_word' id='word_1_275' title='bbox 226 4509 476 4584; x_wconf 87' lang='lat' dir='ltr'>omnimodam</span> <span class='ocrx_word' id='word_1_276' title='bbox 496 4510 607 4582; x_wconf 88' lang='lat' dir='ltr'>etiam</span> <span class='ocrx_word' id='word_1_277' title='bbox 624 4509 721 4584; x_wconf 89' lang='lat' dir='ltr'>circa</span> <span class='ocrx_word' id='word_1_278' title='bbox 740 4509 993 4606; x_wconf 88' lang='lat' dir='ltr'>processiones</span> <span class='ocrx_word' id='word_1_279' title='bbox 1013 4509 1157 4607; x_wconf 92' lang='lat' dir='ltr'>publice</span> <span class='ocrx_word' id='word_1_280' title='bbox 1173 4511 1219 4584; x_wconf 91' lang='lat' dir='ltr'>ad</span> <span class='ocrx_word' id='word_1_281' title='bbox 1242 4510 1411 4585; x_wconf 84' lang='lat' dir='ltr'>ellectum</span> 
     </span>
     <span class='ocr_line' id='line_1_33' title="bbox 93 4633 1411 4731; baseline 0.004 -28"><span class='ocrx_word' id='word_1_282' title='bbox 93 4635 299 4726; x_wconf 88' lang='lat' dir='ltr'>premissum</span> <span class='ocrx_word' id='word_1_283' title='bbox 325 4633 525 4724; x_wconf 85' lang='lat' dir='ltr'>iaciendas,</span> <span class='ocrx_word' id='word_1_284' title='bbox 548 4634 730 4731; x_wconf 88' lang='lat' dir='ltr'>acpopuli</span> <span class='ocrx_word' id='word_1_285' title='bbox 752 4633 862 4708; x_wconf 92' lang='lat' dir='ltr'>etiam</span> <span class='ocrx_word' id='word_1_286' title='bbox 883 4634 1077 4707; x_wconf 89' lang='lat' dir='ltr'>adsunam</span> <span class='ocrx_word' id='word_1_287' title='bbox 1106 4657 1282 4731; x_wconf 88' lang='lat' dir='ltr'>campane</span> <span class='ocrx_word' id='word_1_288' title='bbox 1310 4658 1411 4709; x_wconf 89' lang='lat' dir='ltr'>com-</span> 
     </span>
     <span class='ocr_line' id='line_1_34' title="bbox 94 4757 1412 4856; baseline 0.005 -29"><span class='ocrx_word' id='word_1_289' title='bbox 94 4759 376 4848; x_wconf 89' lang='lat' dir='ltr'>municationem,</span> <span class='ocrx_word' id='word_1_290' title='bbox 394 4760 478 4832; x_wconf 92' lang='lat' dir='ltr'>&#39;non</span> <span class='ocrx_word' id='word_1_291' title='bbox 503 4757 730 4833; x_wconf 90' lang='lat' dir='ltr'>obstantibus</span> <span class='ocrx_word' id='word_1_292' title='bbox 755 4759 942 4856; x_wconf 92' lang='lat' dir='ltr'>premissis</span> <span class='ocrx_word' id='word_1_293' title='bbox 967 4781 1009 4832; x_wconf 92' lang='lat' dir='ltr'>ac</span> <span class='ocrx_word' id='word_1_294' title='bbox 1032 4758 1349 4833; x_wconf 89' lang='lat' dir='ltr'>constitutionibus</span> <span class='ocrx_word' id='word_1_295' title='bbox 1376 4766 1412 4834; x_wconf 91' lang='lat' dir='ltr'>et</span> 
     </span>
     <span class='ocr_line' id='line_1_35' title="bbox 93 4881 1447 4982; baseline 0.007 -32"><span class='ocrx_word' id='word_1_296' title='bbox 93 4881 365 4959; x_wconf 87' lang='lat' dir='ltr'>ordinationibus</span> <span class='ocrx_word' id='word_1_297' title='bbox 380 4883 601 4982; x_wconf 89' lang='lat' dir='ltr'>apostolicis,</span> <span class='ocrx_word' id='word_1_298' title='bbox 614 4907 758 4958; x_wconf 90' lang='lat' dir='ltr'>necnon</span> <span class='ocrx_word' id='word_1_299' title='bbox 769 4883 966 4981; x_wconf 82' lang='lat' dir='ltr'>privilegiis</span> <span class='ocrx_word' id='word_1_300' title='bbox 980 4888 1017 4956; x_wconf 91' lang='lat' dir='ltr'>et</span> <span class='ocrx_word' id='word_1_301' title='bbox 1031 4883 1177 4957; x_wconf 92' lang='lat' dir='ltr'>indultis</span> <span class='ocrx_word' id='word_1_302' title='bbox 1192 4883 1303 4957; x_wconf 90' lang='lat' dir='ltr'>ctiam</span> <span class='ocrx_word' id='word_1_303' title='bbox 1320 4885 1411 4958; x_wconf 91' lang='lat' dir='ltr'>mari</span> <span class='ocrx_word' id='word_1_304' title='bbox 1445 4931 1447 4936; x_wconf 94' lang='lat'>·</span> 
     </span>
     <span class='ocr_line' id='line_1_36' title="bbox 94 5007 1411 5107; baseline 0.005 -30"><span class='ocrx_word' id='word_1_305' title='bbox 94 5027 213 5104; x_wconf 83' lang='lat' dir='ltr'>magno</span> <span class='ocrx_word' id='word_1_306' title='bbox 243 5010 483 5107; x_wconf 91' lang='lat' dir='ltr'>nuncupatis,</span> <span class='ocrx_word' id='word_1_307' title='bbox 513 5007 653 5084; x_wconf 83' lang='lat' dir='ltr'>eisdem</span> <span class='ocrx_word' id='word_1_308' title='bbox 686 5008 891 5100; x_wconf 90' lang='lat' dir='ltr'>ordinibus,</span> <span class='ocrx_word' id='word_1_309' title='bbox 921 5007 1137 5104; x_wconf 89' lang='lat' dir='ltr'>illorumque</span> <span class='ocrx_word' id='word_1_310' title='bbox 1170 5009 1335 5104; x_wconf 90' lang='lat' dir='ltr'>personis</span> <span class='ocrx_word' id='word_1_311' title='bbox 1373 5011 1411 5083; x_wconf 94' lang='lat' dir='ltr'>in</span> 
     </span>
     <span class='ocr_line' id='line_1_37' title="bbox 93 5131 1410 5232; baseline 0.005 -28"><span class='ocrx_word' id='word_1_312' title='bbox 93 5153 211 5222; x_wconf 75' lang='lat' dir='ltr'>genere</span> <span class='ocrx_word' id='word_1_313' title='bbox 224 5135 277 5210; x_wconf 87' lang='lat' dir='ltr'>rel</span> <span class='ocrx_word' id='word_1_314' title='bbox 287 5136 324 5208; x_wconf 92' lang='lat' dir='ltr'>in</span> <span class='ocrx_word' id='word_1_315' title='bbox 340 5135 475 5232; x_wconf 90' lang='lat' dir='ltr'>specie,</span> <span class='ocrx_word' id='word_1_316' title='bbox 490 5133 612 5208; x_wconf 81' lang='lat' dir='ltr'>forsan</span> <span class='ocrx_word' id='word_1_317' title='bbox 627 5135 695 5206; x_wconf 93' lang='lat' dir='ltr'>sub</span> <span class='ocrx_word' id='word_1_318' title='bbox 710 5134 897 5230; x_wconf 85' lang='lat' dir='ltr'>quibusvis</span> <span class='ocrx_word' id='word_1_319' title='bbox 912 5133 1108 5207; x_wconf 86' lang='lat' dir='ltr'>verborum</span> <span class='ocrx_word' id='word_1_320' title='bbox 1123 5131 1250 5205; x_wconf 87' lang='lat' dir='ltr'>tormis</span> <span class='ocrx_word' id='word_1_321' title='bbox 1263 5141 1299 5207; x_wconf 91' lang='lat' dir='ltr'>et</span> <span class='ocrx_word' id='word_1_322' title='bbox 1311 5135 1410 5210; x_wconf 92' lang='lat' dir='ltr'>clau-</span> 
     </span>
     <span class='ocr_line' id='line_1_38' title="bbox 93 5255 1408 5356; baseline 0.01 -33"><span class='ocrx_word' id='word_1_323' title='bbox 93 5255 166 5329; x_wconf 87' lang='lat' dir='ltr'>sulis</span> <span class='ocrx_word' id='word_1_324' title='bbox 178 5259 281 5334; x_wconf 92' lang='lat' dir='ltr'>etiam</span> <span class='ocrx_word' id='word_1_325' title='bbox 297 5261 554 5356; x_wconf 82' lang='lat' dir='ltr'>derogatorum</span> <span class='ocrx_word' id='word_1_326' title='bbox 569 5259 821 5354; x_wconf 77' lang='lat' dir='ltr'>derogatoriis,</span> <span class='ocrx_word' id='word_1_327' title='bbox 839 5257 1062 5346; x_wconf 86' lang='lat' dir='ltr'>tortioribus,</span> <span class='ocrx_word' id='word_1_328' title='bbox 1081 5255 1352 5332; x_wconf 79' lang='lat' dir='ltr'>efficacioribus</span> <span class='ocrx_word' id='word_1_329' title='bbox 1372 5269 1408 5336; x_wconf 92' lang='lat' dir='ltr'>et</span> 
     </span>
    </p>
   </div>
   <div class='ocr_carea' id='block_1_4' title="bbox 0 0 1756 6036">
    <p class='ocr_par' dir='ltr' id='par_1_4' title="bbox 0 0 1756 6036">
     <span class='ocr_line' id='line_1_39' title="bbox 0 0 1756 6036; baseline 0 1"><span class='ocrx_word' id='word_1_330' title='bbox 0 0 1756 6036; x_wconf 95' lang='lat' dir='ltr'> </span> 
     </span>
    </p>
   </div>
  </div>
 </body>
</html>
