3520 6036
310 611 364 670 364
460 601 466 612 ⁸
765 603 942 664 JOllANNlS
966 601 1189 678 abacelam,
1391 607 1558 673 [Septembre
1574 611 1652 676 laet]

309 761 355 836 ad
372 757 558 834 basilicam
574 780 603 830 s.
622 754 737 847 Petri;
755 761 792 831 et
818 753 1061 830 cardinalibus
1087 754 1149 853 qui
1172 755 1265 830 hera
1292 756 1469 855 vigesima
1491 761 1648 836 interes-

308 891 401 960 sent.
420 883 670 958 lnterluerunt
685 880 813 956 decem
830 879 1047 968 cardinales,
1068 878 1238 955 videlicet
1251 883 1525 980 Neapolitanus,
1541 887 1645 960 Ulix-

307 1007 494 1098 bonensis,
516 1031 545 1080 s.
561 1005 718 1102 Georgii,
736 1003 1012 1092 Alexandriana,
1031 1003 1515 1102 Regiensis,Salernitanus,
1533 1011 1642 1086 Vela-

306 1142 487 1222 terranus,
506 1133 551 1205 de
570 1131 699 1221 Flisce,
717 1130 896 1204 Adrianus
915 1135 951 1203 et
968 1129 1154 1204 Elnensis:
1176 1132 1341 1228 sepultus
1360 1133 1431 1209 luit
1445 1135 1485 1208 in
1503 1137 1646 1232 capella

308 1282 401 1358 pape
419 1257 522 1332 Sixti.
544 1260 596 1330 lle
610 1277 696 1330 cera
710 1259 747 1328 et
773 1255 851 1328 aliis
869 1254 1007 1346 neseio,
1029 1254 1098 1328 nisi
1129 1256 1226 1354 quod
1247 1257 1444 1334 noluerunt
1462 1260 1569 1335 nobis
1592 1262 1643 1334 di-

309 1385 453 1458 mittere
469 1382 585 1456 lectos
602 1379 905 1474 sivemateraties
920 1385 956 1454 et
973 1379 1057 1468 alia,
1078 1379 1164 1476 quia
1178 1380 1348 1458 dixerunt
1366 1406 1440 1457 nen
1467 1407 1550 1460 esse
1567 1409 1642 1478 sua,

308 1514 344 1584 et
361 1509 545 1582 solverunt
561 1505 664 1580 nobis
682 1528 747 1602 pre
764 1503 817 1579 eis
835 1504 986 1578 ducales
1005 1505 1135 1578 decem
1153 1505 1198 1579 de
1216 1529 1376 1582 camera.

356 1638 396 1709 ln
411 1635 518 1708 necte
536 1629 716 1728 sequenti,
739 1634 781 1703 15
798 1629 953 1726 augusti,
974 1628 1069 1704 inter
1091 1633 1260 1726 quartam
1287 1636 1325 1706 ct
1353 1639 1492 1708 sextam
1517 1635 1642 1709 beram

306 1757 441 1835 recessi
472 1779 556 1831 cum
588 1760 743 1854 quatuor
774 1753 865 1828 meis
897 1754 1138 1830 familiaribus
1169 1756 1214 1830 de
1244 1757 1396 1833 Civitate
1426 1760 1638 1851 castellana,

309 1884 444 1960 Urbem
458 1881 658 1974 rediturus,
679 1903 750 1978 quo
767 1880 850 1954 veni
867 1880 951 1954 lune
965 1881 1056 1954 hera
1079 1881 1222 1956 decima
1247 1889 1380 1979 quarta
1404 1884 1462 1958 vel
1486 1885 1588 1960 circa
1607 1893 1641 1960 ut

307 2008 521 2082 interessem
538 2005 649 2081 misse
664 2004 882 2080 anniversali
906 2005 1100 2079 Alexandri
1118 2029 1188 2102 que
1211 2006 1356 2104 incepta
1371 2015 1466 2100 erat;
1494 2016 1641 2109 propte-

307 2155 372 2208 rea
386 2155 460 2206 non
478 2130 642 2204 interlui.
662 2129 771 2205 Missa
787 2129 998 2228 hujusmodi
1014 2129 1083 2204 luit
1097 2131 1195 2205 dicta
1217 2131 1254 2204 in
1277 2133 1387 2208 tertia
1411 2133 1494 2207 aula
1519 2135 1641 2231 palatii

308 2256 543 2356 quiaoapella
562 2255 821 2354 reparabatur;
849 2253 963 2329 altare
988 2259 1068 2329 erat
1089 2255 1124 2329 in
1152 2256 1243 2330 selio
1273 2259 1459 2334 communi
1485 2263 1583 2358 Papa
1609 2271 1643 2334 et

307 2387 405 2482 Pape
421 2382 550 2456 solium
566 2381 631 2456 luit
650 2361 807 2479 pesitum
823 2379 860 2454 in
876 2381 1043 2480 opposito
1061 2380 1241 2473 fenestre,
1260 2388 1296 2457 et
1311 2383 1381 2456 alia
1394 2407 1459 2482 pro
1473 2385 1641 2460 cardina-

306 2507 400 2582 libus
416 2511 453 2582 et
470 2507 634 2604 prelatis.
662 2508 761 2580 Bene
780 2505 980 2580 celebravit
997 2505 1148 2581 missam
1164 2507 1358 2606 episeopus
1377 2509 1639 2599 Bricersensis,

306 2633 443 2707 ordinis
459 2633 642 2706 minorum
651 2631 987 2729 penitentiarius,et
998 2631 1035 2704 in
1045 2631 1236 2706 basilicas.
1252 2633 1351 2708 Petri
1364 2637 1461 2732 Papa
1479 2633 1640 2708 interluit

305 2763 342 2834 et
358 2765 440 2833 ecto
456 2757 670 2846 cardinales,
688 2753 1144 2848 videlicet'AlexandrinuS,
1157 2757 1360 2857 Regiensis,
1374 2759 1636 2848 Salernitanus,

304 2883 576 2970 volaterranus,
593 2881 638 2955 de
656 2881 788 2971 Flisce,
809 2880 1000 2972 Adrianus,
1020 2881 1181 2956 Medicas
1211 2889 1249 2956 et
1265 2882 1432 2956 Elnensis
1445 2883 1505 2980 qui
1522 2884 1641 2956 astite-

300 3015 383 3080 runt
396 3011 493 3104 Pape
502 3007 649 3112 quierat
663 3007 701 3078 in
713 3006 860 3103 pluviali
872 3006 994 3098 rubro,
1008 3014 1044 3080 et
1058 3007 1177 3080 nonin
1189 3031 1326 3106 cappa;
1343 3013 1380 3082 et
1394 3008 1550 3082 absolvit
1561 3016 1639 3104 pest

302 3131 535 3229 missamque
552 3130 709 3206 debebat
727 3135 769 3204 18
785 3131 896 3229 hujus
911 3131 1100 3222 celebrari,
1114 3131 1144 3205 si
1158 3132 1369 3206 nenluisset
1386 3132 1582 3206 dominica.

348 3261 389 3332 ln
406 3257 464 3330 die
480 3256 740 3354 assumptionis
755 3255 861 3332 beate
876 3256 991 3332 ltlarie
1007 3256 1098 3332 obiit
1122 3257 1314 3356 episeopus
1337 3259 1635 3343 interamnensis,

303 3382 634 3458 clericuscamere.
696 3437 701 3446 .
749 3411 753 3420 ·
1343 3379 1350 3396 “

350 3509 416 3581 Die
430 3507 537 3606 jovis,
559 3511 605 3580 22
618 3505 775 3606 augusti,
794 3504 929 3581 recessi
946 3505 1185 3581 circaberam
1208 3506 1468 3582 duodecimam
1491 3513 1529 3581 et
1548 3508 1638 3582 redii

305 3634 351 3708 ad
365 3633 553 3709 Civitatem
569 3633 821 3708 castellanam.

352 3757 553 3846 Dominiou,
576 3762 621 3831 25
637 3759 792 3855 augusti,
809 3758 906 3833 circa
917 3759 1048 3834 horam
1060 3758 1330 3848 duodecimam,
1348 3759 1443 3832 bene
1460 3757 1638 3832 memorie

304 3881 496 3956 cardinalis
515 3886 790 3956 Beneventanus
809 3883 1006 3981 predictus,
1027 3883 1126 3980 prius
1151 3883 1449 3981 caputaquensis,
1471 3883 1637 3980 spiritum

302 4005 458 4082 reddidit
476 4005 652 4096 Creatori,
674 4007 734 4103 qni
749 4008 955 4105 requieseat
972 4008 1008 4081 in
1023 4005 1142 4106 pace(
1167 4006 1192 4106 ).

350 4117 621 4206 bietsluarunt
636 4131 765 4206 eadem
784 4133 842 4207 die
862 4133 983 4231 vigilie
1009 4133 1046 4206 in
1066 4132 1150 4206 aula
1167 4132 1297 4206 domus
1322 4155 1400 4222 sue,
1425 4131 1522 4205 hora
1540 4132 1637 4230 vige-

300 4255 391 4330 sima
414 4255 475 4352 vel
504 4255 612 4348 eirca,
640 4280 706 4354 pre
731 4258 860 4354 quibus
895 4258 1138 4332 interfuerunt
1174 4257 1378 4332 cardinales
1410 4280 1440 4330 s.
1475 4257 1635 4354 Georgii,

300 4381 578 4475 Alexandrinus,
597 4383 755 4458 Medicas
775 4390 811 4459 et
829 4384 1021 4458 Elnensis:
1045 4384 1176 4482 quibus
1204 4382 1328 4474 finitis,
1355 4387 1544 4480 portatum
1572 4383 1637 4455 luit

302 4506 457 4582 cadaver
469 4507 514 4580 ad
533 4507 725 4605 Populum,
755 4508 1038 4606 precedentibus
1061 4509 1188 4582 decern
1218 4506 1411 4582 interticiis
1436 4513 1473 4582 et
1497 4507 1637 4581 duabus

303 4633 603 4723 fraternitatibus,
622 4633 789 4710 videlieet
807 4634 1002 4710 Salvatoris
1020 4635 1239 4710 etMinerve.

350 4759 553 4850 Dominiea,
575 4765 595 4834 8
613 4759 841 4858 septembris,
859 4760 993 4834 lestum
1008 4762 1202 4836 nativitatis
1219 4763 1324 4837 beate
1341 4759 1452 4836 Maria
1467 4758 1635 4858 virginis,

300 4884 336 4957 in
353 4907 474 4974 mane,
494 4888 591 4983 Papa
606 4885 781 4982 equitavit
796 4885 842 4960 ad
852 4885 1039 4960 basilicam
1055 4885 1161 4961 beate
1176 4888 1289 4962 ltlarie
1303 4884 1452 4984 virginis
1472 4883 1635 4983 majoris,

299 5009 360 5083 ubi
377 5009 532 5084 solemni
547 5010 658 5085 misse
673 5010 851 5102 interluit,
875 5035 984 5108 quam
1003 5011 1199 5086 celebravit
1213 5011 1408 5088 cardinalis
1431 5009 1634 5107 Regiensis.

335 5196 362 5254 l.
383 5217 398 5248 o
424 5197 530 5270 Corpus
549 5215 639 5266 suum,
660 5215 693 5254 ex
716 5196 804 5270 ipsius
825 5202 1001 5270 testamento,
1024 5198 1163 5274 sepultum
1185 5205 1229 5257 est
1252 5199 1281 5256 in
1304 5197 1421 5257 eeclesia
1442 5213 1466 5256 s.
1493 5193 1581 5252 blarie
1604 5194 1637 5250 de

302 5282 413 5359 popule.
429 5307 444 5338 a
459 5286 496 5345 P.
514 5285 548 5342 de
563 5285 683 5352 Grassis,
699 5284 749 5344 fol.
766 5285 811 5343 38.
