3502 6036
304 581 355 639 138
757 575 933 634 JOHANNIS
957 575 1180 644 benennam,
1252 591 1256 597 ·
1485 581 1549 644 [liei
1565 585 1647 645 {50¹}

305 732 507 820 Dominice‚
537 729 683 827 quando
706 729 806 803 venit
830 727 1083 818 indominica,
1115 733 1151 801 et
1171 725 1263 802 alias
1289 727 1434 823 quando
1454 733 1642 816 occurrit,

306 855 542 956 equitentbis
559 855 605 930 ad
622 855 815 953 palatium.

354 982 490 1055 Eadem
508 979 581 1070 die,
600 978 722 1078 vigilia
738 977 971 1053 ascensionis
990 976 1150 1067 Domini,
1170 976 1320 1050 luerunt
1334 1001 1485 1075 vespere
1505 983 1646 1056 solem-

304 1131 370 1181 nes
387 1107 425 1179 in
446 1105 588 1203 capella
608 1104 747 1202 majore
769 1103 912 1201 palatii,
937 1106 1037 1200 Papa
1054 1107 1240 1199 presente,
1264 1102 1396 1198 quibus
1421 1105 1534 1180 etiam
1552 1131 1643 1180 cum

302 1233 384 1306 aliis
402 1231 610 1306 oratoribus
628 1230 876 1305 interfuerunt
892 1227 1110 1326 magnificus
1132 1209 1176 1300 o.
1202 1227 1387 1304 lohannes
1405 1231 1545 1320 Coviez,
1568 1233 1645 1304 mi-

302 1359 370 1448 les,
397 1357 573 1456 magister
600 1360 859 1454 requestarum
882 1361 916 1428 et
938 1359 1063 1428 orator
1091 1351 1198 1426 lllmi.
1228 1352 1400 1450 Philippi,
1429 1355 1646 1430 archiducis

300 1483 459 1572 Austris,
471 1471 705 1579 burgundie,
726 1483 774 1570 et,
797 1479 899 1554 ducis
914 1477 976 1575 qui
994 1477 1171 1574 processit
1188 1479 1335 1565 extunc,
1354 1483 1392 1552 at
1408 1479 1582 1574 proxime
1600 1503 1646 1553 ac

303 1607 383 1680 aliis
410 1605 645 1704 sequentibus
670 1605 801 1678 diebus
828 1609 865 1678 et
890 1601 1132 1700 temporibus,
1165 1601 1339 1699 quamdiu
1365 1601 1431 1676 luit
1457 1604 1495 1676 in
1524 1607 1641 1694 Urbe,

304 1737 490 1810 oratorem
506 1735 746 1818 Venetorum,
772 1730 832 1825 qui
855 1753 893 1801 sa
911 1751 985 1804 non
1008 1725 1180 1824 opposuit
1196 1726 1252 1802 vel
1274 1727 1423 1824 aliquod
1445 1729 1645 1804 minimum

303 1857 454 1929 verbum
472 1854 706 1929 contradixit.

352 1979 449 2052 lovis
465 1977 665 2075 sequentis,
682 1983 728 2051 20
739 1975 841 2068 maii,
856 1975 948 2050 testo
963 1973 1211 2065 ascensionis,
1232 1978 1359 2048 Rmus.
1378 1979 1421 2050 l).
1440 1975 1647 2052 cardinalis

304 2131 333 2179 s.
356 2102 482 2178 Crucis
501 2101 698 2176 celebravit
713 2100 864 2174 missam
881 2100 1083 2174 solemnem
1099 2101 1136 2174 in
1150 2099 1278 2174 eadem
1295 2100 1465 2196 predicta
1479 2101 1645 2197 capella,

303 2234 405 2326 Papa
421 2231 608 2326 presente,
625 2231 662 2299 ot
677 2247 750 2299 non
767 2225 835 2300 luit
852 2249 975 2300 sermo
991 2225 1078 2322 quia
1093 2228 1192 2322 Papa
1205 2224 1341 2313 noluit;
1359 2223 1458 2298 lacta
1475 2225 1645 2302 celebra-

306 2355 404 2428 tione
430 2349 668 2438 sacramenti,
691 2353 792 2446 Papa
815 2349 1000 2424 commisit
1019 2349 1188 2424 nunciari
1217 2347 1405 2422 canonicis
1431 2349 1588 2422 basilice
1613 2375 1643 2424 s.
1729 2407 1736 2416 .

305 2477 418 2569 Petri,
448 2477 546 2574 quod
570 2475 813 2550 ostenderent
842 2475 978 2572 populo
1005 2475 1158 2552 Vultum
1184 2474 1346 2566 Domini,
1372 2474 1470 2570 quod
1500 2473 1645 2550 lactum

305 2609 372 2677 est.
395 2602 507 2674 Missa
530 2599 648 2689 finita,
668 2604 767 2696 Papa
789 2599 980 2672 descendit
999 2597 1046 2672 ad
1066 2599 1189 2676 locum
1206 2599 1352 2696 publica
1370 2599 1645 2674 benedictionis

305 2733 340 2802 ot
357 2725 544 2800 benedixit
560 2723 710 2821 populo,
727 2745 831 2796 more
850 2722 969 2813 solito,
989 2723 1241 2799 cardinalibus
1258 2723 1439 2796 incorum
1456 2723 1591 2820 cappis
1608 2731 1645 2798 et

306 2850 459 2948 prelatis
477 2848 545 2921 sibi
565 2845 831 2920 assistentibus.
851 2847 1010 2922 Medicas
1028 2843 1283 2942 pronunciavit
1302 2846 1436 2942 populo
1449 2845 1645 2944 indulgen-

307 2975 376 3048 tias
392 2973 517 3062 latinc,
539 2977 576 3046 et
593 2997 623 3043 s.
644 2971 808 3046 Severini
824 2969 862 3048 in
878 2971 1030 3068 vulgari.

319 3137 323 3148 ·
355 3097 463 3170 Faria
479 3096 607 3192 quinta
629 3101 673 3168 27
698 3094 834 3168 mensis
855 3095 941 3170 maii
966 3093 1135 3192 predicti,
1158 3094 1426 3190 proclamatum
1451 3101 1486 3170 et
1508 3096 1643 3170 banni-

306 3229 384 3296 tum
396 3221 469 3294 tuit
487 3219 633 3316 publice
651 3243 718 3317 per
737 3220 887 3310 Urbem,
901 3221 1021 3315 quod,
1047 3219 1232 3294 dominica
1255 3223 1491 3294 Pentecosles
1516 3221 1642 3318 proxi-

306 3368 380 3436 ma,
405 3349 503 3443 Papa
525 3343 664 3418 venirat
685 3345 733 3419 ad
752 3343 942 3420 basilicam
964 3369 993 3417 s.
1019 3345 1116 3418 Patri
1139 3344 1186 3418 ad
1207 3343 1358 3418 missam
1379 3347 1641 3442 processiona-

298 3471 397 3560 liter,
425 3474 461 3543 et
486 3473 569 3568 post
587 3469 801 3544 ostendatur
819 3469 939 3543 vultus
961 3468 1107 3542 Domini
1125 3473 1162 3542 et
1182 3468 1324 3542 ferrum
1346 3471 1476 3556 lancee
1498 3469 1638 3546 Christi

297 3601 334 3670 at
347 3599 448 3694 Papa
461 3595 564 3670 dabit
579 3595 783 3669 solemnem
800 3594 1094 3670 benedictionem
1109 3593 1147 3671 in
1161 3594 1244 3670 loco
1257 3595 1365 3670 solito
1381 3599 1418 3668 et
1432 3596 1637 3692 plenariam

295 3721 561 3818 indulgentiam
576 3721 879 3794 interessentibus
894 3719 1124 3816 processioni
1139 3743 1209 3816 que
1225 3719 1283 3794 die
1299 3720 1384 3794 luna
1396 3724 1637 3796 Pentecostcs

297 3845 377 3917 lieri
409 3844 502 3918 solet
534 3845 580 3918 ad
611 3851 779 3918 sanctum
812 3845 1010 3940 Spiritum,
1046 3850 1083 3918 et
1105 3845 1285 3918 concessit
1315 3846 1483 3918 eamdem
1511 3846 1637 3920 indul-

299 3967 459 4066 gentiam
487 3968 657 4042 auntibus
683 3992 766 4042 cum
791 3969 1027 4066 processione
1055 3970 1152 4044 dicta
1178 3970 1236 4046 die
1263 3973 1498 4046 Pentecostes
1526 3971 1574 4045 da
1602 3997 1633 4044 s.

299 4094 478 4170 Petroad
503 4118 531 4167 S.
559 4093 733 4191 Spiritum
756 4114 867 4191 quam
890 4095 1078 4170 consecuti
1101 4095 1254 4170 luissent
1275 4095 1367 4168 alias
1390 4119 1494 4170 more
1522 4097 1635 4172 solito

298 4217 572 4314 processionem
602 4218 812 4316 hujusmodi
845 4219 1056 4316 sequendo;
1090 4220 1260 4316 quodque
1292 4219 1329 4292 in
1359 4221 1488 4294 cadem
1519 4221 1635 4294 missa

296 4339 544 4437 publicabitur
565 4342 670 4417 ledus
693 4344 824 4418 initum
847 4345 942 4418 inter
964 4348 1103 4442 Papam
1125 4350 1162 4418 at
1184 4368 1311 4444 regem
1330 4345 1489 4443 Ungarie
1512 4353 1546 4418 et
1569 4346 1635 4418 do-

295 4464 433 4538 minum
459 4471 684 4543 Venetorum
711 4475 842 4542 contra
869 4473 1026 4560 Turcas,
1055 4475 1091 4544 et
1118 4471 1217 4566 quod
1249 4469 1287 4545 in
1315 4494 1398 4544 sero
1429 4470 1528 4544 illius
1554 4472 1628 4545 diei

297 4589 457 4666 debeant
473 4590 553 4665 fieri
571 4617 637 4690 per
657 4595 795 4668 Urbem
813 4595 915 4692 ignes
934 4599 970 4668 et
987 4617 1054 4692 pcr
1072 4601 1194 4668 turres
1211 4595 1408 4670 luminaria
1427 4595 1465 4670 iu
1487 4595 1632 4694 signum

299 4717 421 4813 gaudii
441 4721 478 4790 at
494 4716 623 4792 letitie.

345 4841 408 4914 His
443 4841 592 4933 diebus,
628 4843 763 4918 fratres
796 4845 1073 4943 predicatorum
1110 4845 1393 4930 celebraverunt
1429 4846 1633 4943 capitulum
1746 4941 1747 4946 Ἰ

295 4966 468 5062 gencrale
491 4972 604 5042 Rome
627 4968 664 5042 in
688 4976 867 5044 conventu
888 4971 1051 5044 Minerva
1072 4994 1140 5067 pro
1159 4969 1337 5046 eloctione
1355 4971 1438 5056 novi
1462 4971 1632 5070 magistri

292 5089 330 5160 in
359 5089 481 5165 locum
508 5093 687 5183 defuncti,
719 5099 756 5168 ct
784 5094 923 5168 electus
958 5099 1014 5168 est
1042 5095 1158 5169 trater
1185 5095 1399 5172 Vincentius
1426 5095 1472 5170 dc
1499 5098 1632 5170 Castro

292 5215 404 5304 Novo,
435 5218 540 5290 Rmo.
573 5221 615 5290 Ι).
647 5219 824 5292 cardinali
848 5221 1101 5316 Neapolitano,
1124 5224 1340 5316 protectore
1361 5220 1451 5294 dicti
1473 5221 1630 5310 ordinis,
