3506 6034
334 606 388 664 250
783 602 960 662 JOHANNIS
984 601 1207 674 abacorum,
1496 606 1649 670 [snutrane]

335 765 479 858 portam
498 784 528 834 s.
554 759 755 850 Pancratii;
776 765 813 834 et
837 769 876 834 ut
898 760 997 834 illam
1017 759 1085 836 sibi
1104 759 1286 850 subderet,
1307 761 1489 838 interfecit
1506 762 1554 836 ibi
1570 763 1650 838 duos

335 891 373 962 et
388 887 478 960 alios
493 885 703 976 vulneravit,
730 891 765 960 et
780 910 853 958 non
869 885 996 960 habuit
1010 893 1167 986 portam.
1189 889 1348 960 Inmane
1362 888 1541 983 sequenti,
1561 888 1652 964 rediit

335 1017 371 1086 et
386 1011 549 1086 similiter
563 1034 645 1086 eam
659 1010 794 1086 babere
810 1035 883 1086 non
898 1013 1028 1108 potuit.

382 1136 614 1226 bleramus
633 1141 678 1212 25
697 1135 853 1234 augusti,
872 1135 938 1210 luit
956 1137 1111 1234 septima
1127 1137 1366 1234 congregatio
1383 1137 1418 1210 in
1441 1137 1550 1212 domo
1566 1140 1651 1213 Rmi.

333 1262 573 1360 Neapolitani,
604 1262 665 1358 qui
691 1261 894 1336 etiamhoc
913 1285 1019 1336 mane
1042 1261 1128 1336 lecit
1151 1262 1295 1360 pulsare
1323 1285 1541 1360 campanam
1566 1266 1652 1338 acsi

333 1396 429 1462 esset
458 1387 701 1484 equitaturus3
732 1394 767 1462 et
787 1387 1034 1462 'interfuerunt
1060 1387 1188 1465 decem
1218 1395 1254 1461 et
1276 1394 1416 1485 septem
1445 1389 1650 1469 cardinales.

331 1513 521 1591 uidelicet:
558 1513 831 1612 Neapolitanus
868 1513 1132 1602 UlixbonensiS,
1165 1515 1439 1604 Recanatonsis,
1478 1517 1653 1591 Beneuen-

335 1645 452 1727 tanus,
474 1662 503 1712 s.
530 1639 715 1730 PraxadiS,
734 1639 916 1736 episcopi3
938 1639 1217 1729 Alexandrinus,
1244 1663 1272 1714 s.
1296 1639 1434 1730 Crucis,
1456 1639 1650 1722 Grimanus.

333 1764 637 1861 caputaquensis,
673 1764 929 1855 Bononiensis,
965 1764 1010 1838 de
1039 1763 1174 1852 Flisco,
1214 1764 1441 1862 presbyteri;
1477 1765 1651 1850 Senensis,

332 1888 504 1980 Mediam,
534 1914 563 1962 s.
592 1889 765 1981 Severini,
792 1889 997 1980 Cesarinus,
1024 1889 1068 1964 de
1091 1889 1265 1962 Faruesio
1291 1895 1328 1963 et
1351 1889 1562 1981 Alibrcttus,
1588 1890 1654 1964 dia·

332 2013 436 2104 coni;
458 2014 714 2112 Neapolitanus
737 2040 846 2112 supra
862 2015 1068 2090 rochettum
1092 2037 1175 2090 cum
1196 2014 1384 2104 mantello,
1411 1995 1563 2092 utheri.
1586 2019 1654 2106 Vo-

332 2139 403 2214 cati
432 2139 578 2216 luerunt
607 2147 771 2215 oratores
804 2141 903 2239 regis
932 2144 1198 2228 Romanorum,
1231 2163 1324 2212 unus
1359 2140 1457 2237 regis
1491 2141 1653 2230 Francia,

332 2269 488 2360 quatuor
517 2265 612 2362 regis
644 2265 902 2362 Hispaniarum
927 2273 962 2341 at
984 2290 1077 2340 unus
1101 2269 1329 2342 Venetorum
1355 2287 1439 2339 cum
1465 2265 1656 2340 secretario

333 2388 482 2464 dominii
515 2391 644 2488 quibus
672 2391 889 2489 permissum
921 2390 988 2464 luit
1014 2397 1053 2466 ut
1077 2389 1341 2488 persuaderent
1372 2389 1455 2464 duci
1480 2413 1658 2465 recessum

332 2538 436 2592 suum
464 2515 508 2588 de
530 2516 641 2608 Urbe,
666 2523 702 2590 et
724 2516 960 2614 providerent
983 2515 1074 2590 Galli
1096 2523 1132 2590 et
1152 2515 1302 2613 Hispani
1322 2538 1368 2589 na
1387 2521 1517 2612 gentes
1538 2537 1657 2590 eorum

220 2668 221 2671 ¹
325 2641 489 2718 venirent
508 2641 554 2715 ad
579 2644 724 2718 Urbem.
751 2647 914 2716 Fuerunt
935 2642 1030 2716 inter
1051 2641 1257 2716 cardinales
1280 2646 1316 2713 et
1333 2645 1498 2714 oratores
1522 2639 1659 2718 circiter

326 2765 433 2840 trium
464 2768 638 2842 horarum
674 2769 831 2865 spatium
864 2767 1144 2857 collocutiones,
1181 2767 1458 2865 persuasiones,
1495 2767 1658 2863 proposi-

323 2891 454 2982 tiones,
473 2891 739 2992 disputationes
758 2901 794 2968 et
813 2893 1084 2968 conclusiones.
1107 2895 1200 2967 Ante
1217 2893 1302 2982 boc,
1325 2891 1562 2966 demandato
1581 2913 1658 2966 car·

323 3014 498 3090 dinalium
527 3019 651 3095 nescio
682 3043 852 3116 quorum,
890 3019 1128 3099 commissum
1157 3019 1255 3093 socio
1283 3042 1366 3092 meo
1394 3019 1493 3114 quod
1518 3017 1657 3091 intima-

324 3149 449 3216 rentur
476 3143 626 3240 exequie
652 3168 717 3242 pro
740 3169 823 3219 cras
845 3169 966 3234 mane,
989 3145 1088 3242 quod
1111 3143 1317 3218 cursoribus
1343 3141 1533 3232 commisi;
1569 3142 1659 3238 quod

336 3267 567 3366 ntelligentes
585 3273 710 3346 clerici
730 3295 887 3364 camere,
909 3271 1079 3345 dixerunt
1096 3270 1132 3344 id
1147 3269 1226 3342 fieri
1245 3293 1319 3344 non
1334 3293 1456 3367 posse.
1475 3273 1659 3344 Venerunt

322 3373 483 3472 ttondem
501 3397 547 3472 ad
562 3399 883 3497 congregationem
902 3403 938 3471 et
954 3397 1156 3472 retulerunt
1174 3419 1213 3469 se
1231 3395 1457 3472 contraxisse
1473 3418 1558 3469 cum
1575 3396 1659 3492 Spu-

331 3524 493 3598 nocchiis
509 3530 546 3598 et
562 3525 742 3598 Ghinutiis
759 3524 803 3597 de
819 3523 1034 3620 exponendo
1051 3546 1117 3621 pro
1135 3522 1298 3619 exequiis
1315 3526 1352 3596 et
1369 3517 1534 3596 conclavi
1550 3543 1657 3616 usque

330 3651 373 3724 ad
395 3675 574 3725 summam
591 3650 801 3747 quindecim
819 3649 919 3722 mille
940 3649 1155 3722 ducatorum
1175 3669 1372 3722 aureorum
1390 3648 1436 3720 de
1458 3668 1605 3720 camera
1626 3645 1657 3718 in

329 3799 432 3867 auro,
451 3801 519 3873 pro
537 3777 668 3872 quibus
690 3776 725 3849 in
744 3777 874 3874 pignus
893 3777 1072 3849 deberent
1087 3775 1174 3848 dare
1195 3773 1344 3848 monilia
1363 3777 1459 3870 Papo
1479 3771 1657 3870 impigno-

328 3909 408 3973 rata
428 3925 495 3996 per
516 3905 591 3974 DI).
617 3903 866 3997 Spauoccbios
885 3924 951 3999 pro
969 3901 1111 3974 duobus
1130 3899 1229 3973 mille
1247 3898 1388 3972 ducatis
1408 3922 1478 3994 qua
1496 3901 1656 3972 Ventura

328 4025 530 4098 Massainus
547 4026 635 4100 dixit
659 4027 739 4099 esse
764 4027 957 4124 pignorata
980 4049 1047 4122 pro
1070 4025 1199 4098 decem
1218 4024 1319 4098 mille
1342 4028 1379 4097 et
1403 4022 1483 4096 aliis
1499 4022 1657 4118 quinque

326 4151 426 4224 mille
454 4151 747 4248 impignorabant
774 4153 954 4250 deganam
978 4151 1068 4246 ripe,
1102 4157 1139 4225 et
1168 4151 1265 4246 quod
1296 4148 1407 4223 iidem
1436 4154 1656 4222 mercatores

325 4275 579 4373 promisissent
613 4277 700 4350 da're
727 4301 867 4374 pannos
898 4277 942 4350 de
971 4277 1091 4372 prima
1118 4282 1215 4350 sorte
1242 4299 1310 4372 pro
1337 4274 1492 4349 carlonis
1516 4277 1591 4364 LX,
1614 4271 1654 4348 de

324 4403 485 4476 secunda
507 4427 572 4500 pro
596 4405 686 4476 XLll
711 4409 744 4474 et
770 4402 813 4474 de
837 4403 948 4475 tertia
970 4425 1035 4500 pro
1063 4405 1139 4492 Xll,
1169 4407 1205 4475 et
1229 4401 1421 4498 stipulatus
1449 4403 1654 4475 contractus

321 4527 526 4626 hujusmodi
553 4551 619 4625 per
641 4528 851 4625 collegium,
873 4535 982 4624 prout
1001 4549 1082 4600 mos
1104 4532 1160 4600 est
1181 4526 1360 4600 notificare
1379 4535 1416 4599 et
1435 4527 1652 4622 approbare.

322 4654 523 4750 Collegium
536 4653 645 4727 voluit
657 4653 782 4726 audire
797 4659 1024 4728 contractum
1038 4677 1147 4750 quem
1160 4653 1325 4726 notarius
1338 4652 1475 4725 ibidem
1488 4651 1599 4749 legit(
1606 4652 1653 4749 t):

323 4801 393 4874 quo
412 4778 549 4867 audito,
569 4777 656 4850 dixit
672 4777 931 4874 Neapolitanus
949 4777 1047 4873 quod
1063 4777 1170 4851 vallet
1187 4777 1387 4850 deliberare
1406 4777 1452 4850 ad
1468 4799 1563 4849 crae.
1583 4777 1657 4850 Sol-

322 4901 484 4976 licitubat
504 4929 532 4976 s.
552 4903 681 4976 Crucis
697 4925 764 4998 pro
784 4903 946 4999 exequiis
964 4903 1124 4976 crastina
1138 4904 1196 4976 die
1215 4903 1359 4994 tieudis,
1378 4902 1573 4999 dequibus
1592 4901 1653 4974 luit

323 5035 517 5104 contentus
532 5027 802 5126 Neapolitanus.
822 5028 1097 5125 Responderunt
1118 5029 1238 5102 clerici
1261 5050 1333 5101 uon
1359 5051 1466 5124 posse
1487 5025 1568 5100 lieri
1588 5024 1653 5100 nisi
1747 5039 1748 5134 p

357 5309 383 5364 1.
404 5309 440 5364 Ca
455 5313 560 5365 contrat
574 5315 617 5366 est
631 5309 723 5383 public
739 5313 755 5365 a
771 5311 950 5386 l'appendice,
966 5322 998 5370 n⁰
1011 5317 1057 5374 ll.
