3612 6064
327 591 345 646 6
663 641 666 648 Α
791 582 965 640 ronnnnrs
990 582 1211 648 aneensem.
1456 583 1668 648 [sut-versuo]

324 739 392 829 bis,
419 739 514 834 quod
540 737 694 812 aliorum
719 736 923 811 vvlficiorum
948 736 1156 833 hujusmodi
1186 737 1282 811 bono
1309 744 1346 812 et
1373 736 1469 811 lelici
1493 737 1664 834 regimini

323 863 544 952 consuletur,
574 862 660 936 dum
689 863 883 959 siquidem,
915 885 998 936 cum
1027 861 1179 936 dilectus
1209 861 1305 936 filius
1328 868 1454 937 noster
1480 862 1664 936 Ascanius

321 989 434 1062 lllaria
451 1012 480 1061 s
500 988 572 1062 Viti
596 989 633 1061 in
651 987 803 1062 Macello
823 995 1022 1085 martyrum
1049 988 1209 1062 decanus
1226 987 1432 1078 cardinalis,
1455 1013 1484 1062 s,
1510 1011 1663 1062 romane

322 1090 484 1188 Ecclesia
504 1113 822 1188 vicecancellarius
838 1136 859 1186 a
882 1137 1035 1186 romana
1052 1113 1153 1187 curia
1167 1122 1264 1187 esset
1280 1114 1426 1203 absens,
1444 1118 1553 1212 prout
1569 1113 1663 1188 exli-

321 1237 374 1328 til,
389 1243 515 1334 etpost
531 1239 733 1312 absentiam
747 1237 956 1335 hujusmodi
967 1239 1062 1312 bone
1080 1238 1256 1312 memorie
1269 1238 1448 1336 ¹aloysius,
1461 1239 1657 1335 episcopus

320 1363 572 1453 Pisauriensis,
592 1365 652 1460 qui
672 1363 835 1460 predicto
850 1363 1148 1438 vicecancellario
1166 1364 1203 1438 in
1220 1363 1437 1438 cancellarie
1459 1363 1664 1462 apostolica

319 1494 584 1586 presenserat,
612 1489 656 1562 ab
680 1488 750 1562 hec
781 1489 863 1563 luce
897 1489 1067 1563 decessit.
1096 1492 1180 1576 Nos,
1209 1513 1255 1562 ne
1280 1498 1429 1587 propter
1453 1490 1660 1564 absentiam

214 1709 215 1712 Ἴ
320 1613 475 1711 predicti
496 1611 779 1687 vicecancellarii
803 1613 900 1688 dicta
919 1614 1136 1688 cancellaria
1158 1615 1417 1690 detrimentum
1433 1614 1584 1712 aliquod
1602 1638 1664 1712 pa-

320 1744 471 1828 teretur,
489 1739 804 1830 cumexercitium
825 1739 910 1812 dicti
926 1737 1037 1813 ollicii
1053 1762 1198 1815 cessare
1224 1763 1296 1813 non
1313 1746 1449 1838 posset,
1465 1739 1661 1814 venerabi-

318 1863 391 1936 lem
413 1862 560 1938 tratrem
581 1864 783 1938 iohannem
807 1865 1019 1960 Baptistam,
1039 1865 1251 1962 episcopum
1276 1866 1533 1952 Mutinensem,
1554 1865 1659 1940 data-

320 1989 428 2078 rium,
463 1995 499 2062 et
531 1989 818 2063 referendarium
851 1996 1017 2064 nostrum
1047 1990 1302 2083 domesticum,
1330 1997 1439 2087 atque
1464 2013 1577 2064 unum
1611 1989 1658 2062 de

319 2137 472 2187 numero
497 2114 712 2189 dilectorum
737 2115 896 2190 filiorum
922 2115 1212 2190 abbreviatarum
1242 2115 1391 2214 majoris
1417 2115 1654 2214 presidentie‚

319 2239 379 2334 qui
397 2263 463 2336 per
481 2239 590 2337 longa
613 2248 774 2338 tempora
791 2241 828 2314 in
844 2241 940 2315 dicta
961 2241 1177 2316 cancellaria
1196 2241 1232 2314 in
1257 2241 1486 2340 expeditione
1510 2240 1654 2314 littera-

320 2387 399 2436 rum
415 2365 694 2460 apostolicarum
715 2374 878 2440 versatus
898 2347 1028 2458 luerat,
1046 2376 1238 2464 regentem
1259 2368 1353 2441 dicta
1374 2365 1590 2442 cancellarie
1609 2365 1654 2438 ad

319 2487 411 2560 bene
426 2487 598 2584 placitum
614 2497 780 2564 nostrum
795 2501 893 2565 motu
913 2492 1060 2589 proprio
1081 2491 1338 2565 constituimus
1352 2498 1388 2566 et
1402 2490 1653 2588 deputavimus

320 2618 426 2709 prout
439 2611 474 2684 in
489 2614 623 2686 nostris
636 2614 719 2688 indo
736 2615 909 2690 conlectis
925 2616 1053 2690 littoris
1068 2616 1210 2712 plenius
1227 2617 1445 2690 continetur.

369 2767 387 2804 «
409 2735 503 2811 Cum
521 2745 643 2813 autem
662 2741 843 2836 predictus
868 2741 1049 2815 lohannes
1070 2742 1232 2838 Baptista
1254 2741 1457 2838 episcopus,
1483 2741 1542 2838 qui
1564 2742 1653 2816 hac-

320 2869 424 2935 tenus
450 2864 585 2936 dictum
608 2863 767 2938 officium
790 2865 1019 2940 laudabiliter
1035 2867 1196 2940 exercuit
1220 2873 1368 2964 propter
1393 2866 1592 2942 datariatus
1616 2877 1652 2940 et

319 2986 390 3058 alia
417 2987 562 3060 diversa
589 3011 737 3062 romane
763 2991 861 3064 curie
887 2990 1006 3064 olbcia
1030 3016 1099 3088 que
1127 2992 1251 3083 habet,
1275 2993 1450 3066 continuo
1475 2993 1552 3066 sine
1579 2992 1650 3066 ulla

319 3111 587 3186 intermissione
617 3135 787 3190 exercere
809 3139 851 3190 oc
873 3117 1034 3213 plenaria
1055 3117 1200 3214 negotia
1219 3141 1288 3214 que
1317 3118 1383 3191 sibi
1404 3117 1546 3192 ratione
1566 3116 1649 3190 olli-

317 3235 457 3308 ciorum
472 3236 580 3310 eliam
595 3239 765 3314 continue
779 3239 992 3314 incumbunt
1003 3242 1226 3338 expedienda
1242 3241 1320 3314 sine
1339 3265 1405 3314 suo
1425 3241 1585 3315 maximo
1601 3245 1651 3340 (et

316 3359 462 3456 negotia
496 3361 704 3461 hujusmodi
740 3365 776 3438 in
803 3365 899 3440 dicta
930 3367 1030 3440 curia
1060 3365 1372 3462 prosequentium)
1399 3367 1647 3454 incommodo,

315 3483 400 3557 dicti
421 3487 580 3584 regentis
604 3487 725 3564 officio
743 3490 930 3564 intendere
952 3499 1122 3588 nequeat,
1143 3495 1215 3566 Nos
1231 3491 1395 3566 volentes
1415 3515 1499 3564 eum
1515 3492 1561 3564 ab
1578 3492 1649 3566 hu-

309 3609 470 3703 jusmodi
489 3635 600 3686 onere
626 3614 789 3689 relevare
809 3624 858 3708 et,
880 3641 925 3689 ne
948 3623 1142 3714 propterea
1163 3617 1240 3715 ipsa
1262 3617 1480 3691 cancellaria
1497 3625 1648 3713 regente

313 3743 448 3823 careat,
467 3736 586 3810 debite
603 3740 805 3835 providere,
824 3749 872 3832 te,
893 3765 959 3839 pro
978 3765 1048 3838 quo
1068 3743 1177 3816 etiam
1196 3743 1312 3815 dictus
1330 3741 1649 3816 vicecancellarius

311 3858 415 3930 nobis
443 3884 552 3957 super
577 3862 649 3936 hoc
671 3865 856 3940 humililer
878 3867 1100 3965 supplicavit,
1125 3869 1162 3940 in
1190 3875 1380 3964 regentem
1408 3868 1493 3942 dicti
1519 3867 1646 3955 cilicii,

311 4003 395 4054 cum
413 3984 580 4058 omnibus
598 3993 633 4061 61
652 3988 802 4086 singulis
821 3991 916 4064 illius
936 3992 1151 4084 honoribus,
1172 3991 1343 4066 oneribus
1363 3999 1399 4066 et
1418 3993 1648 4066 emolumen-

312 4105 357 4178 tis
375 4110 559 4182 consuetis
586 4136 700 4208 usque
724 4115 770 4187 ad
792 4115 885 4190 bene
902 4118 1075 4215 placitum
1099 4123 1278 4208 nostrum,
1301 4118 1514 4192 auctoritate
1538 4142 1647 4216 apos-

313 4229 432 4322 tolica,
467 4239 593 4309 tenore
624 4241 849 4334 presentium
882 4244 1134 4317 constituimus
1166 4251 1201 4316 61
1229 4245 1446 4341 deputamus
1474 4249 1510 4318 61
1541 4243 1644 4335 illud,

312 4354 407 4428 dicto
425 4357 575 4433 durante
593 4363 849 4463 beneplacito,
867 4368 929 4440 tibi
947 4393 1013 4465 per
1032 4377 1080 4458 te,
1102 4369 1209 4444 veluti
1227 4377 1416 4466 regentem
1434 4369 1547 4467 ipsius
1568 4369 1647 4446 otn-

310 4479 373 4567 cii;
394 4483 607 4578 regendum,
628 4491 828 4584 gerendum
847 4500 882 4565 61
904 4495 1147 4567 exercendum
1165 4494 1440 4584 committimus,
1462 4495 1589 4567 dantes
1610 4504 1647 4568 ot

309 4606 554 4682 concedentes
571 4601 672 4686 motu
692 4615 798 4690 simili
816 4617 947 4692 harum
967 4619 1074 4694 seriei
1094 4619 1159 4693 tibi
1176 4620 1322 4717 plenam
1340 4627 1376 4694 et
1394 4620 1645 4695 omnimodam

309 4729 516 4806 facultatem
538 4736 661 4810 omnia
683 4746 718 4814 61
741 4741 880 4839 singula
903 4745 1002 4818 circa
1024 4744 1132 4818 officii
1155 4744 1365 4842 hujusmodi
1388 4745 1558 4837 faciendi,
1584 4770 1647 4842 ge·

309 4856 410 4928 rendi
430 4863 466 4932 et
489 4864 771 4960 exercendique
795 4867 979 4963 predictus
1002 4870 1185 4942 lohannes
1210 4869 1370 4967 Baptista
1391 4871 1583 4967 episcopus
1609 4877 1646 4946 61

307 4979 367 5052 6111
385 4981 479 5056 dicto
499 4987 713 5062 curvcellarie
737 4999 904 5088 regentes
923 4993 981 5089 qui
1005 5017 1070 5090 pro
1087 4999 1250 5090 tempore
1268 4993 1427 5084 luerunt,
1454 5020 1582 5092 gerere
1608 5003 1644 5071 61

309 5105 427 5176 166666
445 5116 481 5180 61
498 5135 669 5187 exercere
691 5118 978 5212 quomodolibet
996 5125 1191 5216 potnerunt
1210 5143 1274 5191 seu
1295 5120 1514 5195 debuerunt.

362 5260 379 5294 «
407 5233 457 5302 Tu
485 5243 619 5329 autem,
649 5243 860 5316 exercitium
892 5243 1000 5318 officii
1028 5243 1235 5338 hujusmodi
1269 5246 1414 5342 propria
1446 5247 1641 5321 devotione
