3590 6042
345 542 380 596 30
799 537 973 596 JOHANNIS
998 537 1221 609 Rauennam,
1511 541 1592 604 {uas
1607 545 1689 606 ¹⁵qu

344 717 404 768 rea
422 697 484 768 aut
507 695 655 766 tandem
681 697 882 768 Romanam
908 693 1100 768 ecclesiam
1125 694 1247 792 aliqua
1269 694 1415 768 sinistra
1437 695 1492 768 vel
1516 696 1686 792 prejudi-

344 821 451 895 cialia
475 837 730 918 personarum,
754 819 860 916 juris,
892 815 1055 908 honoria,
1087 821 1203 892 status
1229 823 1265 892 et
1293 819 1483 916 potestatis
1510 818 1682 894 virorum

342 947 398 1022 vel
416 966 668 1020 successorum
692 941 943 1042 predictorum
967 943 1253 1018 machinentur:
1275 949 1311 1017 et
1333 941 1361 1016 si
1380 943 1468 1019 talia
1490 943 1683 1042 aquibus-

342 1094 496 1168 cumque
519 1069 668 1146 tractari
691 1070 747 1143 vel
769 1069 962 1166 procurari
980 1091 1129 1156 novero,
1155 1069 1352 1166 impediam
1370 1071 1442 1144 hoc
1464 1093 1677 1168 proposse,

341 1200 377 1273 ct
396 1201 532 1295 quanto
551 1195 657 1271 citius
680 1196 823 1293 potero,
850 1195 950 1269 vobis
972 1195 1184 1294 significabo
1206 1197 1269 1268 aut
1291 1195 1566 1270 successoribus
1590 1219 1681 1294 prc-

341 1321 458 1410 dictis‚
488 1321 543 1392 rel
569 1318 676 1393 aliter
703 1341 770 1416 per
792 1340 900 1414 quem
928 1319 1041 1414 possit
1069 1317 1113 1391 ad
1145 1325 1303 1394 vestram
1331 1321 1389 1394 vel
1415 1345 1680 1396 successorum

341 1445 556 1522 eorumdem
573 1444 739 1518 notitiam
756 1443 955 1541 pe1·vcnir·i;
975 1443 1026 1517 sic
1042 1467 1100 1516 me
1118 1447 1213 1518 Deus
1230 1445 1388 1544 adjuvet,
1407 1452 1443 1520 et
1458 1447 1528 1520 hec
1543 1453 1680 1522 sanctu

342 1573 405 1646 Dei
425 1569 623 1670 evangelia.
643 1601 658 1636 a
677 1573 720 1643 Et
739 1569 916 1642 ambabus
928 1569 1095 1642 munibus
1112 1549 1223 1668 super
1234 1571 1329 1644 libro
1341 1571 1614 1669 evangeliorum
1637 1573 1678 1645 in

340 1701 497 1796 figuram
516 1695 681 1770 crucifixi
701 1693 840 1792 positio,
862 1697 897 1767 ct
918 1691 989 1767 illis
1007 1697 1127 1784 tactio,
1146 1695 1282 1793 juravit
1302 1701 1482 1794 utsupra.

387 1821 537 1896 interim
564 1821 702 1895 vexillis
733 1821 879 1895 suerunt
908 1819 1016 1894 infixe
1044 1843 1171 1894 corum
1197 1821 1324 1896 lancee
1350 1822 1422 1895 sive
1451 1827 1579 1922 stangc
1607 1830 1674 1898 aut

336 1947 453 2038 haste,
476 1954 523 2038 ct,
546 1945 698 2046 prestito
712 1947 936 2045 juramento,
956 1949 1150 2044 apportato
1170 1947 1335 2021 Pontifici
1354 1953 1496 2035 erecta3
1515 1949 1578 2045 qui
1597 1952 1676 2022 tra-

336 2071 427 2148 didit
449 2071 569 2170 primo
592 2071 763 2145 vexillum
782 2071 956 2159 Ecclesic,
985 2071 1116 2144 deinde
1144 2094 1248 2144 auum
1276 2071 1360 2146 duci
1382 2095 1491 2146 manu
1514 2073 1675 2147 dexteru

335 2195 398 2273 iila
420 2197 622 2273 successivo
645 2197 850 2294 recipienti,
873 2197 997 2271 dicens
1020 2197 1132 2270 semel
1155 2201 1296 2271 tantum
1317 2221 1324 2271 :
1347 2229 1363 2266 u
1384 2197 1518 2296 Accipe
1537 2199 1675 2273 vexilla

335 2324 460 2399 celesti
484 2321 735 2397 benedictione
764 2321 1001 2412 sanctificato,
1035 2323 1176 2420 sintque
1212 2323 1367 2396 inimicia
1395 2323 1519 2421 populi
1553 2321 1673 2397 chris-

334 2447 421 2523 tiani
440 2445 631 2536 terribilia,
654 2451 689 2521 ct
708 2447 767 2522 det
793 2446 857 2522 tibi
874 2447 1049 2522 Dominus
1069 2447 1238 2547 gratiam,
1265 2451 1300 2522 ct
1324 2449 1370 2522 ad
1392 2449 1503 2546 ipsius
1531 2471 1670 2524 nomen

333 2577 369 2647 et
386 2569 579 2662 honorem,
602 2595 686 2647 cum
709 2571 793 2663 illis,
812 2571 971 2647 hostium
991 2595 1126 2648 euneos
1148 2578 1319 2670 potenter
1338 2578 1508 2670 penetres
1527 2573 1673 2650 incolu-

332 2699 633 2774 mactaremur.
654 2701 782 2772 Amen.
808 2730 823 2766 o
1142 2793 1145 2797 Ι

380 2825 425 2898 Et
443 2825 543 2898 dedit
562 2829 660 2922 Papa
684 2822 801 2898 eidem
828 2823 911 2898 duci
930 2824 966 2897 in
988 2847 1099 2898 mareu
1123 2823 1273 2898 dextera
1297 2823 1468 2898 baculam
1493 2823 1599 2898 illum
1616 2825 1671 2899 al-

332 2949 430 3040 bum,
452 2947 543 3022 uihil
561 2947 686 3023 diceus
705 2953 740 3022 et
758 2947 867 3038 male,
888 2947 974 3046 quia
992 2949 1117 3022 debuit
1132 2947 1255 3023 dicere
1278 2973 1285 3021 :
1311 2949 1481 3046 «Accipe
1500 2951 1668 3024 buccelam

325 3075 509 3171 potestatis
526 3079 612 3162 cta,
635 3107 651 3140 υ
674 3079 783 3172 prout
803 3075 838 3146 in
856 3073 1056 3162 ordinario,
1078 3073 1173 3170 quod
1192 3098 1261 3172 ogo
1281 3075 1487 3172 consignari
1511 3076 1572 3148 uni
1590 3101 1669 3148 arr-

331 3197 437 3273 uitori
455 3197 558 3273 ducis
578 3199 622 3272 ad
641 3199 712 3274 hoc
732 3199 914 3272 ordinatu.

377 3323 439 3397 His
458 3320 576 3409 dictis,
600 3323 731 3398 vexilla
754 3323 901 3396 suerunt
920 3349 985 3422 per
1007 3349 1065 3397 me
1084 3325 1171 3398 duta
1192 3325 1237 3397 ad
1257 3347 1387 3397 manua
1404 3323 1556 3398 illorum
1574 3325 1666 3399 duo-

328 3471 411 3523 rum
435 3455 664 3524 armatorum
692 3449 952 3547 deputatorum
981 3449 1026 3522 ad
1053 3449 1275 3544 portandum
1302 3473 1357 3539 ea,
1384 3449 1445 3546 qui
1468 3457 1574 3524 erant
1596 3451 1662 3525 toti

328 3575 475 3665 armati,
499 3571 576 3651 solo
595 3574 714 3674 capite
732 3575 894 3672 dempto.
1115 3663 1116 3667 Ἰ

376 3699 473 3774 Unus
491 3699 712 3774 clericorum
731 3719 877 3774 camere
901 3699 1108 3797 apportavit
1129 3699 1174 3772 dc
1198 3700 1305 3774 altari
1323 3723 1444 3774 rosam
1462 3725 1575 3799 (paam
1593 3705 1656 3777 SS.

325 3830 368 3900 D.
389 3829 514 3898 noster
532 3823 671 3921 recepit
693 3826 737 3897 de
754 3847 864 3896 manu
883 3823 1037 3921 predicti
1053 3825 1250 3898 cardinalis
1268 3849 1296 3898 a.
1317 3825 1514 3901 Clementis
1532 3831 1569 3901 et
1588 3833 1662 3902 tra-

283 4006 285 4010 -
325 3947 416 4024 didit
445 3971 525 4024 eam
554 3949 649 4038 duci,
682 3973 807 4022 coram
845 3973 882 4021 se
911 3949 1030 4022 udhuc
1063 3951 1266 4048 genuflexo,
1296 3951 1449 4026 diceus:
1484 3983 1501 4018 «
1521 3951 1660 4050 Accipe

324 4099 446 4150 rosam
484 4073 528 4147 de
557 4073 725 4148 munibus
753 4071 900 4159 nostrie,
932 4075 1006 4170 qui,
1036 4073 1122 4148 licct
1158 4074 1344 4166 immeriti,
1379 4077 1502 4150 locum
1530 4077 1597 4151 Dei
1622 4077 1658 4149 in

326 4199 431 4273 terris
455 4203 635 4290 tenemus,
662 4223 729 4297 per
747 4199 1095 4298 quamdcsignatur
1116 4199 1289 4298 goudium
1312 4203 1503 4299 utriusque
1527 4199 1659 4276 Hieru-

322 4323 436 4398 salem
469 4322 731 4421 triumphantis
766 4325 904 4399 scilicet
933 4329 969 4396 ct
999 4323 1188 4399 militantis
1214 4325 1387 4414 Ecclesia,
1423 4331 1459 4400 ct
1486 4324 1658 4401 omnibus

321 4445 530 4523 eluistiania
548 4447 718 4523 fidelibus
744 4449 999 4523 manifestatur
1022 4449 1088 4524 ilos
1109 4447 1186 4548 ipsc
1209 4451 1498 4548 speciosissimus
1521 4451 1657 4548 quiesi

322 4571 494 4673 gaudium
520 4577 555 4646 et
583 4591 718 4648 coronu
746 4579 958 4648 sanctorum
976 4573 1152 4648 omnium.
1183 4575 1334 4673 Suscipe
1357 4575 1466 4665 hanc,
1497 4573 1659 4650 dileetis-

320 4697 409 4773 sime
429 4697 494 4788 iili,
516 4697 577 4796 qui
597 4723 635 4771 os
660 4699 861 4772 secundum
885 4697 1048 4773 seculum
1071 4697 1214 4788 nobilia,
1240 4703 1370 4796 potens
1392 4705 1428 4775 et
1449 4700 1567 4775 multa
1589 4701 1660 4774 vir-

320 4827 396 4898 tute
418 4821 597 4922 preditus,
620 4827 659 4896 ut
678 4819 834 4920 ampliat
857 4823 955 4898 omni
975 4824 1108 4897 uirtute
1126 4821 1163 4897 in
1181 4819 1326 4898 Christo
1349 4823 1506 4900 Domino
1524 4825 1658 4900 nobili-

318 4949 422 5039 teriS‚
454 4951 628 5046 tanquam
661 4971 747 5020 rosa
775 4948 940 5045 plantata
966 4973 1075 5046 super
1100 4949 1196 5022 rivos
1233 4973 1410 5045 aquarum
1437 4951 1655 5039 multarum,

317 5095 426 5169 qutun
445 5067 599 5174 gratiam
618 5097 662 5146 ex
679 5095 744 5148 sua
762 5071 928 5147 uberanti
947 5073 1148 5149 clemeucia
1162 5073 1227 5150 tibi
1245 5076 1450 5150 concedere
1467 5075 1654 5176 dignetur,

316 5195 379 5294 qui
390 5187 445 5272 eet
456 5197 573 5273 trinus
595 5203 631 5273 et
650 5221 742 5275 unus
759 5197 796 5272 in
815 5195 938 5273 secula
957 5199 1179 5275 soculorum.
1200 5201 1329 5274 Amen.
1353 5231 1370 5267 o
