3506 6034
248 593 253 610 Ι
349 512 402 568 290
804 512 978 568 JOHANNIS
1004 511 1225 581 concitarant,
1465 513 1592 574 lttetobre
1610 516 1682 580 taoaj

349 687 476 740 omnes
499 666 702 740 cardinales
727 667 898 762 aquibus
922 665 989 739 luit
1014 669 1186 762 receptus
1208 663 1342 738 adoris
1361 664 1541 738 osculum.
1567 670 1594 740 F
1597 675 1675 742 actu

346 791 589 880 absolutione,
612 793 679 865 luit
698 791 934 888 congregatio
952 790 988 862 in
1009 789 1175 864 sacristia
1195 814 1224 862 s.
1243 789 1355 880 Petri,
1374 788 1461 864 licet
1476 799 1573 865 esset
1594 792 1674 868 iuti-

346 921 444 989 mala
458 916 496 988 in
510 917 596 990 aula
609 916 837 1012 pontilicum,
858 916 1027 1010 adquam
1048 915 1156 988 etiarn
1174 919 1351 988 venerunt
1367 938 1383 985 s
1416 913 1512 988 Petri
1529 915 1577 988 ad
1592 917 1674 990 Vin·

345 1039 437 1126 cula,
453 1042 656 1122 Grimanus,
675 1040 876 1128 comensis,
894 1039 1070 1113 Columna
1088 1045 1125 1114 et
1136 1039 1325 1113 Ascanius.
1343 1041 1437 1112 Dum
1453 1039 1670 1115 missadice-

343 1167 455 1254 retur,
477 1175 605 1262 gentes
626 1165 722 1239 Fabii
751 1164 870 1238 Ursini
890 1161 1213 1260 seechegiaverunt
1229 1163 1378 1256 domum
1401 1166 1442 1236 b.
1460 1162 1612 1238 Achillis
1629 1167 1668 1240 de

342 1288 482 1361 Grassis
495 1291 599 1386 juxta
615 1288 763 1362 domum
781 1285 1048 1362 Ulixbonensis.
1073 1290 1183 1361 Facta
1198 1293 1253 1362 est
1268 1311 1333 1385 per
1353 1313 1381 1360 s.
1397 1287 1571 1361 Praxodis
1587 1313 1668 1385 que·

340 1413 416 1488 rela
429 1414 597 1512 collegio,
613 1415 715 1511 quod⁸
725 1413 907 1512 deputavit
922 1414 1013 1488 duos
1027 1413 1247 1503 cardinales,
1266 1415 1432 1490 videlicet
1447 1442 1476 1489 s.
1496 1419 1622 1492 Crucis
1636 1427 1664 1493 et

339 1561 368 1610 s.
387 1539 529 1636 Georgii
545 1541 604 1636 qul
620 1540 740 1613 statim
756 1540 1010 1637 equitaverunt
1022 1538 1067 1613 ad
1078 1540 1225 1612 domum
1238 1543 1281 1612 ll.
1299 1540 1453 1615 Achillis
1470 1541 1515 1614 de
1532 1544 1666 1617 Crassis

338 1667 372 1736 ot
389 1663 631 1760 promiserunt
644 1665 689 1739 ad
709 1669 752 1740 u.
771 1665 921 1738 Fabium
946 1669 984 1736 ul
1005 1688 1068 1737 eos
1086 1669 1312 1760 expectarel;
1335 1665 1397 1738 sed
1411 1667 1488 1763 jam
1508 1689 1666 1743 recesse-

338 1794 390 1861 rat
407 1812 414 1860 :
433 1789 609 1864 miserunt
623 1790 669 1864 ad
690 1789 842 1863 Fabium
863 1815 927 1886 pro
953 1789 1182 1863 restitutione
1210 1789 1374 1863 omnium
1399 1789 1548 1888 [rerum]
1570 1793 1665 1866 able-

337 1919 467 1987 tarum.
1599 1913 1616 1930 ⁴

386 2039 517 2113 Eadem
534 2039 606 2130 die,
625 2062 743 2128 mane,
765 2039 997 2136 saccbegiata
1015 2039 1080 2112 luit
1098 2039 1226 2112 domus
1243 2037 1383 2112 abbatis
1404 2063 1433 2112 s.
1459 2041 1659 2118 sebastiani

331 2165 377 2240 de
393 2164 487 2239 Urbe
503 2189 569 2262 per
586 2172 713 2263 gentes
731 2164 896 2263 ejusdem
912 2163 1011 2238 Fabii
1031 2164 1163 2238 Ursini.

380 2289 445 2363 [tie
468 2291 625 2368 veneris,
653 2295 696 2371 27
718 2289 888 2376 octobris,
917 2289 1135 2364 Arborensis
1155 2289 1352 2363 celebravit
1374 2291 1526 2365 missam
1546 2293 1657 2390 publi-

328 2437 409 2489 cam
426 2415 483 2490 cui
503 2415 743 2490 interfuerunt
758 2416 885 2489 decem
904 2423 938 2488 et
960 2423 1099 2512 septem
1119 2415 1333 2505 cardinales,
1357 2415 1543 2508 videlicet,
1566 2422 1653 2492 Nea-

327 2539 522 2636 politanus,
541 2541 813 2631 llecanalensis‚
832 2565 860 2614 s.
877 2540 1062 2626 Pruxedls,
1083 2538 1360 2629 Alexandrinus,
1380 2541 1649 2638 Agrigentinus.

327 2665 527 2764 Regiensis,
546 2666 775 2755 Cusentinus,
795 2665 1056 2754 salernitanus,
1077 2665 1377 2762 Caputuquensis‚
1399 2667 1647 2746 Bononiensis.

325 2789 369 2862 de
387 2790 516 2877 Flisco,
539 2790 787 2889 Legionensis,
808 2791 1003 2878 Adrianus
1022 2815 1051 2864 s.
1072 2791 1231 2888 Georgii,
1254 2787 1426 2877 medices,
1447 2791 1645 2868 Cesarinus.

323 2911 368 2984 de
387 2911 571 2986 Farnesio.
592 2915 677 2986 Post
698 2913 845 2988 missam
864 2919 1040 2987 venerunt
1061 2937 1090 2984 S.
1115 2911 1210 2986 Petri
1226 2911 1277 2986 'ad
1298 2907 1455 2984 Vincula
1471 2917 1509 2982 et
1523 2916 1648 2986 Cuma-

321 3057 410 3107 nus:
430 3035 658 3110 absolverunt
673 3059 755 3110 curn
772 3037 983 3112 celebrante
996 3035 1266 3133 Agrigentinus
1285 3037 1515 3124 Cusentlnus‚
1535 3039 1646 3134 Capu·
1739 3118 1744 3153 Ι

321 3163 506 3258 laquensis
522 3171 558 3236 et
575 3163 620 3237 de
641 3163 769 3239 Flisco.
793 3165 873 3240 Fuit
891 3163 1126 3262 congregatio
1146 3163 1183 3237 in
1203 3164 1278 3237 sala
1294 3164 1508 3261 pontificum
1529 3163 1565 3236 ln
1580 3188 1646 3259 qua

319 3288 465 3363 luerunt
502 3290 661 3388 deputati
692 3291 893 3366 cardinales
922 3315 951 3362 e.
984 3291 1120 3378 crucis,
1153 3291 1452 3386 CaputaquensiS,
1485 3289 1644 3364 Volater-
1736 3286 1741 3347 i

318 3437 439 3504 ranus,
458 3415 502 3491 de
519 3417 649 3506 Flisco,
668 3417 860 3506 Adrianus,
880 3443 908 3489 s.
930 3415 1092 3490 Severini
1109 3415 1155 3489 ad
1170 3415 1404 3489 revidendum
1421 3420 1458 3491 el
1475 3415 1641 3490 ordinan-
1732 3420 1740 3477 Ξ

316 3539 402 3614 dum
427 3540 462 3614 in
487 3541 646 3617 conclavi
669 3543 825 3641 capitula
846 3549 882 3617 et
908 3541 1041 3615 deinde
1066 3540 1205 3616 relerre
1230 3539 1384 3638 collegio
1411 3546 1447 3615 et
1469 3541 1639 3615 intereos

316 3665 531 3740 concludere
560 3667 605 3741 de
637 3666 885 3742 conveniendo
917 3689 997 3741 cras
1026 3665 1117 3738 hora
1144 3664 1317 3763 vigesima
1348 3688 1438 3755 una,
1472 3665 1509 3738 in
1537 3663 1637 3738 domo

314 3811 345 3860 s.
364 3789 500 3878 Crucis,
515 3796 550 3864 et
563 3789 609 3864 ad
621 3790 692 3865 boc
707 3815 799 3888 opus
814 3790 1009 3888 agendum.

363 3911 428 3986 Die
459 3915 611 4004 sabbati,
632 3921 677 3989 28
703 3916 878 4005 octobris,
905 3915 1000 3989 lesto
1025 3913 1272 4011 apostolorum
1302 3911 1459 3988 Simonis
1477 3919 1514 3985 el
1537 3911 1629 4000 lude,
1719 3911 1720 3920 ’

313 4039 439 4112 Rmus.
470 4039 684 4113 Cusenllnus
714 4039 910 4115 celebravit
940 4039 1089 4112 missam
1112 4038 1293 4136 publicam
1320 4037 1378 4112 cui
1402 4036 1629 4112 interfuerunt

311 4161 440 4235 decem
456 4168 493 4237 et
508 4188 637 4240 novem
651 4165 866 4254 cardinales,
884 4163 1072 4238 videlicet:
1093 4189 1121 4236 s
1140 4163 1236 4238 Petri
1251 4163 1298 4237 ad
1310 4161 1477 4253 Vincula,
1499 4161 1629 4237 Ulixbo

308 4287 445 4374 nensis,
462 4314 491 4362 s.
512 4292 694 4378 Praxedis,
713 4291 988 4378 Alexandrinus,
1008 4289 1281 4388 Agrigentinus
1304 4291 1501 4376 Cumanus,
1520 4289 1627 4360 Bono·

308 4411 458 4504 niensis,
477 4415 522 4489 de
541 4416 670 4506 Flisco,
691 4417 883 4501 Adrianus,
898 4415 1102 4504 Grimanus,
1123 4413 1440 4511 Rothomegensis,
1462 4413 1626 4486 Arboreu-

308 4537 369 4628 sis,
400 4542 698 4639 Caputaqueusis‚
729 4569 758 4614 s.
785 4541 943 4639 Georgii,
977 4541 1166 4631 Columna,
1197 4539 1368 4632 Medicas,
1397 4563 1427 4613 s.
1461 4535 1620 4613 Severini.

307 4664 511 4755 cesariem,
546 4667 591 4740 do
620 4668 791 4742 Farnesio
819 4673 856 4742 et
882 4665 1076 4764 Aragonia.
1110 4669 1194 4738 Post
1223 4665 1375 4738 missam
1406 4663 1624 4739 absolverunt

305 4811 389 4861 eum
408 4789 617 4866 celebrante
634 4792 840 4883 Grimanus,
860 4790 1089 4879 Arborensis,
1112 4792 1294 4863 Cumanus
1320 4796 1356 4864 et
1384 4785 1617 4862 bononiensis.

304 4911 382 4986 Non
398 4915 465 4990 luit
486 4919 733 5018 congregatio,
754 4919 816 4994 sed
835 4941 900 5016 per
921 4915 1120 4991 cardinales
1143 4913 1328 4989 intellecto
1343 4915 1441 5012 quod
1459 4939 1488 4986 s.
1510 4907 1618 4987 Crucis

302 5041 551 5135 respondisset
578 5045 675 5141 quod
699 5069 773 5120 non
798 5050 921 5140 posset
948 5042 1056 5116 hodie
1083 5039 1252 5113 revisioni
1275 5039 1517 5138 capitulorum
1540 5035 1617 5108 inte·

301 5181 401 5237 resse
431 5171 469 5240 et
494 5169 540 5242 ad
565 5194 658 5251 cras,
684 5172 730 5243 ad
754 5171 882 5243 horam
906 5167 1117 5267 vigesimam
1144 5164 1300 5264 primam
1327 5185 1540 5264 prorogare,
1564 5157 1616 5233 lull
