3520 6036
367 581 421 637 ato
832 577 1008 634 JOHANNlS
1033 575 1255 644 abacelam,
1515 579 1612 642 {tutttet
1628 581 1689 644 t5ot‘,

418 733 482 808 oie
511 732 694 822 mercurii,
718 737 739 806 6
766 731 986 821 decembris,
1017 730 1222 804 cardinales
1249 731 1494 807 Narbonensis
1521 737 1557 805 et
1577 732 1689 806 llima-

370 858 483 932 tensis
502 858 738 932 visitaverunt.
756 855 976 944 cardinales,
991 858 1027 928 et
1044 856 1102 929 die
1110 855 1203 952 jovis
1220 857 1400 953 sequenti,
1414 855 1684 953 compleverunt,

368 983 628 1057 visitationem.
648 986 723 1078 Ego
742 1005 815 1055 non
843 980 1007 1068 interlui,
1032 985 1226 1078 propterea
1244 1005 1371 1054 omnes
1385 982 1587 1056 cardinales
1603 982 1686 1055 tece-

369 1115 456 1181 runt
476 1130 538 1181 eos
554 1105 748 1180 extrahere
767 1130 902 1203 cappas
918 1111 1113 1202 postquam
1132 1130 1175 1177 ex
1194 1105 1300 1178 mulis
1319 1106 1602 1180 descenderunt.

418 1234 558 1307 Eadem
576 1232 634 1304 die
651 1231 808 1329 jovis,·in
832 1253 953 1321 mana,
977 1253 1059 1304 curn
1080 1230 1321 1326 intelligerem
1346 1236 1490 1304 Rmum.
1521 1235 1565 1305 Ι).
1587 1233 1689 1305 cardi-

369 1357 492 1431 nalem
509 1356 681 1452 Borgiam
699 1355 755 1428 cui
773 1357 836 1428 SS.
864 1358 905 1428 Ι).
932 1359 1070 1444 noster,
1092 1377 1149 1427 mo
1179 1359 1363 1452 presente,
1384 1356 1567 1429 mandavit
1583 1357 1687 1454 plum-

370 1483 449 1556 bari
470 1481 587 1556 bullas
624 1480 734 1554 ollicii
756 1479 1027 1576 penitentiarie,
1056 1485 1230 1575 oportere
1254 1481 1394 1552 ratione
1421 1480 1518 1553 illius
1539 1480 1642 1553 oflicii
1661 1489 1690 1554 et

370 1606 462 1680 velle
495 1606 530 1679 in
558 1605 815 1702 presbyterum
837 1603 1015 1695 ordinari,
1046 1603 1118 1676 dixi
1142 1606 1207 1678 SS.
1239 1608 1283 1678 D.
1316 1610 1442 1678 nostro
1471 1606 1604 1679 debere
1635 1607 1689 1678 sibi

373 1733 458 1805 dare
483 1731 627 1803 titulum
652 1729 922 1826 prebyteralem
953 1729 989 1801 et
1020 1727 1121 1825 prius
1149 1728 1285 1802 absolvi
1313 1753 1335 1802 a
1359 1728 1538 1804 diaconali
1558 1737 1592 1805 et
1618 1737 1690 1803 tune

373 1857 509 1928 habere
535 1854 657 1926 locum
687 1853 784 1926 inter
805 1852 1043 1949 presbyteros
1070 1858 1108 1926 et
1131 1875 1204 1924 non
1229 1852 1402 1927 diaconos
1431 1854 1641 1943 cardinales,
1662 1863 1692 1926 et

374 1981 461 2052 dare
490 1977 675 2060 licentiam
704 1979 800 2074 quod
827 1983 951 2074 posset
978 2001 1253 2074 aquarumque
1287 1979 1470 2052 catholico
1490 1980 1642 2054 antistite
1659 2003 1690 2050 se

373 2104 494 2178 acere
524 2102 571 2177 ad
595 2103 843 2176 sacerdotium
870 2103 1075 2199 promoveri
1106 2107 1139 2176 et
1166 2103 1374 2177 desiderare
1401 2104 1522 2200 ipsum
1546 2107 1586 2176 l).
1613 2107 1689 2176 Bor-

375 2229 472 2325 giam
492 2227 589 2325 quod
608 2251 637 2299 a.
665 2227 776 2300 llarie
801 2227 838 2298 in
861 2226 915 2299 via
937 2231 1026 2300 Lata
1047 2228 1198 2300 daretur
1226 2228 1360 2316 titulus,
1387 2233 1423 2300 et
1450 2229 1486 2301 in
1519 2229 1693 2325 presbyte

375 2357 458 2426 ratu
473 2351 518 2424 ad
535 2355 795 2440 votumsuum3·
814 2355 851 2424 et
868 2353 1018 2424 demum
1036 2351 1068 2424 ei
1089 2353 1152 2425 SS.
1176 2355 1217 2425 Ι).
1242 2357 1368 2425 noster
1392 2352 1482 2426 dixit
1500 2353 1595 2426 nolle
1617 2352 1691 2424 dare

377 2477 518 2551 titulum
537 2476 766 2550 diaconalem
785 2479 822 2550 et
845 2475 1134 2572 presbyteralem
1160 2482 1355 2574 propterea
1372 2479 1468 2573 quod
1495 2503 1525 2549 s.
1546 2475 1690 2550 Marcelli

377 2625 486 2698 quem
513 2601 641 2674 habuit
670 2602 705 2673 in
734 2600 929 2673 diaconatu
955 2601 1133 2674 retineret
1159 2602 1196 2675 iu
1229 2601 1376 2674 titulum
1401 2609 1437 2676 et
1465 2626 1496 2674 s.
1531 2601 1638 2674 llario
1663 2603 1692 2672 in

378 2727 652 2814 commendam;
672 2726 769 2822 quod
788 2725 921 2822 Borgia
933 2726 1138 2822 acceptavit
1154 2734 1187 2799 et
1200 2726 1277 2823 ipse
1289 2729 1386 2823 Pape
1401 2725 1514 2823 pedes
1526 2727 1692 2800 osculatus

379 2857 445 2924 est.

423 2973 558 3048 Eadem
581 2973 638 3046 die
670 2973 777 3070 jovis,
800 2979 883 3070 post
903 2974 1034 3047 horam
1061 2975 1275 3072 vigesimam
1295 2974 1466 3072 primam,
1486 2975 1693 3050 intraverunt

382 3097 516 3172 Urbem
541 3121 608 3194 per
626 3105 768 3194 portam
792 3098 836 3170 de
864 3098 1002 3195 Populo
1025 3103 1182 3194 quatuor
1210 3107 1378 3173 oratores
1401 3101 1504 3172 ducis
1530 3101 1692 3180 Ferraria,

383 3223 444 3318 qui
462 3223 602 3318 recepti
619 3222 764 3295 fuerunt
780 3247 881 3296 more
901 3223 1006 3296 solito
1024 3229 1060 3296 et
1078 3224 1246 3298 associati
1261 3225 1306 3298 ad
1330 3225 1480 3298 domum
1498 3225 1543 3297 de
1561 3228 1651 3321 Cape
1666 3223 1694 3294 di

386 3351 512 3436 Ferro,
542 3351 639 3420 retro
661 3351 836 3444 Campum
861 3347 965 3421 Flore
987 3373 994 3422 :
1014 3349 1155 3444 primus
1173 3349 1347 3445 equitavit
1375 3351 1471 3422 inter
1489 3350 1695 3446 gubernato-

382 3495 462 3546 rem
481 3477 517 3545 et
539 3473 755 3568 episcopum
780 3473 1103 3562 Britonoriensem,
1132 3471 1310 3546 secundus
1336 3473 1431 3545 inter
1450 3477 1693 3547 zamorensem

382 3596 557 3670 adextris
582 3605 616 3669 et
645 3597 756 3670 alium
784 3597 966 3693 prelatum
991 3595 1128 3694 palatii,
1150 3597 1280 3671 tertius
1302 3602 1338 3669 et
1369 3603 1522 3693 quartus
1545 3599 1695 3670 similiter

382 3722 477 3795 inter
495 3723 586 3795 duos
600 3721 761 3817 prelatos
785 3722 928 3818 palatii,
958 3721 1193 3818 singulariter
1218 3725 1260 3795 l).
1282 3723 1499 3796 Franciscas
1522 3723 1567 3798 de
1591 3727 1695 3796 ltonte

382 3870 404 3918 a
423 3846 579 3919 sinistris
597 3847 757 3942 episcopi
778 3847 1004 3920 Bellanensis
1022 3847 1155 3943 prelati
1174 3847 1314 3943 palatii;
1334 3851 1375 3920 l).
1397 3853 1513 3922 Lucas
1539 3857 1576 3922 at
1590 3853 1696 3922 orator

382 3971 478 4067 regis
507 3975 752 4044 Romanorum
782 3971 828 4043 ad
859 3971 1044 4044 sinistram
1063 3995 1231 4060 manum,
1253 3977 1335 4068 post
1358 3995 1421 4046 eos
1451 3957 1695 4048 alii⁴oratores

383 4093 517 4189 antiqui
538 4101 573 4166 et
598 4095 742 4190 prelati,
766 4119 870 4170 more
897 4096 1017 4170 solito.
1040 4097 1137 4184 Feci,
1167 4120 1251 4170 cum
1271 4097 1533 4192 equitaremus,
1554 4095 1695 4172 intimari

382 4219 707 4316 congregationem
727 4221 892 4296 omnium
911 4221 1152 4296 cardinalium
1167 4227 1251 4296 ante
1262 4226 1399 4319 Papam
1411 4245 1479 4319 pro
1496 4247 1576 4297 cras
1588 4244 1692 4308 mane,

382 4343 479 4416 bona
497 4342 602 4434 hora,
622 4351 772 4443 propter
791 4370 980 4421 recessum
999 4347 1192 4422 cardinalis
1212 4347 1530 4444 Rothomagensis,
1550 4350 1593 4422 de
1610 4367 1696 4419 mau-

381 4471 594 4566 datoPape.

434 4595 665 4685 eieramus,
684 4601 705 4668 8
725 4597 945 4686 decembris,
968 4598 1061 4672 testo
1082 4599 1333 4695 conceptionis
1350 4600 1456 4672 beate
1474 4598 1587 4672 Maria
1603 4593 1693 4691 virgi-

381 4720 450 4809 nis,
467 4720 531 4792 iuit
553 4720 588 4793 in
608 4743 715 4794 mane
734 4721 843 4818 plena
863 4725 1099 4821 congregatio
1116 4725 1278 4798 omnium
1300 4723 1538 4797 cardinalium
1560 4723 1593 4797 iu
1613 4719 1694 4794 t'rbe

383 4845 613 4918 existentium
628 4869 784 4922 numero
803 4848 951 4944 triginta
970 4871 1045 4942 sex,
1067 4849 1227 4945 exceptis
1245 4853 1512 4938 Beneventano
1528 4873 1558 4922 s.
1573 4845 1691 4918 Crucis.

381 4971 621 5068 Agrigentino
646 4980 680 5045 et
708 4977 906 5064 Gasanova,
942 4975 1262 5070 infirmis3quibus
1290 4973 1534 5071 congregatis,
1566 4975 1625 5047 SS.
1659 4973 1691 5040 o.

382 5101 507 5168 noster
526 5095 614 5168 dixit
631 5095 710 5168 heri
733 5098 877 5170 dedisse
904 5100 1195 5198 presbyteralem
1220 5099 1362 5174 titulum
1385 5099 1557 5172 cardinali
1584 5093 1694 5188 Bovgic

248 5323 251 5330 .
383 5219 442 5313 qui
463 5229 660 5316 propterea
680 5224 821 5318 aceepit
838 5223 959 5297 locum
981 5235 1060 5322 post
1078 5226 1243 5298 ultimum
1276 5227 1533 5322 presbyterum
1552 5221 1695 5296 cardina·
