3520 6036
362 549 414 606 318
816 546 993 604 lOHANNlS
1017 513 1239 615 ubucunflbt,
1448 547 1604 607 [Decembre
1620 551 1678 601 lauat

1750 469 1751 526 l

414 699 477 776 Die
502 701 657 790 sabbati,
686 706 707 772 9
732 700 952 788 decembris,
972 700 1070 773 circa
1093 700 1225 773 boram
1246 699 1459 798 vigesimam
1481 699 1674 778 secundam.

362 851 428 923 per
445 829 588 921 portam
601 807 773 899 l'iridarii
795 828 898 901 extra
921 848 1029 920 (luam
1052 825 1088 896 in
1103 825 1212 898 domo
1229 825 1335 898 Petri·
1350 830 1508 899 Caranza
1526 833 1676 922 expecta-

361 957 492 1025 verunt
520 955 673 1046 quatuor
702 957 867 1024 oratores
895 950 1054 1023 civitatis
1089 949 1279 1041 Lucensis,
1308 949 1534 1023 intraverunt
1563 950 1675 1024 Urbem
1750 995 1751 1040 ,

361 1076 519 1174 publice,
550 1075 723 1171 quoniam
751 1082 833 1148 aule
860 1083 942 1150 octo
967 1077 1045 1150 dies
1069 1076 1126 1150 vel
1155 1075 1255 1150 circa
1279 1075 1506 1149 intraverant
1536 1083 1672 1150 secroto.

362 1201 510 1299 Recepti
526 1201 673 1274 luerunt
691 1225 713 1272 a
730 1207 888 1296 quatuor
907 1201 963 1275 vel
986 1201 1145 1297 quinque
1164 1201 1309 1274 familiis
1324 1200 1382 1274 vix
1394 1200 1629 1274 cardinalium
1648 1207 1673 1272 et

360 1327 482 1400 media
497 1325 634 1399 familia
655 1329 767 1422 Papa,
792 1324 836 1399 de
855 1349 927 1420 qua
944 1349 1017 1398 non
1032 1331 1112 1399 erat
1130 1326 1197 1398 nisi
1214 1326 1454 1423 gubernator,
1472 1349 1542 1423 ego
1561 1330 1595 1398 et
1608 1349 1675 1421 pro

360 1451 587 1525 thonotarius
623 1453 760 1525 Hereza
781 1449 827 1549 (1)
851 1450 1116 1547 majordomus:
1149 1475 1216 1548 per
1238 1451 1331 1524 viam
1353 1455 1531 1524 venerunt
1559 1449 1674 1522 lamiliu

361 1575 621 1650 Recanatensis
654 1581 688 1647 et
717 1574 895 1666 Cesarini,
922 1575 1028 1672 pauci
1054 1575 1127 1648 alii.
1156 1575 1298 1648 Primus
1321 1574 1492 1672 equitavit
1518 1573 1676 1647 adextris

361 1689 628 1798 gubernatoris,
659 1701 840 1774 secundus
865 1700 910 1772 ad
937 1699 1101 1773 dextram
1128 1725 1262 1790 meam,
1295 1687 1423 1773 tertius
1455 1699 1502 1773 ad
1528 1698 1676 1772 dextram

359 1825 522 1924 magistri
543 1826 690 1914 domus,
714 1828 863 1920 quartus
886 1825 931 1896 ad
951 1824 1114 1899 dextram
1138 1825 1301 1922 episcopi
1325 1821 1589 1920 vigorniensis,
1607 1845 1674 1894 ora-

324 2017 325 2020 ,
358 1951 449 2024 toris
467 1941 565 2049 regis
583 1949 735 2048 Anglie:
764 1949 904 2046 sequuti
930 1954 1013 2022 sunt
1038 1950 1144 2046 pauci
1166 1950 1313 2048 prelati.
1336 1947 1513 2022 associati
1538 1948 1672 2020 suntad

361 2077 511 2149 domum
524 2073 792 2173 VigorniensiS,
812 2073 849 2144 in
868 2097 940 2169 qua
958 2075 1105 2148 luerunt
1122 2073 1311 2171 hospitati.
1334 2072 1489 2146 Nomina
1505 2077 1674 2146 oratorum

360 2207 465 2274 suut:
485 2201 653 2275 Nicotaus
671 2199 840 2296 Tigninus
854 2197 916 2297 (2),
940 2199 1046 2273 miles
1067 2205 1104 2273 et
1121 2201 1274 2290 doctor3
1298 2199 1479 2272 secundus
1497 2195 1674 2270 Zaccarias

357 2329 511 2416 Rettus3
550 2325 678 2399 tertius
725 2323 968 2423 Hieronymus
1010 2325 1242 2414 Berna,rdus;
1284 2327 1438 2419 quartus
1473 2321 1675 2396 Laurentius

358 2453 483 2525 Datus·

407 2574 472 2648 Die
490 2572 673 2647 dominica
694 2573 854 2646 secunda
876 2574 1064 2664 adventus,
1091 2578 1134 2646 to
1153 2571 1373 2661 decembris,
1401 2571 1468 2644 luit
1492 2571 1601 2644 missa
1617 2593 1673 2664 pu-

357 2699 452 2774 blica
464 2700 500 2772 in
516 2699 657 2797 capella
672 2699 817 2796 majori,
836 2723 945 2795 quam
959 2698 1153 2774 celebrauit
1169 2698 1359 2795 opiscopus
1375 2694 1673 2793 Balneoregiensis

356 2847 421 2921 pro
455 2823 734 2920 archiepiscopo
763 2824 977 2910 Tarentino,
1010 2827 1110 2920 Papa
1140 2827 1336 2920 presente:
1369 2845 1573 2895 sermonem
1601 2818 1672 2891 lecit

356 2948 504 3045 quidam
520 2949 634 3022 trater
648 2948 785 3022 ordinis
803 2949 999 3040 minorum,
1020 2949 1210 3022 confessor
1231 2951 1341 3044 Papa,
1359 2970 1424 3045 pro
1445 2949 1672 3045 procuratore

356 3072 518 3170 ejusdem
533 3071 671 3146 ordinis
686 3100 694 3161 ;
714 3073 785 3147 alia
799 3095 903 3147 mora
920 3073 1039 3148 solito.

402 3196 539 3278 Eadem
568 3197 641 3289 die,
670 3197 819 3272 recessit
842 3201 967 3270 Rmus
993 3198 1157 3272 Estensis
1182 3223 1226 3274 ex
1249 3198 1358 3288 Urbe,
1384 3197 1569 3270 rediturus
1596 3195 1670 3266 Fer-

356 3321 500 3396 rariam.

403 3447 468 3521 Die
481 3447 636 3536 veneris,
659 3451 700 3522 15
720 3447 937 3536 decembris,
957 3447 1025 3521 luit
1043 3447 1299 3521 consistorium
1314 3447 1501 3545 publicum
1520 3445 1557 3518 in
1574 3440 1670 3516 tertia

353 3572 447 3662 aula,
482 3573 518 3644 in
544 3556 613 3669 quo
641 3571 736 3646 lacta
758 3595 823 3670 per
846 3572 1049 3646 cardinales
1076 3573 1277 3646 reverentia
1292 3570 1351 3671 (3),
1382 3576 1422 3646 D.
1448 3569 1604 3667 Angelus
1631 3567 1669 3636 dc

353 3699 451 3774 Cesis
468 3698 657 3794 proposuit
672 3696 991 3772 commissionem:
1011 3722 1082 3796 qua
1096 3699 1278 3796 expedita,
1296 3702 1339 3771 D.
1358 3697 1566 3794 Alphnnsus
1581 3692 1670 3766 Ricc-

353 3847 418 3896 nas
449 3823 640 3919 proposuit
666 3823 797 3912 aliam;
822 3847 894 3919 qua
911 3824 1072 3921 incepta,
1107 3824 1150 3896 ivi
1182 3847 1250 3922 pro
1283 3821 1489 3896 oratoribus
1512 3821 1549 3893 in
1571 3838 1668 3917 perm

354 3947 493 4044 capella
516 3946 752 4021 existentibus
778 3952 814 4021 et
836 3971 980 4022 mecum
1005 3952 1047 4022 b.
1071 3950 1276 4022 Bernardus
1294 3946 1504 4045 patriarcha
1527 3945 1681 4017 Alexan-¹

355 4069 493 4160 drinuS,
521 4071 727 4167 Stephanus
749 4073 988 4164 patracensis,
1016 4071 1260 4170 Hieronymus
1281 4071 1514 4158 Tarentinus,
1538 4066 1667 4142 archie-

352 4193 510 4299 piscppi3
529 4196 794 4287 Cesenatensis,
808 4197 1034 4271 Bellunensis
1044 4196 1202 4294 episcopi
1219 4195 1428 4270 assistentes
1441 4195 1665 4292 etepiscopus

353 4319 591 4411 Redonensis,
616 4325 740 4395 orator
762 4322 856 4418 regis
880 4321 1030 4396 Francie
1053 4321 1097 4394 ad
1120 4321 1302 4396 delectum
1323 4320 1580 4394 assistentium.
1601 4320 1663 4391 Vo-

348 4443 423 4518 cari
449 4443 558 4519 etiam
584 4447 869 4544 gubernatorem
895 4447 957 4543 qui
982 4471 1054 4521 non
1084 4446 1193 4536 uenit,
1217 4470 1384 4520 asserens
1412 4469 1450 4521 se
1477 4469 1550 4519 non
1570 4439 1664 4515 intol—

382 4865 411 4920 2.
431 4863 486 4919 Les
510 4879 580 4919 mss.
604 4864 727 4920 donncnt
749 4863 973 4921 incorrectement
995 4882 1026 4920 ce
1049 4881 1135 4921 nom:
1157 4863 1277 4938 Zigneus
1297 4865 1414 4939 (enipi),
1437 4863 1552 4939 Tignius
1571 4861 1660 4934 (5163),
1750 4851 1751 4876 ’

349 4953 484 5026 Tigninus
501 4953 589 5025 (152),
605 4952 740 5026 'liquinus
756 4953 887 5026 (l3‚739)‚
904 4959 991 5012 etc...
1010 4954 1083 5010 C'est
1097 4971 1128 5010 ca
1147 4959 1233 5010 meme
1248 4955 1369 5029 Tygrino
1384 4955 1441 5026 qui,
1456 4971 1490 5010 en
1510 4956 1586 5022 1191,
1600 4949 1662 5008 avait

347 5045 484 5114 prononce
507 5057 543 5097 au
565 5059 629 5098 nom
654 5042 688 5098 de
712 5041 738 5098 la
756 5041 915 5116 republique
937 5043 970 5098 dc
995 5043 1134 5117 Lucques,
1156 5044 1180 5100 le
1204 5045 1329 5100 discours
1352 5043 1529 5100 d‘obedieuec
1549 5061 1581 5100 au
1602 5056 1662 5114 pepo

349 5130 503 5187 Alexandra
517 5130 564 5188 Vl.
579 5130 651 5205 Voy.
667 5131 766 5205 Lunig,
782 5133 923 5189 Orationes
934 5149 1080 5204 proceru-m
1093 5135 1224 5206 Europa.
1235 5177 1243 5194 .
1253 5177 1258 5188 .
1270 5174 1295 5191 ..
1313 5133 1344 5194 T.
1359 5134 1379 5203 1,
1391 5151 1419 5208 p.
1437 5135 1498 5191 151.

384 4777 409 4833 1.
431 4775 520 4844 Leeon
535 4774 573 4830 du
588 4773 668 4848 Cbigi
683 4779 711 4830 et
725 4775 761 4830 du
776 4775 866 4842 5,l63.
884 4773 936 4830 Les
951 4781 1042 4830 autres
1057 4791 1124 4831 mss.
1141 4775 1262 4832 donnent
1278 4779 1414 4832 :Hrrcnn

1750 4881 1751 4960 l

1750 4961 1751 5004 t

384 5219 412 5274 3.
433 5220 471 5275 Le
486 5217 572 5293 Chigi
582 5227 610 5277 et
620 5219 645 5276 le
658 5220 731 5277 5153
744 5221 868 5278 dounent
881 5223 898 5277 a
910 5227 965 5278 tort
980 5237 988 5278 τ
1003 5223 1168 5283 obedientia.
