3506 6034
354 569 407 623 242
606 623 610 633 ,
810 563 983 622 JOHANNlS
1009 559 1229 625 concauam,
1526 559 1668 624 [conlisus]

410 720 560 792 luterim
594 721 843 790 convenerunt
870 718 907 790 in
941 718 1104 791 Minerva
1136 713 1321 788 sexdecim
1354 712 1573 799 cardinales,
1594 713 1667 784 hora

355 843 573 919 duodecima
612 846 756 941 pulsata
790 844 846 918 vel
880 843 992 932 circa,
1029 842 1198 918 videlicet
1232 837 1506 935 Neapolitanus,
1543 835 1667 910 Ulixbo·

356 971 490 1058 nensis,
527 971 787 1045 ltecanatensis
821 975 858 1043 et
892 995 921 1063 s.
960 969 1148 1058 praxedis,
1188 964 1373 1063 episco·pi;
1411 960 1665 1035 Alexandrinus.

355 1121 383 1166 s.
410 1096 550 1184 Crucis,
576 1095 802 1192 Agrigensis,
827 1095 1059 1182 Arborensis,
1090 1093 1320 1180 CusenlinuS,
1352 1088 1611 1174 Salernitanus,
1633 1086 1666 1157 dr

356 1220 470 1294 Flisco
488 1227 524 1294 et
542 1219 790 1318 Legionensis,
813 1219 1035 1319 presbyteri3
1055 1220 1228 1307 Medicas,
1252 1243 1280 1290 s.
1306 1213 1483 1292 Severini.
1507 1217 1666 1286 ossanna

353 1350 390 1418 et
419 1345 618 1436 d'Albreto,
647 1345 816 1434 diaconi;
844 1345 905 1441 qui
931 1343 1199 1440 deputaverunt
1225 1343 1443 1429 lohannem,
1479 1337 1665 1435 episcopum

354 1473 590 1568 Ragusinum,
628 1474 910 1569 gubernatorem
946 1471 1054 1544 Urbis
1089 1475 1125 1544 et
1154 1470 1422 1566 deputaverunt
1451 1465 1484 1540 ei
1513 1466 1664 1538 ducentos

323 1578 507 1692 pedites,
544 1603 580 1670 et
608 1599 872 1671 commiserunt
900 1595 1062 1670 officium
1089 1595 1284 1670 camerarii
1307 1597 1348 1667 l).
1378 1591 1614 1678 salernitano,
1639 1595 1663 1662 el

352 1721 450 1816 quod
477 1722 544 1818 ipsi
569 1723 805 1819 providerent
829 1723 946 1820 portis
971 1725 1099 1812 Rome,
1124 1723 1169 1794 de
1193 1721 1366 1794 Romanis
1390 1723 1427 1791 et
1450 1715 1664 1812 scriptoribus

352 1869 456 1938 more
482 1846 602 1920 solito.
628 1851 787 1944 Ruptum
814 1847 881 1920 luit
908 1871 1032 1921 coram
1056 1847 1108 1920 eis
1133 1871 1200 1942 per
1221 1843 1471 1943 plumbatores
1500 1839 1662 1939 plumbum

351 1970 547 2045 Alexandri
571 1973 661 2046 sexti
682 1977 718 2046 et
741 1973 1004 2046 ordinaverunt
1030 1977 1068 2044 ut
1087 1971 1217 2044 anulus
1235 1967 1432 2043 Piscatoris
1456 1968 1600 2039 daretur
1618 1963 1664 2036 da-

352 2097 457 2186 tario,
482 2097 579 2194 quod
602 2098 740 2172 lactum
760 2103 814 2171 est
832 2123 900 2195 per
916 2097 1140 2171 cardinalem
1160 2101 1396 2171 Casanovam.
1423 2092 1662 2168 Commiserunl

350 2247 378 2295 s.
401 2223 556 2296 Praxedi
581 2229 617 2297 et
644 2224 841 2298 Cusentino
868 2231 906 2296 ut
929 2225 1093 2296 lacerent
1116 2221 1359 2296 inventarium
1383 2219 1563 2293 bonorum
1585 2219 1660 2311 Papo

260 2425 264 2432 ,
351 2348 387 2422 in
415 2372 583 2436 came1·a;
610 2355 645 2422 et
669 2349 772 2422 linita
793 2355 847 2423 est
871 2349 1105 2446 congregatio
1124 2347 1224 2421 circa
1241 2345 1374 2420 horam
1403 2341 1659 2418 octodecimam.

348 2475 434 2548 Post
462 2474 670 2572 prandium,
691 2474 843 2572 predicti
872 2473 1077 2548 cardinales
1099 2497 1181 2548 cum
1211 2471 1318 2546 cleris
1350 2491 1498 2545 camere
1523 2468 1660 2541 lecerunt
1718 2501 1721 2506 ,

348 2599 593 2673 inventorium
628 2599 769 2697 argenti
806 2604 841 2672 et
873 2597 1064 2673 mobilium
1094 2597 1353 2696 pretiosiorum
1385 2602 1421 2669 et
1451 2590 1656 2690 reperierunt
1729 2639 1730 2696 3

347 2747 502 2823 regnum
522 2729 558 2798 et
578 2726 670 2798 duos
689 2723 869 2822 pretiosas
887 2725 1050 2821 lhyaras,
1074 2747 1203 2798 omnes
1220 2723 1349 2796 anulos
1367 2720 1500 2818 quibus
1517 2717 1551 2789 in
1566 2713 1657 2788 missu
1729 2697 1730 2764 l

348 2851 448 2946 Papa
466 2849 581 2922 ulitur
593 2855 629 2923 et
645 2855 741 2922 totas
751 2849 956 2923 credentias
970 2851 1066 2947 Pape
1077 2847 1314 2938 celebrantis,
1332 2847 1550 2941 etquantum
1564 2835 1656 2937 possit

349 2980 444 3048 stare
474 2973 510 3046 in
538 2982 619 3048 octo
648 2976 768 3072 capsis
796 2975 870 3049 sive
899 2973 1042 3070 magnis
1068 2971 1255 3064 ferreriis3
1289 2995 1373 3046 vasa
1407 2969 1655 3066 argenteaque

345 3096 494 3171 luerunt
527 3099 564 3172 in
595 3099 717 3196 prima
742 3123 890 3174 camera
921 3103 1004 3196 post
1031 3121 1218 3172 eameram
1250 3101 1347 3194 Papa
1373 3095 1419 3170 de
1451 3117 1520 3191 qua
1540 3093 1580 3163 D.
1602 3083 1655 3159 lli·

343 3221 524 3297 chelettus
550 3225 637 3298 Neri
660 3249 733 3299 non
759 3225 824 3298 luit
850 3247 994 3298 memor
1019 3230 1055 3298 et
1073 3249 1145 3298 una
1169 3227 1333 3321 capsella
1351 3221 1395 3294 de
1414 3239 1584 3317 cupresso
1600 3233 1654 3307 quc

343 3347 461 3424 luerat
473 3372 556 3423 cum
568 3349 669 3423 viridi
685 3375 805 3448 panno
819 3355 996 3448 cooperta
1014 3357 1050 3425 el
1064 3351 1175 3424 etiam
1191 3374 1259 3447 per
1270 3349 1353 3422 illos
1366 3371 1439 3421 non
1455 3345 1530 3418 visa
1547 3341 1579 3414 in
1598 3357 1653 3432 qua

342 3473 488 3548 luerunt
506 3475 646 3572 lapides
665 3481 702 3554 et
720 3477 820 3550 anuli
848 3475 997 3573 pretiosi
1019 3475 1154 3550 valoris
1183 3473 1307 3572 viginti
1333 3474 1494 3571 quinque
1516 3463 1650 3540 millium

341 3597 558 3674 ducatorum
591 3600 646 3674 vel
681 3601 794 3692 circa,
821 3607 858 3675 et
880 3601 995 3674 multe
1020 3601 1212 3699 scripture,
1238 3601 1488 3698 juramentum
1514 3587 1653 3668 cardina·
1728 3687 1729 3704 χ

340 3722 442 3814 lium,
478 3726 578 3800 bulla
609 3727 820 3800 investitura
852 3711 954 3824 regni
988 3727 1215 3825 Neapolitani
1250 3730 1288 3800 el
1313 3723 1419 3822 plura
1448 3709 1649 3819 hujusmodi.
1728 3707 1729 3789 l

343 3850 383 3921 D.
404 3850 654 3934 Fordinandus
670 3856 875 3940 Ponzetlus,
896 3852 1052 3925 clericus
1077 3875 1237 3943 comere,
1259 3875 1319 3925 me
1341 3851 1524 3948 presente,
1544 3855 1651 3916 convc-

340 3973 392 4046 nit
410 3997 493 4047 eum
512 3975 697 4072 magistris
715 3977 894 4052 Michaele
912 3981 948 4051 et
968 3977 1116 4068 Buccio,
1137 3976 1314 4076 lignariis,
1337 3977 1383 4051 de
1398 3979 1518 4048 castro
1535 3959 1649 4042 doloris

339 4101 509 4194 ponendo
545 4125 611 4198 per
641 4103 801 4176 medium
839 4103 946 4177 trium
974 4103 1166 4202 longorum
1205 4103 1369 4202 lapidum
1403 4099 1597 4198 positorum
1620 4085 1648 4156 i11

338 4224 460 4299 medio
484 4227 639 4303 ecclesie
664 4253 693 4301 s.
719 4229 829 4321 Petri,
849 4229 1088 4326 longitudinis
1111 4253 1313 4304 cannarum
1339 4227 1521 4314 undecim,
1550 4223 1582 4292 et
1603 4234 1648 4285 su-

337 4371 404 4446 pra
435 4355 573 4427 tectum
608 4375 808 4427 cannarum
842 4355 1034 4446 undecim;
1070 4355 1185 4430 latera
1215 4355 1325 4452 longa
1355 4351 1486 4452 palmis
1518 4337 1647 4444 quinde-

337 4474 420 4568 cim,
450 4477 556 4576 larga
581 4479 712 4577 palmis
742 4479 948 4572 duodecim,
976 4481 1047 4554 alla
1073 4481 1204 4579 palmis
1236 4468 1319 4571 sei3
1357 4477 1569 4554 catalectum
1591 4483 1645 4562 plo

336 4603 602 4701 quinquaginta
633 4605 826 4678 intorticiis
853 4606 957 4704 juxta
987 4610 1147 4681 castrum
1181 4613 1216 4682 et
1242 4612 1389 4682 centum
1417 4611 1453 4680 et
1482 4593 1643 4694 octoginta

334 4729 491 4827 quinque
510 4730 679 4829 capsellis
698 4755 811 4829 supra
829 4730 1160 4808 deambulatorium
1178 4757 1246 4832 pro
1264 4731 1473 4820 intorticiis,
1499 4719 1644 4801 similiter

332 4859 367 4926 et
389 4856 546 4930 scamnis
570 4880 636 4955 pro
659 4857 809 4932 lunestis
832 4865 866 4931 et
890 4867 1036 4933 centum
1055 4859 1201 4958 prelatis
1224 4885 1290 4958 pro
1321 4858 1438 4957 pretio
1461 4859 1594 4930 centum
1613 4845 1641 4913 cl

329 4979 535 5074 quindecim
563 4983 777 5057 ducatorum
807 4983 853 5057 ad
874 4984 1053 5058 rationem
1073 4984 1201 5059 decem
1217 4985 1447 5060 carlenorum
1467 5001 1531 5080 pro
1549 4973 1639 5048 duca-

328 5103 393 5192 tis3
420 5107 606 5182 credentia
630 5132 697 5207 pro
720 5109 940 5202 celebrante,
966 5115 1002 5184 et
1024 5111 1121 5208 quod
1146 5109 1322 5187 deberent
1347 5109 1474 5185 fecisse
1496 5105 1636 5179 castrum

324 5237 359 5302 el
381 5230 450 5303 alia
468 5233 591 5306 omnia
612 5257 678 5330 per
702 5241 817 5310 lotum
837 5236 933 5310 diem
954 5236 1164 5312 crastinum.
1189 5237 1336 5312 Interim
1361 5241 1456 5334 Papa
1478 5227 1580 5314 stetit,
1605 5222 1634 5290 ul
