3590 6042
210 609 213 615 ·
325 653 360 708 28
781 649 957 706 tonsurus
982 646 1205 718 Rauennam,
1492 651 1571 712 [Mars
1584 652 1659 714 15⁰⁰}
1789 659 1790 692 i

326 807 464 880 hirreto
483 808 528 880 de
549 806 754 880 cremesino
784 805 1008 902 supradicto,
1029 804 1129 877 dedit
1153 803 1242 875 illud
1271 808 1367 901 Pape
1394 805 1454 900 qui
1484 806 1659 903 imposuit

329 955 411 1004 eum
431 932 541 1028 capiti
559 915 673 1019 duciS,
694 931 819 1004 dicens
840 955 848 1003 :
873 962 888 996 α
909 931 1042 1027 Accipe
1061 928 1201 1026 insigne
1220 929 1531 1004 confaloneriatus
1548 956 1661 1028 pree-

328 1056 514 1144 minentie,
535 1057 631 1151 quod
650 1080 717 1152 per
735 1080 801 1128 nos
820 1056 929 1152 capiti
948 1059 1010 1127 luo
1030 1053 1242 1150 imponitur,
1267 1054 1465 1126 innomine
1485 1057 1603 1128 Patris
1622 1065 1657 1130 et

327 1181 406 1254 Filii
433 1185 469 1254 et
496 1181 653 1278 Spiritus
682 1165 825 1269 Sancti3
847 1187 883 1254 et
909 1179 1091 1276 intelligas
1119 1184 1154 1251 te
1174 1179 1306 1251 amodo
1334 1179 1380 1250 ad
1406 1180 1658 1254 defensionem

327 1303 409 1376 tidei
429 1310 465 1377 et
483 1309 717 1378 sacrosancte
735 1305 888 1377 ecclesie
908 1303 988 1376 lore
1006 1302 1225 1389 debitorem,
1248 1303 1346 1398 quod
1362 1306 1401 1374 ut
1418 1327 1531 1399 opere
1544 1306 1659 1400 perfi-

327 1451 411 1499 cere
431 1428 563 1516 raleas,
593 1428 653 1500 ille
680 1428 746 1502 tibi
774 1427 979 1500 concedere
1006 1427 1178 1522 dignetur
1205 1425 1266 1521 qui
1296 1431 1351 1498 est
1377 1426 1594 1500 benedictus
1620 1431 1659 1501 in

326 1552 448 1624 secula
467 1553 721 1626 seculorum.»

374 1677 511 1762 Quibus
534 1655 651 1766 dictis,
677 1679 838 1751 surrexit
860 1680 970 1773 Papa,
1002 1653 1169 1772 deposita
1187 1675 1309 1765 mitra,
1331 1682 1367 1748 et
1390 1701 1501 1773 super
1524 1677 1658 1750 ducem

327 1802 446 1875 adhuc
485 1803 717 1900 genuflexum
745 1803 834 1876 dixit
859 1802 1063 1874 orationem
1090 1807 1330 1898 sequentem:
1364 1833 1380 1869 a
1410 1806 1519 1887 oeus,
1551 1809 1659 1899 pater

323 1932 451 2000 eterne
467 1927 597 2023 glorie,
620 1928 667 2000 sit
687 1929 834 2025 adjutor
852 1933 935 2000 tuus
954 1932 988 1999 at
1001 1931 1207 2023 protector3
1223 1927 1453 2024 omnipotens
1464 1929 1658 2000 benedicat
1792 2023 1793 2032 ἒ

328 2053 405 2141 tibi,
444 2078 573 2150 preces
605 2059 685 2126 tuas
716 2054 751 2126 in
771 2053 909 2126 cunctis
936 2053 1104 2126 exaudiat
1130 2059 1165 2124 et
1182 2053 1293 2125 vitam
1312 2059 1412 2125 tuam
1431 2054 1661 2149 longitudine

329 2179 471 2250 dierum
491 2179 702 2275 adimpleat,
733 2179 899 2250 inimicos
928 2183 1009 2250 tuos
1028 2178 1240 2250 contusione
1266 2177 1404 2264 induat,
1428 2184 1459 2250 et
1490 2202 1602 2275 super
1625 2187 1661 2252 lo

335 2304 575 2376 sanctificatio
594 2301 727 2380 Cliristi
746 2304 893 2392 floreat,
916 2309 952 2376 et
970 2302 1028 2399 qui
1053 2303 1115 2376 tibi
1133 2302 1170 2376 in
1193 2303 1302 2375 terris
1327 2302 1661 2377 corrlaloneriatum

319 2407 501 2518 contulit,
516 2429 593 2526 ipso
614 2430 675 2504 tibi
695 2429 733 2502 in
751 2429 838 2502 celis
859 2428 1025 2502 conterat
1049 2433 1216 2500 eternam
1244 2427 1412 2524 gloriam,
1442 2429 1503 2525 qui
1523 2430 1605 2504 vivit
1625 2441 1662 2504 et

332 2558 462 2650 regnat
480 2553 516 2626 in
544 2555 682 2628 unitate
706 2556 863 2652 Spiritus
880 2554 1001 2627 Sancti
1023 2557 1130 2634 Deus,
1153 2577 1219 2648 per
1238 2552 1360 2626 omnia
1379 2553 1504 2625 secula
1522 2557 1665 2628 seculo-
1793 2541 1794 2562 ¹

332 2701 427 2752 rum.
452 2708 469 2744 u

382 2799 482 2872 Sedit
500 2803 598 2896 Papa
617 2807 664 2885 et,
687 2807 839 2896 accepta
857 2801 979 2883 mitra,
1001 2804 1152 2896 propter
1171 2800 1475 2896 proeminentiam
1495 2799 1663 2874 consalu-

334 2921 509 3010 neriatus,
538 2923 723 2995 mandarit
751 2923 830 2994 dari
858 2923 979 2995 locum
1011 2921 1177 3018 predicto
1199 2922 1449 2994 confalonerio
1475 2923 1512 2995 in
1543 2924 1662 2994 banco

332 3045 573 3118 cardinalium
593 3052 674 3142 post
698 3047 922 3119 cardinalem
943 3046 1123 3120 ultimum.
1151 3050 1229 3118 [tux
1247 3047 1431 3120 osculatus
1453 3053 1508 3119 est
1526 3048 1668 3143 pedem,

334 3174 429 3266 Pape
448 3171 483 3242 in
504 3171 637 3244 biretto
660 3171 982 3250 confaloneriatus.
1004 3174 1100 3268 quod
1118 3196 1190 3244 non
1209 3172 1389 3268 deposuit.
1416 3174 1597 3253 Surrexit,
1625 3181 1657 3244 et

332 3295 367 3366 in
387 3297 516 3368 eodem
533 3297 674 3368 birreto
698 3297 810 3371 locari
835 3303 1016 3393 cumpost
1037 3298 1204 3370 ultimum
1221 3297 1415 3370 diaconum
1432 3297 1660 3370 cardinalem

332 3421 391 3517 qui
412 3425 495 3495 lunc
514 3427 594 3494 erat
612 3426 736 3494 Rmus.
757 3423 802 3494 de
820 3423 994 3494 Farnesio
1014 3428 1046 3494 et
1066 3424 1186 3494 stabat.
1204 3421 1353 3494 ultimus
1372 3423 1408 3494 in
1426 3424 1544 3495 bauco
1568 3424 1663 3518 epis-

331 3569 508 3643 coporum
526 3553 562 3620 et
579 3548 881 3644 presbyterorum
900 3547 1156 3636 cardinalium,
1171 3545 1256 3642 quia
1274 3547 1660 3620 e1·at.solusdiaconus

331 3677 454 3768 preter
473 3673 564 3745 diros
584 3673 806 3758 assistentes,
827 3679 935 3768 prout
956 3675 1054 3768 Papa
1070 3673 1319 3744 mandaverat.

379 3798 457 3880 Quo
475 3796 586 3882 iacto,
609 3801 778 3870 cantores
795 3795 1011 3891 inceperunt
1029 3796 1219 3868 introitum
1238 3797 1359 3876 misse.
1382 3804 1418 3870 et
1430 3798 1659 3894 Papaimpo-

329 3919 397 3992 suit
421 3920 627 4008 incensum3
649 3920 840 3992 celebrans
859 3921 1023 3993 aseendit
1045 3921 1089 3992 ad
1109 3921 1237 4000 altaro.
1270 3921 1468 3995 incensavit
1497 3921 1602 4003 illud,
1624 3929 1656 3992 et

329 4044 539 4116 continuata
556 4049 610 4117 est
626 4044 736 4117 missa
752 4068 855 4117 more
875 4046 994 4134 solito,
1018 4051 1052 4117 et
1078 4045 1233 4118 nonfuit
1260 4071 1381 4119 sermo
1409 4049 1454 4120 de
1483 4049 1658 4122 mandato

328 4172 438 4264 Pape.
462 4173 593 4242 Parata
610 4170 720 4242 etiam
739 4169 884 4242 luerunt
907 4175 990 4242 arrio
1009 4170 1157 4243 missam
1185 4173 1258 4244 duo
1293 4173 1422 4245 vexilla
1451 4173 1521 4244 sire
1550 4179 1659 4246 sten-

328 4293 455 4382 darda,
479 4317 590 4364 urmm
610 4298 719 4391 Pape,
740 4294 838 4368 aliud
857 4295 1027 4384 Ecclesia,
1049 4299 1082 4365 et
1103 4297 1174 4366 due
1193 4295 1296 4368 haste
1314 4297 1656 4394 longequibuspost

328 4417 619 4491 benedictionem
644 4425 750 4492 erant
773 4421 1013 4516 imponenda;
1047 4421 1118 4491 duo
1147 4421 1311 4492 totaliter
1338 4422 1470 4493 armati
1492 4422 1553 4517 qui
1581 4423 1658 4519 ipsa

326 4542 503 4615 deberent
522 4543 667 4614 delerre
684 4549 767 4616 ante
786 4545 934 4629 ducem;
957 4543 1107 4616 baculus
1127 4543 1230 4616 albus
1243 4569 1403 4641 grossus,
1419 4545 1659 4640 longitudinis

325 4671 483 4763 quatuor
502 4667 709 4764 palmorum
726 4663 780 4740 rel
798 4669 908 4743 eirea.

373 4791 492 4864 Finita
510 4791 633 4880 missa,
660 4797 696 4864 ct.
720 4794 813 4866 datis
837 4819 903 4890 per
921 4799 1057 4891 Papam
1077 4794 1331 4868 benedictione
1351 4801 1387 4866 et
1404 4795 1654 4890 indulgentiis,

326 4924 361 4989 et
377 4917 448 4990 illis
471 4941 537 5015 per
561 4916 810 4990 celebrantem
834 4919 1040 5014 publicatis,
1077 4921 1268 4992 celebrans
1291 4918 1401 4991 rediit
1424 4921 1469 4991 ad
1496 4918 1658 4990 faldisto-

324 5041 432 5130 rium,
455 5041 623 5138 deposuit
641 5065 765 5114 sacras
782 5048 898 5115 vestes
909 5049 945 5115 et
962 5045 1115 5118 accessit
1126 5045 1170 5116 ad
1184 5044 1275 5116 alios
1294 5043 1513 5116 cardinales.
1528 5047 1654 5115 Rmus.

327 5169 369 5236 l).
390 5165 586 5236 cardinalis
605 5189 633 5236 s,
656 5165 852 5238 Clementis
877 5168 987 5240 rediit
1009 5170 1053 5241 ad
1084 5169 1310 5258 Pontificem,
1331 5192 1457 5240 eoram
1484 5191 1557 5262 quo
1585 5168 1656 5238 duo

325 5287 447 5359 (alerici
467 5311 613 5360 camere
635 5297 920 5385 apportaverunt
939 5291 1108 5365 vexillum
1129 5293 1287 5365 Ecclesia
1307 5292 1450 5364 etaliud
1470 5296 1567 5386 Pape
1586 5291 1656 5386 pli-
