3590 6042
367 592 404 644 78
823 585 999 644 JOHANNIS
1024 585 1246 660 BURCHARbt,
1446 591 1630 656 [Septembre
1647 593 1713 654 15⁰0]

422 745 583 827 Quorum
606 765 670 818 sex
690 742 834 816 luerunt
858 743 904 815 ab
925 744 1019 816 Urbe
1040 744 1222 834 absentes,
1249 743 1309 818 elii
1336 767 1420 820 vero
1441 769 1518 836 sex,
1541 746 1715 820 videlicet

371 867 602 961 Arborensis,
625 867 797 966 Reginus,
820 867 1050 954 cusentinus,
1073 867 1370 966 caputaquensis,
1396 869 1658 944 Salernitanus
1683 878 1715 942 et

372 991 588 1068 Mutinensis
604 994 640 1067 in
656 993 752 1068 Urbe
764 1000 953 1092 presentes
967 1017 975 1086 ;
991 993 1085 1069 lacta
1096 993 1411 1093 pronunciatione,
1429 994 1581 1070 luerunt
1598 996 1715 1070 vocati
1760 997 1761 1008 ³

372 1117 420 1191 ed
448 1118 704 1192 consistorium
726 1125 762 1191 et
784 1117 932 1208 ibidem,
958 1117 1092 1214 apertis
1112 1118 1246 1216 januiS,
1272 1119 1422 1194 osculati
1450 1126 1532 1194 sunt
1557 1120 1712 1219 pedem.

374 1268 520 1338 menum
537 1253 573 1319 et
586 1269 627 1320 os
643 1248 752 1342 Papo,
770 1251 807 1318 et
821 1244 866 1318 ab
885 1243 1053 1318 omnibus
1069 1243 1225 1341 antiquis
1245 1245 1487 1320 cardinalibus
1507 1246 1658 1344 recepti
1674 1247 1716 1319 ed

324 1439 330 1454 ,
374 1370 539 1446 osculum
555 1371 628 1445 oris
644 1377 680 1444 et
698 1369 744 1444 ab
764 1367 903 1444 eisdem
926 1369 1094 1444 associati
1116 1369 1162 1443 ed
1181 1370 1301 1444 aulem
1321 1370 1421 1446 ducis
1437 1370 1631 1448 Valentini
1649 1394 1715 1466 que

375 1505 430 1572 est
448 1521 555 1595 supra
569 1521 750 1572 cameram
765 1496 957 1598 pepagalli,
977 1519 1048 1594 quo
1067 1495 1194 1571 ordine
1214 1495 1352 1588 nesei0,
1374 1496 1608 1593 quianullus
1633 1520 1717 1570 nos-

376 1631 512 1697 trorum
528 1623 699 1698 interfuit.
721 1629 761 1699 ln
784 1623 866 1698 aula
884 1622 1048 1721 predicte
1067 1629 1322 1696 remanserunt
1338 1621 1540 1697 cardinales
1558 1621 1664 1713 novi,
1683 1629 1714 1696 et

375 1747 511 1844 antiqui
538 1757 780 1825 recesserunt.
817 1748 905 1824 Novi
940 1748 1111 1824 adstetim
1141 1754 1359 1845 receperunt
1388 1747 1504 1822 bireta
1528 1747 1655 1822 rubea
1683 1754 1716 1820 et

375 1874 540 1950 lecerunt
563 1874 753 1973 prandium
777 1899 859 1950 cum
884 1874 976 1950 duce
998 1873 1191 1953 Valentino
1212 1874 1249 1948 in
1269 1873 1351 1948 aula
1371 1874 1549 1972 predicta,
1579 1875 1623 1947 in
1647 1899 1715 1946 uua

373 1998 623 2097 menselonga
635 1998 673 2072 in
689 2021 759 2098 que
774 2001 945 2074 sederunt
959 1998 1195 2074 hooordine:
1217 1997 1387 2097 incapite
1407 2023 1548 2091 mense,
1568 1999 1610 2072 in
1629 1999 1712 2074 sede

374 2125 559 2216 camerali,
596 2132 674 2200 erat
694 2125 933 2215 Arborensis3
960 2124 1006 2200 ed
1035 2125 1112 2222 ejus
1139 2117 1335 2213 sinistram,
1361 2124 1398 2196 in
1424 2127 1542 2225 capite
1568 2125 1712 2200 scamni

371 2253 475 2350 juxta
493 2274 649 2340 murum,
672 2249 855 2348 Reginus;
878 2257 960 2348 post
979 2249 1079 2323 illum
1099 2251 1304 2326 successive
1328 2253 1560 2344 Gusentinus,
1588 2251 1713 2326 Saler-

374 2376 531 2470 nitanuS,
554 2375 852 2475 Caputequensis,
874 2376 1103 2465 Mutinensia,
1127 2375 1199 2451 dux
1220 2376 1449 2472 Valentinus,
1470 2378 1589 2452 Julius
1613 2377 1711 2451 Ursi-

376 2527 443 2577 nus
459 2503 568 2580 lreter
590 2503 683 2578 Rmi.
707 2505 750 2576 b.
774 2501 972 2577 Cardinelis
990 2502 1123 2592 Ursini,
1148 2503 1278 2576 Paulus
1299 2503 1462 2592 Ursinus,
1483 2503 1708 2590 Vitellotius,

375 2625 561 2703 lohannes
581 2629 713 2704 Paulus
734 2627 919 2704 Bellienus
939 2627 1146 2719 Perusinus,
1174 2627 1235 2724 qui
1255 2651 1382 2703 omnes
1402 2637 1506 2703 erent
1530 2629 1568 2702 in
1592 2630 1711 2703 banco

372 2757 478 2853 juxta
491 2780 635 2830 murum
650 2780 658 2846 ;
676 2757 765 2832 etin
786 2755 859 2830 line
874 2777 1014 2845 mense,
1032 2754 1068 2828 in
1089 2754 1270 2854 opposito,
1291 2753 1522 2844 Arborensis,
1546 2755 1710 2828 lacobus

374 2882 419 2957 de
435 2885 569 2956 Sancta
581 2885 707 2974 Cruce,
723 2887 920 2974 Romanus
940 2905 1051 2978 supra
1066 2880 1276 2955 scabellum.
1321 2867 1327 2878 ’

424 3006 560 3096 Martis,
594 3011 638 3080 29
666 3008 896 3104 septembris,
924 3007 1061 3083 visitavi
1083 3006 1245 3105 singulos
1273 3031 1336 3080 sex
1364 3030 1477 3082 novos
1503 3005 1709 3080 cardinales

373 3138 562 3232 presentes
581 3132 779 3230 predictos,
795 3141 831 3209 et
844 3134 995 3232 singulis
1010 3134 1082 3208 dixi
1101 3133 1195 3208 male
1215 3133 1347 3206 iecisse
1365 3139 1508 3208 mutere
1527 3132 1706 3208 birretum

372 3259 428 3334 vel
457 3257 653 3355 quidquem
687 3257 731 3333 de
760 3259 872 3356 priori
901 3259 1050 3334 habitu:
1083 3267 1218 3350 tamen,
1251 3258 1337 3355 quia
1365 3263 1461 3333 esset
1488 3259 1643 3348 lectum,
1672 3258 1706 3329 in

373 3384 520 3460 nomino
541 3384 605 3459 Dei
626 3385 891 3483 responderunt
911 3388 1046 3482 Papam
1066 3383 1118 3456 sic
1141 3382 1219 3456 lieri
1242 3381 1453 3456 mandasse:
1479 3403 1706 3456 commemo·

373 3511 446 3586 ravi
468 3510 565 3609 quod
583 3517 793 3586 amoverent
815 3511 943 3585 anulos
964 3509 1008 3585 de
1029 3533 1155 3585 eorum
1175 3507 1297 3606 digitis
1323 3513 1359 3582 et
1380 3505 1499 3582 nullos
1519 3508 1706 3583 deferrent

371 3661 484 3736 usque
504 3638 551 3712 ed
570 3637 818 3736 receptionem
840 3661 862 3710 a
884 3635 1058 3710 Pontifice
1081 3658 1164 3709 cum
1187 3633 1306 3723 titulo,
1332 3639 1369 3707 et
1391 3632 1487 3728 quod
1502 3633 1569 3706 sibi
1586 3632 1705 3730 provi·

371 3763 499 3838 derent
525 3763 570 3837 de
597 3762 722 3860 cappis
747 3760 931 3850 violaceis,
964 3761 1070 3835 claris
1098 3759 1280 3858 coopertis
1309 3781 1375 3856 pro
1403 3757 1510 3832 mulis
1539 3757 1704 3855 ejusdem

369 3887 480 3985 panni
505 3887 669 3962 similiter
684 3894 720 3962 et
740 3886 872 3962 vesiliis
897 3887 942 3961 de
965 3885 1110 3978 eodem,
1137 3885 1275 3961 baculis
1296 3883 1436 3958 duobus
1456 3908 1522 3982 pro
1541 3885 1701 3981 parafre-

371 4013 494 4104 neriis,
512 4012 741 4088 lurnimentis
756 4019 792 4087 et
808 4013 920 4087 stellis
935 4035 1001 4110 pro
1014 4011 1134 4086 mulis.

416 4139 481 4212 Fui
507 4139 652 4231 deinde,
683 4139 851 4214 mercurii
878 4143 924 4214 30
954 4137 1169 4237 septembris
1198 4135 1363 4236 predicti,
1390 4157 1472 4210 cum
1506 4139 1615 4234 Papa,
1646 4130 1700 4210 cui

373 4375 443 4439 tario
458 4378 502 4438 del
517 4375 712 4454 Dueaquando
726 4379 764 4436 lui
778 4383 858 4455 parti,
874 4379 911 4436 mi
928 4378 1003 4436 disse
1018 4377 1068 4434 che
1083 4375 1102 4434 il
1117 4377 1301 4435 Govematore
1315 4375 1342 4432 di
1363 4376 1470 4434 Cesena
1483 4375 1589 4432 baveva
1601 4372 1700 4447 scripto

375 4471 426 4526 che
446 4486 493 4525 era
513 4485 577 4524 vero
598 4469 724 4526 Frencezi
743 4471 884 4528 havevono
908 4474 1003 4527 lanuto
1022 4473 1095 4526 certe
1115 4465 1247 4541 pertiche,
1263 4483 1308 4522 ma
1327 4466 1378 4522 che
1398 4483 1452 4522 non
1468 4466 1492 4522 si
1511 4482 1557 4520 eru
1574 4461 1701 4518 concluso

376 4575 442 4616 cosa
456 4557 570 4626 alcuna;
585 4565 613 4615 et
627 4563 684 4616 cosi
704 4559 727 4616 si
742 4559 803 4616 dice
823 4559 841 4614 il
856 4559 932 4616 Duce
951 4557 974 4615 si
992 4561 1066 4614 stare
1084 4575 1100 4614 o
1119 4557 1155 4614 ad
1170 4557 1273 4613 Paeane
1288 4573 1304 4612 o
1318 4555 1354 4612 ed
1369 4555 1443 4612 Fano
1457 4561 1494 4622 et,
1513 4557 1592 4628 parte
1610 4551 1669 4608 lare
1685 4545 1699 4602 il

371 4649 440 4706 letto
454 4665 515 4717 suo,
531 4646 555 4703 si
569 4647 628 4704 dice
643 4653 781 4724 aspetturb
794 4649 821 4706 la
831 4656 917 4706 morta
927 4647 970 4705 del
986 4649 1062 4704 Duce
1076 4645 1217 4718 d'Urbino,
1234 4647 1295 4716 che,
1310 4647 1430 4702 secondo
1446 4644 1543 4701 dicono
1557 4641 1576 4696 li
1590 4638 1699 4704 medici,

372 4755 421 4812 per
434 4753 527 4795 essere
541 4736 615 4794 tilico
627 4738 764 4809 marciae
778 4745 879 4795 venuto
894 4739 930 4795 ad
944 4736 1056 4794 termine
1072 4736 1122 4792 che
1139 4753 1194 4793 non
1208 4738 1264 4816 pub
1281 4734 1431 4809 aspectarsi
1445 4732 1537 4807 quello
1558 4731 1638 4788 State
1652 4728 1701 4785 alla

370 4829 481 4898 Chiesa,
492 4834 519 4885 et
528 4845 576 4902 per
590 4845 682 4885 essere
696 4828 715 4883 il
730 4829 805 4902 Papa
819 4827 963 4884 d'aceordo
974 4844 1026 4884 con
1044 4826 1090 4882 S¹⁰
1102 4825 1183 4882 Piero
1197 4825 1232 4882 ad
1247 4823 1371 4894 vinceda,
1383 4823 1488 4880 ilDuee
1499 4819 1617 4896 portale
1632 4814 1700 4875 mani

382 4937 399 4974 n
412 4936 446 4975 su
460 4917 550 4992 quello
565 4918 652 4975 State.

406 5010 508 5078 Questa
523 5013 605 5083 gente
623 5007 667 5064 del
682 5007 758 5064 Duce
772 5006 799 5062 in
818 5013 893 5064 tecto
913 5023 1032 5064 surunno
1051 5005 1124 5063 cirea
1137 5007 1190 5063 600
1204 5003 1307 5062 homini
1319 5003 1420 5061 d'arme
1431 5009 1459 5060 et
1469 5003 1553 5072 5,000
1568 4999 1637 5056 fenti
1654 5017 1661 5054 ε
1677 5001 1700 5052 at

371 5115 400 5153 se
412 5097 430 5152 il
445 5097 508 5172 sig*
518 5098 595 5155 Cavlo
610 5097 708 5154 (tesino
723 5098 745 5154 si
757 5097 912 5172 eongiugne
926 5114 978 5154 con
992 5096 1048 5154 loro
1063 5113 1139 5154 coma
1155 5095 1178 5152 si
1194 5093 1264 5165 dice,
1281 5110 1399 5151 suranno
1415 5091 1484 5150 tanti
1501 5091 1571 5149 tanti
1584 5087 1643 5164 pid.
1659 5089 1701 5144 llta

369 5185 458 5242 alcuni
471 5187 568 5244 dicono
581 5189 631 5245 ebe
641 5187 721 5246 Cario
736 5188 835 5245 Orsino
849 5190 962 5261 passere
976 5185 1065 5242 inonzi
1080 5187 1107 5243 in
1122 5185 1205 5242 Terra
1219 5185 1247 5241 di
1268 5184 1393 5244 Roma...
1413 5182 1500 5238 Rome
1515 5181 1564 5253 lllj
1583 5176 1700 5237 octobris

374 5293 482 5334 ucoccc.
495 5278 581 5336 Seru.
594 5277 678 5336 irone.
696 5277 840 5352 cappellus
855 5277 960 5334 Secrct.
976 5276 1094 5334 iterent..
1111 5298 1125 5328 n
1139 5275 1227 5349 (Clas.
1247 5273 1281 5344 X,
1297 5273 1364 5331 dist.
1380 5276 1407 5342 2,
1424 5271 1484 5328 tllza
1498 5272 1571 5338 tue
1585 5287 1611 5325 e.
1630 5269 1698 5334 123.)
