3502 6036
84 631 177 696 [lvvtllct
192 628 259 690 1³⁰1]
406 620 531 680 RERUM
555 620 779 678 UHBANARUM
806 619 1069 680 COMMENTAllll.
1351 623 1400 678 1:33

85 782 237 860 Calabria
254 785 290 854 et
306 781 343 853 in
357 777 490 876 Apulia
507 751 629 850 esseut
652 779 777 848 erecta
795 773 921 848 vexilla
938 773 1036 870 regis
1055 773 1314 871 Hispaniarum
1337 775 1397 870 qui

84 912 196 984 ambos
212 906 296 980 illos
311 906 466 978 ducatus
482 902 700 1000 possideret.
721 903 884 998 Captura
903 905 1025 983 autem
1049 899 1205 973 civitatis
1229 901 1398 996 Capuane

83 1035 141 1108 iuil
163 1055 204 1105 es
229 1029 439 1128 proditione
467 1027 659 1124 cujusdam
684 1024 841 1098 Fabricii
870 1024 956 1098 civis
983 1023 1157 1120 capuani,
1185 1022 1245 1119 qui
1273 1025 1399 1119 gentes

83 1156 172 1230 ducis
189 1155 284 1226 clam
304 1130 513 1242 intromisit,
534 1149 704 1246 aquibus
724 1149 802 1246 ipse
826 1147 1012 1222 Fabricius
1036 1147 1102 1220 luit
1124 1147 1264 1243 primus
1286 1145 1398 1218 inter·

83 1283 183 1354 lectus
200 1280 337 1374 etpost
359 1299 443 1349 eum
462 1282 537 1347 tres
553 1274 668 1346 millia
682 1272 736 1346 vel
754 1273 855 1347 circa
875 1272 1038 1368 peditum
1058 1275 1094 1343 ot
1116 1271 1263 1344 ducenti
1285 1269 1398 1340 armi-

81 1404 148 1502 geri
173 1401 318 1498 equites·
341 1399 395 1474 vel
424 1399 605 1488 circa‚-et
636 1397 731 1471 cives
760 1395 982 1493 presbyteri,
1013 1393 1174 1490 religiosi
1208 1393 1396 1489 utriusque

82 1551 187 1614 sexus,
214 1526 327 1600 etiam
356 1525 392 1598 in
417 1523 582 1598 ecclesiis
608 1529 644 1597 et
671 1521 918 1610 monasteriis,
948 1524 984 1594 et
1007 1518 1196 1608 mulieres,
1223 1497 1401 1614 quotquot¹

81 1654 211 1725 luerunt
224 1653 392 1747 reperte,
411 1649 487 1722 sine
502 1645 770 1736 misericordia,
787 1643 907 1741 puelle
924 1647 1030 1740 capte
1046 1648 1082 1716 ct
1095 1643 1178 1716 dale
1191 1643 1227 1716 in
1244 1643 1397 1738 predam

81 1799 195 1875 magna
208 1774 440 1849 crudelitate.
457 1772 627 1845 Omnium
645 1770 921 1844 interfectorum
936 1791 1114 1842 numerus
1127 1767 1316 1841 estimatus
1333 1766 1396 1840 suit

80 1904 117 1976 ad
132 1907 286 1998 quatuor
304 1899 419 1972 millia
436 1897 492 1971 vel
510 1898 607 1971 circa
621 1896 682 1994 (l).

118 2025 217 2098 Faria
240 2023 367 2112 tertia,
389 2027 432 2095 27
450 2021 531 2120 julii
555 2021 708 2119 predicti
730 2022 767 2094 in
790 2045 912 2112 mane,
939 2023 1001 2094 SS.
1030 2023 1073 2094 D.
1098 2024 1224 2092 noster
1249 2018 1397 2094 recessit

81 2173 116 2222 er
127 2149 216 2222 Urbe
229 2171 316 2221 cum
329 2147 511 2244 equitibus
522 2145 782 2243 quinquaginta
798 2151 835 2219 et
850 2145 1034 2242 peditibus
1050 2148 1196 2228 centum
1211 2143 1268 2218 vel
1284 2144 1395 2228 circa,

82 2275 161 2348 iuter
177 2296 307 2346 omnes
329 2272 527 2346 familiares
546 2295 631 2344 suos
651 2277 687 2344 et
704 2269 940 2344 cardinalium
960 2270 1020 2366 qui
1047 2291 1170 2344 secum
1191 2273 1307 2356 orant,
1331 2268 1399 2342 itu-

82 2421 130 2470 ras
147 2399 403 2498 Sermonetam
424 2403 460 2471 et
481 2397 562 2469 loca
583 2396 892 2471 solumnensium.
919 2398 1006 2468 Cum
1026 2397 1124 2490 Papa
1145 2393 1400 2489 equitaverunt

82 2523 273 2596 cardinales
288 2521 504 2596 arborensis
522 2529 558 2598 et
573 2522 721 2621 Bargia,
740 2521 890 2619 quilibet
907 2542 1032 2594 eorum
1048 2518 1188 2594 habens
1203 2516 1396 2592 duodecim

83 2647 261 2722 servitores
278 2649 338 2744 qui
360 2647 452 2721 inter
471 2671 581 2746 supra
602 2647 719 2720 dictos
739 2654 886 2721 eentum
905 2643 1167 2744 quinquaginta
1186 2648 1398 2740 computan-

85 2779 142 2844 tur.
159 2773 257 2846 Fecit
280 2773 474 2869 prandium
492 2773 530 2844 in
553 2771 894 2860 Castro-Gandullo,
916 2794 987 2868 quo
1007 2771 1116 2860 lacto,
1139 2768 1328 2842 descendit
1352 2769 1395 2840 ad

84 2899 198 2970 lacum
213 2903 250 2972 et
265 2903 339 2970 lota
355 2897 590 2994 dieperrexit
605 2897 689 2970 binc
706 2905 742 2970 et
755 2897 838 2972 inde
854 2897 891 2968 in
907 2897 1030 2984 barca,
1049 2917 1210 2992 peream
1230 2891 1398 2990 gentibus

83 3021 234 3095 continuo
266 3021 528 3096 clamantibus:
551 3019 686 3118 Borpio
700 3026 712 3092 l
729 3020 864 3118 Borqia
878 3023 889 3090 t
918 3017 952 3094 et
981 3019 1175 3116 sclopottos
1203 3003 1400 3092 emittenti-¹

85 3145 204 3244 busli).

123 3271 210 3344 lovis
233 3271 434 3368 sequentis,
460 3272 634 3368 equitavit
658 3273 703 3346 ad
726 3277 884 3346 Roocam
906 3277 1001 3369 Papo
1025 3279 1061 3345 et
1084 3273 1214 3346 codem
1236 3295 1318 3344 sero
1342 3295 1399 3342 re-

84 3417 191 3469 versus
212 3401 271 3471 est
294 3420 378 3470 cum
399 3419 533 3494 magna
554 3397 675 3494 pluvia
695 3402 732 3470 et
755 3402 973 3493 tempestate
992 3397 1038 3470 ad
1056 3399 1224 3471 Castrum
1244 3396 1402 3470 (landul-

85 3517 165 3609 tum;
183 3522 329 3595 veneris
355 3522 554 3618 sequentis,
577 3526 623 3595 30
637 3522 730 3618 julii,
751 3523 797 3596 ad
820 3525 1113 3611 Genuazannum,
1134 3545 1218 3596 curn
1242 3520 1399 3594 maxima

86 3643 187 3737 pluvia
207 3654 245 3722 et
264 3650 496 3743 tempestate.
523 3648 695 3726 Sabbata.
721 3647 848 3720 ultima
873 3647 955 3744 julii
976 3647 1146 3744 predicti,
1170 3647 1215 3718 de
1237 3650 1400 3718 Gennaz-

113 3869 134 3921 l.
153 3867 219 3942 leon
234 3868 353 3924 d'Auton
368 3874 480 3924 raconta
496 3867 539 3940 les
554 3873 635 3925 excas
649 3869 696 3943 qui
717 3868 849 3925 suivirent
868 3867 894 3924 la
913 3869 986 3944 prise
1001 3869 1035 3924 de
1054 3871 1163 3944 Capoue
1179 3892 1227 3927 a...
1244 3869 1400 3926 Touteslois

86 3951 117 4010 los
130 3955 252 4027 Franoois
267 3961 450 4032 emportbrent
459 3956 559 4014 la‘ville
573 3958 716 4030 d’asaault,
733 3964 761 4014 at
774 3963 913 4015 calcarent
925 3958 1040 4027 dedans,
1052 3975 1118 4014 avec
1132 3959 1206 4017 bruil
1215 3957 1399 4028 tumultueux,

85 4043 186 4101 occision
207 4046 241 4102 da
256 4045 364 4120 peuple,
379 4053 407 4103 et
420 4045 538 4104 allusion
557 4047 590 4103 de
607 4063 687 4120 sang.
710 4048 763 4104 Les
773 4065 843 4122 gens
859 4048 892 4104 de
907 4047 982 4122 picd‚
995 4047 1043 4122 qui
1058 4047 1106 4104 des
1116 4049 1248 4122 premiers
1263 4052 1402 4104 eniterent

85 4144 172 4186 comme
185 4131 223 4190 les
234 4133 298 4207 plus
310 4133 476 4210 legerement
487 4153 586 4205 armen,
599 4136 714 4192 meinent
728 4139 745 4192 a
760 4153 806 4193 sac
820 4143 882 4193 tous
898 4137 975 4193 ceula
990 4154 1043 4210 que
1054 4137 1154 4194 devant
1167 4135 1230 4193 eulx
1244 4141 1402 4195 trouve-rent

85 4217 244 4289 parlearues
259 4240 409 4294 enormes,
433 4230 459 4280 et
474 4241 583 4301 mussan
597 4241 646 4300 par
669 4224 709 4281 les
725 4228 855 4294 maisons,
878 4243 944 4282 sans
959 4227 1115 4302 pardonner
1134 4224 1212 4283 anal
1227 4227 1261 4282 de
1283 4224 1401 4300 quelque

85 4313 141 4364 estat
153 4309 213 4382 qu'il
227 4311 309 4382 least,
325 4319 352 4370 et
372 4319 499 4386 lantque
514 4313 538 4369 le
553 4313 621 4388 long
640 4315 690 4371 des
705 4331 768 4372 rues
785 4319 801 4372 t
814 4318 919 4390 grands
942 4315 1088 4372 ruisseaux
1103 4315 1207 4373 conruit
1225 4315 1250 4372 la
1266 4333 1337 4387 sang
1350 4313 1399 4370 des

85 4400 210 4456 mortale
228 4401 359 4458 neveulx
378 4402 500 4460 declarar
514 4403 553 4460 les
574 4403 669 4476 pitcux
688 4403 788 4478 plaiuts
809 4409 836 4460 et
856 4405 908 4461 cris
927 4403 1107 4462 lamentnbles
1127 4404 1176 4460 des
1196 4404 1306 4458 lemures
1321 4404 1401 4457 deso·

86 4483 139 4552 lios,
150 4496 176 4546 et
188 4490 234 4548 des
248 4491 332 4566 petits
348 4492 454 4560 cnlans,
465 4491 513 4563 qui
527 4492 628 4549 devant
642 4491 706 4549 eulx
721 4493 850 4566 vopoicnt
866 4493 992 4550 msurtrir
1008 4494 1079 4550 leurs
1089 4494 1173 4550 maris
1187 4501 1214 4550 et
1225 4491 1298 4549 leurs
1310 4508 1398 4564 peres,

86 4581 108 4629 u
118 4577 195 4635 occire
207 4579 280 4636 leurs
296 4597 406 4656 parans,
422 4589 450 4638 et
461 4582 541 4648 amis,
558 4582 637 4657 pitter
651 4581 724 4639 leurs
740 4584 818 4640 biens
834 4589 862 4641 ot
875 4583 993 4640 detruive
1013 4584 1070 4640 leur
1085 4583 1152 4654 cite3
1167 4581 1236 4639 mais
1250 4581 1330 4654 diray
1346 4597 1399 4653 quc

87 4679 139 4720 avec
155 4665 179 4722 ln
194 4669 278 4726 lucrio
293 4669 344 4726 des
363 4671 486 4728 hommes
501 4673 593 4730 iurent
608 4673 723 4730 maiales
743 4672 811 4728 filles
827 4680 855 4732 et
869 4674 980 4730 lemmes
1000 4671 1101 4730 violtes
1120 4680 1147 4729 et
1166 4672 1268 4728 foratas
1285 4688 1291 4726 :
1308 4687 1338 4725 ce
1353 4670 1400 4742 qui

88 4759 121 4808 est
133 4753 154 4811 le
175 4759 275 4816 comble
288 4759 325 4815 du
344 4759 388 4833 pis
402 4760 436 4816 de
450 4767 513 4818 tous
527 4763 566 4818 les
580 4779 660 4818 exoez
678 4761 711 4818 de
726 4762 752 4817 la
766 4779 873 4835 guerre.
891 4762 943 4818 Les
960 4779 1029 4834 gens
1044 4761 1078 4816 de
1092 4761 1155 4835 pied
1170 4762 1203 4816 do
1218 4759 1244 4816 la
1259 4757 1349 4816 bando
1364 4747 1401 4812 du

89 4838 130 4898 duo
150 4846 181 4902 de
196 4847 364 4906 Valentinois
384 4849 442 4906 s'en
457 4851 628 4925 acquiterent
647 4851 787 4908 tellement
806 4869 859 4926 que
878 4857 966 4908 trente
985 4852 1034 4906 des
1055 4849 1117 4924 plus
1137 4847 1220 4904 bellos
1242 4848 1276 4903 de
1295 4846 1321 4903 la
1338 4845 1401 4902 villa

89 4943 252 4995 consuerent
266 4938 483 5012 prisonnieresb
500 4939 598 5014 Roma,
612 4949 691 4999 eto...
705 4963 718 4994 v
735 4942 785 4999 Cb.
805 4959 856 5009 arv,
868 4958 895 5014 p.
912 4941 1006 4998 198-9.
1025 4937 1216 5005 ualetudini,
1232 4937 1278 5010 qui
1294 4943 1403 4992 raconta

89 5021 108 5076 lc
119 5019 171 5092 tait,
190 5027 304 5100 pretend
319 5044 372 5100 que
391 5025 591 5087 cassianusc
613 5037 745 5104 quaranta
760 5032 809 5088 des
829 5030 891 5106 plus
906 5028 991 5085 belles
1012 5028 1124 5084 lemures
1137 5024 1317 5100 napolitaincs
1337 5024 1401 5096 qu’il

90 5109 199 5170 dannaia
217 5119 234 5170 a
253 5133 299 5172 scs
318 5114 438 5190 plaisirs,
457 5116 502 5176 liv.
524 5117 558 5186 V,
576 5117 652 5176 Xlll.
679 5119 766 5176 Alvisi
790 5127 914 5176 contestu
935 5117 1110 5175 l'exaolitude
1130 5115 1164 5172 dc
1184 5133 1214 5170 ee
1233 5112 1315 5170 detail
1334 5113 1403 5168 daus

91 5190 213 5274 l'npotogio
226 5203 293 5277 qu’il
309 5221 326 5260 a
340 5205 423 5262 ecrite
437 5207 470 5261 da
485 5223 535 5263 son
551 5207 641 5264 beros.
661 5209 758 5265 Cesar-c
777 5213 888 5280 Borqr'o,
904 5227 931 5282 p.
947 5210 1010 5264 alo.

119 5285 140 5338 9.
158 5287 221 5364 l'op.
238 5293 355 5356 Sanuto,
372 5301 395 5350 t.
416 5294 462 5360 IV,
479 5296 534 5355 eol.
556 5297 600 5352 77.
