3554 6042
133 525 294 590 [Novembre
312 527 382 588 15⁰⁵]
468 525 595 583 RERUM
621 525 848 584 URBANARUM
868 526 1130 585 COMMENTARll.
1418 531 1470 586 tor

138 703 320 754 consensu
346 687 429 755 octo
451 679 611 754 millibus
634 681 774 754 ducatis
797 685 832 754 et
857 678 1082 754 fornimenta
1102 679 1232 755 valoris
1259 681 1369 756 trium
1387 683 1468 757 mil-

137 805 222 878 lium
240 807 473 896 ducatorum,
488 811 524 879 et
539 829 605 902 pro
618 804 876 902 parafrenariis
891 805 998 879 aliam
1015 805 1163 878 domum
1180 807 1392 904 contiguam
1404 809 1469 881 do-

138 911 209 1002 mui
220 930 398 1020 Ferrarii,
413 931 621 1004 estimatum
636 935 676 1004 ut
691 951 803 1026 supra
815 929 928 1002 tribus
944 929 1104 1002 millibus
1118 909 1257 1004 ducatis
1268 937 1470 1028 etquatuor

136 1053 296 1126 millibus
321 1053 360 1126 in
384 1053 477 1144 aliis,
504 1057 542 1128 et
561 1077 670 1128 omne
694 1055 755 1151 jus
782 1054 880 1150 quod
907 1058 949 1127 D.
974 1053 1066 1127 lulie
1088 1053 1260 1151 competit
1281 1054 1318 1126 in
1343 1055 1470 1128 castris
1556 1136 1559 1142 ,

133 1179 366 1268 Carboniani,
382 1178 593 1269 tunianelli,
611 1185 647 1254 et
662 1202 810 1254 omnem
824 1178 1065 1254 hereditatem
1081 1183 1274 1276 paternam
1289 1185 1325 1253 et
1339 1185 1471 1254 mater-

131 1327 231 1392 nam,
250 1303 329 1378 sola
345 1305 430 1378 dote
448 1311 636 1379 reservata
652 1308 695 1377 D.
715 1304 822 1394 Julie,
840 1327 882 1378 ac
897 1303 1022 1401 paucis
1043 1304 1259 1400 quibusdam
1282 1304 1362 1391 aliis
1385 1328 1466 1378 cum

134 1427 436 1526 obligationibus3
458 1429 593 1525 itaque,
612 1434 865 1504 consummato
886 1428 1135 1516 matrimonio,
1162 1431 1204 1501 D.
1232 1429 1287 1502 Ill.
1314 1453 1470 1526 sponsus

131 1553 250 1650 possit
267 1553 415 1652 propria
435 1554 651 1630 auctoritate
680 1577 813 1651 capere
836 1554 1118 1653 possessionem.
1140 1555 1218 1639 Quo
1243 1553 1351 1643 fecto,
1373 1556 1471 1650 Papa

130 1679 291 1752 surrexit
309 1683 346 1752 et
363 1679 511 1753 intravit
527 1681 572 1753 ad
599 1703 682 1754 suas
713 1702 877 1753 cameras
904 1703 1016 1754 novas
1045 1677 1194 1765 ibidem,
1224 1685 1261 1753 et
1286 1685 1368 1776 post
1387 1702 1470 1752 eum

129 1802 348 1893 cardinalis;
370 1825 504 1901 sponsa
529 1827 614 1877 cum
631 1810 750 1879 matre
772 1809 807 1877 et
824 1803 989 1901 pluribus
1008 1803 1089 1876 aliis
1116 1801 1331 1876 mulieribus
1355 1801 1472 1876 intro-

129 1927 278 2002 ducitur
298 1928 344 2002 ad
361 1951 545 2004 cameram
567 1927 787 2004 thesaurarii
804 1933 981 2004 cenatum
999 1927 1091 2002 hora
1108 1927 1332 2001 debitarum
1350 1927 1472 2000 Ponti-

128 2053 217 2144 fice;
232 2053 335 2128 cirea
350 2054 484 2130 horam
501 2056 571 2130 hec
587 2060 671 2129 acta
685 2061 768 2128 sunt
786 2061 822 2128 et
839 2078 908 2152 ego
924 2055 1018 2130 redii
1036 2053 1083 2127 ad
1101 2053 1250 2127 domum
1270 2074 1390 2126 meam
1407 2050 1466 2151 (l).

177 2179 317 2269 lllartis,
334 2183 380 2254 25
396 2179 615 2270 novembris,
628 2179 775 2254 intravit
790 2181 925 2255 Urbem
941 2179 1089 2276 quidam
1103 2183 1228 2252 orator
1239 2176 1470 2250 Florentinus

128 2303 191 2399 qui
208 2309 384 2401 receptus
400 2304 469 2378 fuit
489 2304 535 2380 ab
558 2305 715 2401 antiquis
730 2305 974 2379 familiaribus
995 2302 1251 2392 cardinalium,
1269 2302 1469 2376 amicorum

128 2427 445 2518 florentinorum,
467 2435 504 2504 et
521 2429 567 2504 ad
584 2429 733 2504 domum
751 2454 817 2526 pro
836 2452 880 2503 eo
900 2435 1063 2526 paratam
1080 2428 1296 2502 associatus.
1316 2430 1394 2500 Non
1413 2426 1469 2498 in-

127 2551 339 2627 terfuerunt
358 2554 532 2651 magister
553 2555 845 2658 ceremoniarum
865 2577 933 2631 nec
954 2553 1089 2628 familia
1107 2555 1204 2650 Pape
1223 2555 1286 2624 aut
1306 2549 1468 2624 omnium

128 2677 372 2751 cardinalium
391 2677 477 2774 quia
494 2681 592 2776 Papa
606 2677 721 2752 noluit
740 2679 792 2752 eis
817 2679 989 2768 intimari,
1019 2700 1136 2772 neque
1165 2676 1263 2773 quod
1287 2673 1468 2750 ordinarie

127 2802 378 2900 reciperetur,
398 2826 482 2878 cum
499 2825 573 2877 non
589 2803 730 2878 veniret
745 2827 811 2902 pro
830 2803 1039 2878 obedientia
1053 2800 1264 2894 prestanda.

175 2927 367 3018 lllcrcurii,
405 2932 451 3002 26
476 2929 698 3020 novembris,
741 2928 1030 3003 anniversarium
1069 2925 1319 3002 coronationis
1352 2927 1464 3022 Pape,

124 3052 326 3128 cardinalis
345 3053 586 3129 Bononiensis
604 3055 803 3130 celebravit
827 3039 990 3145 missam,
1018 3059 1115 3152 Papa
1140 3059 1323 3152 presente,
1349 3050 1387 3126 in
1410 3075 1468 3129 ca-

124 3177 240 3276 pella;
272 3179 397 3254 omnia
422 3202 527 3254 more
552 3179 672 3254 solito.
699 3183 779 3256 Non
805 3179 875 3254 fuit
901 3179 998 3253 dicta
1027 3203 1151 3276 prosa,
1180 3179 1244 3252 sed
1271 3162 1466 3276 antequem

124 3305 226 3400 Papa
258 3304 502 3378 descenderet
530 3328 599 3401 pro
625 3327 729 3380 versu
756 3303 899 3378 alleluia
926 3304 972 3377 ad
997 3302 1256 3393 faldistorium,
1289 3302 1466 3379 diaconus

122 3427 228 3525 petiit
245 3427 553 3503 benedictionem.

172 3553 314 3627 Eadem
325 3551 397 3644 die,
417 3557 500 3651 post
516 3554 649 3628 horam
666 3576 918 3651 vesperarum,
932 3559 1119 3650 portatum
1136 3549 1203 3624 fuit
1214 3575 1348 3649 corpus
1368 3554 1463 3629 bone

123 3677 308 3752 memorie
339 3677 501 3776 episcopi
527 3679 696 3752 Suessani
727 3677 814 3776 (qui,
845 3681 953 3752 nocte
978 3676 1171 3774 preterita,
1206 3676 1303 3750 diem
1336 3677 1465 3752 clausit

125 3801 347 3900 extremum)
377 3802 423 3875 ad
453 3801 646 3876 eeclesiam
672 3827 702 3876 s.
732 3801 870 3874 Onufrii
903 3800 1168 3898 sepeliendum,
1195 3801 1414 3875 associatum
1441 3825 1463 3874 a

124 3927 280 4025 prelatis
291 3931 328 4002 et
343 3926 582 4002 familiaribus
594 3927 798 4024 aliquorum
810 3926 1070 4000 cardinalium:
1088 3925 1295 4022 requiescat
1306 3925 1341 3998 in
1356 3949 1460 4023 pace.

171 4051 342 4142 Veneris,
364 4051 648 4138 28novembris,
670 4050 738 4123 fuit
755 4050 1009 4124 consistorium
1036 4056 1233 4140 secretum,
1254 4050 1290 4122 in
1318 4073 1389 4146 quo
1417 4054 1460 4124 o.

123 4176 285 4250 Thomas
320 4175 540 4251 Franciseus
576 4153 824 4265 Guastaferro,
855 4175 1098 4249 subdiaconus
1128 4173 1362 4271 apostolicus,
1396 4173 1464 4247 fuit

161 4403 188 4456 l.
210 4420 225 4452 u
292 4397 352 4466 Quo
367 4398 448 4468 facto,
462 4397 539 4472 Papa
552 4399 667 4456 recessit
681 4399 716 4456 ad
734 4415 869 4456 cameram
885 4415 963 4456 suam
983 4403 1010 4454 et
1028 4413 1123 4454 omnes
1144 4394 1269 4452 mulieres
1289 4399 1381 4449 secute
1396 4397 1463 4447 sunt

124 4505 197 4558 eum,
214 4492 243 4544 ct
256 4487 328 4545 facte
344 4493 409 4545 sunt
423 4487 520 4562 nuptie
534 4491 561 4545 et
570 4506 639 4544 cena
647 4489 777 4563 nuptialis
786 4489 812 4546 in
825 4490 920 4546 eadem
930 4505 1037 4546 camera
1051 4486 1080 4542 in
1094 4504 1149 4561 qua
1164 4485 1239 4557 Papa
1253 4482 1333 4538 etiam
1344 4477 1460 4542 cenavit,

124 4583 155 4634 ut
168 4577 237 4633 mihi
250 4576 415 4634 affirmatum
437 4576 490 4634 fuit
509 4575 548 4632 aic
567 4577 667 4650 fuisse;
688 4579 761 4652 quod
780 4569 831 4653 ego
853 4596 909 4636 nou
928 4595 1042 4652 possum
1063 4575 1183 4641 credere,
1203 4569 1320 4628 maxima
1336 4569 1463 4639 presente

124 4666 257 4741 episcopo
276 4667 384 4734 eodem,
401 4666 477 4740 quod
501 4666 579 4740 Papa
599 4669 776 4726 commederit
794 4668 902 4742 publice
921 4667 949 4722 in
967 4665 1026 4722 loco
1045 4664 1093 4720 ubi
1112 4661 1195 4718 etiam
1213 4656 1341 4713 mulieres
1356 4651 1464 4726 publice

124 4756 335 4812 commodarunt
351 4773 358 4811 :
376 4754 400 4812 si
412 4753 509 4828 regina
533 4755 631 4813 fuisset
648 4775 704 4813 non
723 4757 857 4831 potuisset
873 4773 907 4812 ex
922 4755 985 4829 jure
999 4757 1155 4810 nostrarum
1169 4743 1394 4837 ceremoniarum,
1409 4739 1463 4794 nisi

124 4844 273 4920 episcopus
289 4843 410 4900 Ortenus
425 4860 499 4900 more
514 4861 564 4900 suo
579 4844 607 4900 in
623 4845 821 4920 corruptionem
836 4841 1059 4908 ceremoniarum,
1070 4843 1100 4894 ut
1115 4834 1186 4892 solet
1198 4831 1462 4906 plerumquermme-

125 4951 185 4990 mor
199 4933 244 4990 sui
260 4933 374 4990 honoris
387 4939 415 4990 et
426 4931 507 4989 alicui
525 4933 667 5008 prodigus.
689 4957 705 4987 »
721 4936 753 4991 P.
774 4935 808 4991 de
827 4931 947 4998 Grussie,
967 4930 987 4987 l.
1007 4929 1070 4984 262.
1083 4944 1110 4982 v.
1131 4947 1145 4978 u
1211 4920 1329 4994 (norma)
1343 4931 1463 5013 ⁰?l0ffi0·

125 5023 236 5080 niarum
251 5029 444 5080 nostrarum...
464 5039 594 5096 expresse
617 5023 765 5097 prohibent
784 5021 911 5079 mulieres
930 5035 992 5075 esse
1010 5015 1037 5071 in
1058 5011 1184 5070 convivio
1209 5025 1276 5064 curn
1295 5003 1433 5102 pontifice,
1447 5021 1462 5052 a

127 5111 204 5168 avait
215 5111 285 5168 tcrit
299 5111 440 5168 Bnrchard
455 5110 480 5168 le
497 5113 531 5167 lb
545 5111 691 5169 novembre
707 5113 776 5170 1488
790 5116 806 5169 d
820 5107 963 5186 l'occnsion
978 5105 1013 5160 du
1028 5102 1149 5174 mariage
1165 5099 1199 5154 de
1214 5093 1396 5159 Theodorias,
1411 5087 1465 5144 lille

127 5200 293 5259 d'lnnocent
306 5199 383 5272 Vlll,
398 5217 464 5258 avec
480 5199 619 5258 Gherardo
634 5201 802 5285 Uspdimure,
818 5207 839 5258 t.
857 5200 877 5269 l,
891 5216 918 5272 p.
934 5195 996 5252 323.
1017 5258 1020 5266 ,
