3590 6042
347 547 381 604 ot
803 545 980 604 JOHANNIS
1004 543 1227 612 BURCHAHDi,
1476 543 1595 610 [Junrier
1611 545 1679 610 tsut

355 707 522 798 receptus
537 701 652 774 tuerat
668 706 703 775 et
719 725 763 774 es
779 725 817 774 se
833 699 911 797 ipso
927 700 987 774 ivit
1003 700 1048 773 ad
1060 700 1181 773 locum
1203 721 1307 772 suum
1334 699 1428 772 inter
1453 699 1544 772 atior
1571 699 1679 772 assis-

352 832 483 902 tentes.
503 830 633 902 Forma
653 827 749 924 petie
763 851 872 900 auree
889 825 925 899 in
939 825 1095 900 liminari
1110 830 1214 923 porte
1235 847 1345 900 auree
1369 831 1508 900 murata
1525 823 1680 898 habetur

351 952 443 1026 inira
456 951 542 1026 folio
558 955 659 1040 CCL3
675 959 849 1050 argentea
864 959 985 1028 nutem
1000 951 1070 1025 hec
1086 959 1142 1025 est
1157 949 1217 1048 (ti.

394 1077 497 1152 Idem
514 1081 578 1154 SS.
598 1081 641 1152 D.
666 1085 803 1169 noster,
822 1077 1006 1153 concessit
1030 1100 1096 1175 per
1124 1077 1263 1151 italiam
1283 1075 1533 1174 plenissimam
1565 1077 1681 1150 indul-

344 1205 506 1302 gentium
524 1203 609 1278 anui
623 1204 749 1303 jubilei
763 1227 876 1302 usque
890 1205 936 1278 ad
954 1205 1084 1279 festum
1098 1205 1333 1279 Pentecostes
1348 1211 1678 1301 properenturum,

344 1331 447 1428 cuius
472 1330 742 1404 commissarios
769 1331 855 1404 iecit
877 1330 1006 1404 iratres
1023 1330 1160 1404 ordinis
1185 1329 1365 1404 Minorum
1382 1329 1427 1402 de
1452 1330 1682 1405 observantia

346 1479 411 1554 per
423 1455 563 1532 litteras
579 1457 795 1555 apostolicas
811 1479 963 1553 quorum
982 1463 1158 1530 tenor'est
1172 1455 1399 1554 hujusmodi.

397 1583 647 1674 «Alexander,
675 1583 879 1681 episcopus,
908 1607 1030 1658 seruus
1053 1607 1238 1657 servorum
1267 1583 1346 1672 Dei,
1373 1582 1418 1656 ad
1440 1585 1599 1658 tuturaur
1626 1583 1678 1659 rei

347 1709 575 1784 memoriam.
603 1709 762 1783 Pastoris
789 1707 903 1782 eterni
929 1709 990 1806 qui
1019 1731 1085 1806 pro
1113 1708 1227 1783 sainte
1254 1709 1375 1806 gregis
1403 1707 1546 1784 Domini
1576 1733 1617 1784 se
1645 1709 1682 1782 iu

346 1833 501 1934 pretium
517 1833 706 1908 immolare
721 1857 795 1909 nou
810 1833 947 1924 abnuit,
966 1833 1075 1926 viceS,
1093 1834 1254 1932 quamvis
1265 1834 1450 1926 immeriti,
1466 1835 1681 1932 gerentesiu

347 1960 463 2052 terris,
493 1966 530 2035 et
559 1983 708 2059 gregem
737 1959 854 2056 ipsum
883 1959 987 2034 nobis
1018 1959 1136 2034 divina
1164 1959 1401 2058 dispositione
1427 1959 1681 2047 commissum,

346 2093 495 2186 paterne
518 2084 734 2159 conditionis
756 2084 887 2159 intuitu
911 2085 1193 2182 conspicientes,
1223 2086 1267 2158 de
1292 2086 1493 2160 animarum
1518 2085 1684 2182 singulo-

349 2237 428 2286 rum
445 2211 605 2286 fidelium
623 2210 849 2286 credentium
869 2210 1087 2308 populorum
1104 2211 1219 2286 salute
1236 2211 1387 2286 sollicite
1407 2211 1626 2308 cogitamus
1647 2221 1685 2284 et

352 2336 493 2410 illarum
516 2335 685 2434 perieulis
709 2337 932 2410 accurrimus
957 2343 993 2413 et
1021 2344 1201 2428 tenemur,
1230 2359 1366 2433 eosque
1390 2359 1481 2432 quos
1505 2343 1544 2409 ut
1569 2359 1684 2433 pecu-

350 2462 458 2536 liares
475 2461 568 2535 filios
588 2461 716 2536 merito
738 2461 774 2534 in
796 2461 993 2537 uisceribus
1013 2461 1172 2559 gerimus
1192 2461 1391 2552 charitatis,
1415 2461 1458 2534 de
1481 2460 1684 2558 apostolice

348 2587 534 2687 potestatis
552 2587 788 2686 plenitudine,
807 2611 914 2684 quarn
931 2612 1003 2661 nou
1019 2587 1064 2661 ab
1080 2585 1229 2660 homine
1246 2586 1452 2660 obtinemus
1470 2585 1535 2662 scd
1549 2609 1572 2660 e
1585 2589 1680 2662 Deo.

347 2711 649 2810 indulgentiarum
674 2711 854 2785 favoribus
873 2711 1141 2810 prosequimur,
1161 2717 1198 2786 ct
1217 2710 1492 2786 remissionibus
1512 2717 1685 2808 peccato-

352 2861 431 2912 rum
447 2836 697 2911 confovemus.
720 2838 843 2934 Nuper
860 2836 1035 2933 siquidem
1052 2859 1204 2934 presens
1219 2859 1334 2910 annus
1350 2835 1478 2934 jubilei
1494 2835 1686 2910 remissio·
1786 2891 1787 2900 κ

349 2961 404 3034 nis
421 2967 456 3035 et
469 2961 587 3058 gau'dii
603 2983 648 3034 ac
659 2961 962 3035 reconciliationis
978 2961 1128 3035 humani
1144 2960 1288 3058 generis
1305 2959 1537 3058 Redemptori
1553 2968 1684 3034 nostro
1786 2935 1787 2954 ¹

349 3086 514 3183 piissimo
530 3085 590 3184 qui
606 3087 766 3184 quolibet
780 3111 874 3161 anno
891 3087 1091 3161 centesimo
1108 3087 1152 3160 ab
1168 3087 1264 3162 iliius
1278 3087 1439 3185 primeva
1453 3086 1684 3160 ordinatione

346 3233 413 3307 por
434 3210 549 3284 felicis
575 3211 835 3285 recordationis
857 3211 1081 3284 Boniioeium
1101 3215 1178 3288 Viti
1196 3211 1376 3286 institutus
1397 3217 1432 3285 et
1453 3210 1584 3286 deinde
1600 3211 1686 3284 Gle-

347 3343 510 3412 mentem
532 3339 579 3414 Vl
601 3337 646 3412 ad
670 3337 1026 3436 quinquagesimum,
1050 3344 1085 3413 at
1105 3338 1307 3414 successiva
1332 3337 1545 3436 Gregorium
1566 3339 1615 3411 Xt
1637 3335 1684 3410 ad
1785 3323 1786 3364 i

349 3459 576 3560 trigesimum
593 3461 753 3552 tertium,
772 3465 808 3536 et
827 3471 956 3561 postea
975 3463 1021 3537 ad
1035 3459 1248 3537 uicesimum
1268 3465 1432 3561 quintum
1448 3487 1515 3561 per
1530 3463 1589 3562 pie
1603 3488 1682 3536 me·

347 3589 461 3663 morie
480 3589 630 3664 Paulum
647 3591 690 3680 u,
711 3591 894 3665 Romanos
911 3590 1104 3664 Pontifices
1120 3589 1397 3689 predecessores
1419 3595 1562 3663 nostros
1575 3612 1686 3686 prop·
1784 3671 1785 3674 Ἴ

348 3721 401 3788 ter
415 3713 573 3790 humano
591 3713 660 3789 uite
676 3713 890 3790 brevitatem
906 3715 1077 3790 reductus
1093 3715 1172 3806 tuit,
1191 3715 1325 3791 instare
1339 3723 1553 3789 nosceretur
1568 3717 1685 3788 esset·

344 3859 415 3936 qne
441 3837 501 3913 iile
532 3839 752 3914 centesimus
779 3865 893 3915 onnus
918 3842 979 3938 qui
1002 3841 1047 3916 ab
1070 3841 1148 3940 ipss
1174 3841 1334 3941 primeva
1361 3839 1587 3916 ordinatione
1616 3839 1685 3912 tuit

345 3961 530 4039 institutus
546 3971 581 4040 ct
598 3963 720 4063 inquo
737 3965 891 4041 universi
907 3966 1095 4041 christiani
1113 3967 1239 4043 fideles
1260 3969 1548 4065 quibuscumque
1568 3965 1683 4039 etiam

346 4089 568 4188 grauissimis
587 4091 729 4166 delictis
755 4091 902 4168 obnoxii
922 4115 1006 4168 vere
1026 4093 1231 4191 penitentes
1254 4101 1290 4169 et
1310 4091 1481 4185 confessi,
1499 4091 1682 4166 visitando
1783 4129 1784 4198 p

345 4209 512 4290 basilicas
528 4221 563 4291 et
578 4217 752 4292 ecclesius
766 4217 860 4292 alme
876 4219 982 4294 Urbis
998 4225 1035 4294 et
1048 4227 1150 4293 extra
1162 4214 1243 4294 eam
1258 4219 1449 4318 deputatas
1462 4218 1682 4312 illarumque
1783 4203 1784 4254 i

346 4338 485 4440 majora
497 4339 623 4417 altaria
636 4341 885 4440 plenissimam
900 4343 1061 4418 omnium
1076 4353 1310 4443 peccatorum
1327 4318 1476 4419 suorum
1489 4341 1683 4438 indulgen

345 4465 432 4540 tiam
449 4474 732 4566 consequantur,
751 4477 786 4545 ot
800 4475 994 4568 propterea
1009 4468 1054 4545 ab
1075 4470 1244 4545 omnibus
1260 4469 1391 4546 Christi
1413 4467 1579 4543 tidetibus
1596 4489 1681 4540 eum
1782 4507 1783 4568 j

345 4593 485 4694 majore
521 4594 725 4694 frequentia
753 4602 788 4670 et
817 4595 1007 4671 devotione
1036 4619 1110 4672 non
1140 4597 1325 4672 immerito
1358 4594 1613 4684 celebrandus,
1646 4599 1682 4666 et
1782 4587 1783 4616 ³

343 4737 563 4818 cuperemus
595 4721 731 4796 dictum
759 4742 894 4796 aunum
921 4721 1050 4821 jubilei
1076 4724 1122 4796 ab
1151 4721 1238 4820 ipsis
1264 4719 1433 4796 fidelibus
1462 4743 1545 4795 cum
1578 4717 1681 4792 omni

343 4837 469 4921 debite
482 4843 676 4920 devotione
692 4845 883 4929 celebrari,
900 4871 943 4922 ac
953 4847 1078 4922 fideles
1091 4849 1188 4945 ipsos
1201 4847 1389 4921 addictam
1404 4845 1615 4942 Urbempro
1624 4867 1683 4915 re·
1781 4919 1782 4928 ,

344 4965 510 5046 rorantia
525 4972 716 5047 beatorum
736 4971 831 5046 Petri
852 4979 888 5047 at
902 4973 999 5048 Pauli
1016 4973 1261 5071 apostolorum
1277 4970 1495 5071 principum,
1517 4969 1577 5067 qui
1597 4990 1681 5044 eum
1781 5003 1782 5020 2

384 5233 411 5304 i.
433 5243 471 5302 Lo
486 5248 560 5320 piene
574 5245 700 5323 ‹t'urgeut
714 5251 756 5306 est
769 5251 941 5322 representes
956 5265 1003 5306 sur
1016 5245 1039 5307 te
1055 5267 1121 5310 rnss.
1138 5249 1219 5324 orig..
