3502 6036
100 573 285 642 [remorata]
411 567 539 626 RERUM
564 565 791 624 URBANARUM
815 564 1079 626 connnnvnfln.
1354 565 1403 622 191

97 727 157 802 vidi
169 749 233 802 nec
246 724 398 822 cognovi
423 747 508 798 eum
533 746 611 796 esse
633 720 857 820 religiosum,
879 744 961 796 cum
979 721 1074 818 pli'ca
1094 719 1255 795 mantelii
1278 719 1333 792 sui
1356 719 1406 792 si-

95 875 193 952 gnum
210 849 393 948 religionis
412 847 669 946 cooperirent;
688 853 883 945 propterea
898 846 1068 946 deinceps
1082 851 1137 921 cst
1152 844 1405 920 dimittendus.

97 976 281 1054 Cardiualis
298 975 432 1050 Montis
450 973 594 1071 Regalis
608 973 805 1048 celebravit
825 973 977 1047 missam
995 972 1210 1048 solemnem.
1230 975 1270 1044 ln
1290 969 1410 1045 distri-

95 1105 227 1180 butione
244 1101 482 1178 candelarum
498 1099 565 1172 luit
586 1121 739 1196 magnus
759 1123 887 1173 rumor
903 1105 939 1174 et
956 1081 1130 1197 pressura
1148 1103 1233 1174 anta
1249 1101 1406 1195 Papam:

95 1228 206 1303 babuit
222 1231 307 1303 ante
329 1251 368 1301 se
384 1224 587 1300 cancellum
609 1222 894 1321 reparatorium‚
916 1224 1077 1299 etmulti
1098 1249 1141 1297 ex
1164 1221 1410 1322 stipendiariis

95 1377 166 1428 cum
186 1351 324 1428 baculis
348 1373 506 1449 quorum
535 1373 626 1424 unus
649 1373 715 1447 per
734 1349 1036 1424 inadvertentiam
1062 1348 1244 1446 percussit
1272 1353 1410 1445 Papam

93 1503 190 1576 super
204 1501 354 1552 manum
370 1475 553 1550 sinistram
568 1502 576 1564 ;
596 1474 702 1566 alius,
720 1478 762 1548 o.
783 1475 980 1550 Antonium
995 1475 1041 1550 de
1056 1479 1178 1550 Monta
1193 1473 1408 1557 auditorem,

95 1605 264 1680 tobaleam
287 1607 372 1679 ante
387 1625 462 1676 seu
482 1603 586 1700 juxta
608 1603 744 1699 Papam
766 1606 966 1692 tenentem,
990 1625 1099 1700 super
1120 1623 1261 1690 nasum,
1283 1606 1319 1675 et
1337 1597 1414 1673 vul-

95 1729 225 1804 neravi-t
248 1751 332 1804 eum
357 1726 448 1802 adeo
472 1726 569 1822 quod
592 1725 698 1800 exivit
719 1750 793 1800 non
817 1750 948 1823 parum
976 1727 1022 1801 de
1049 1726 1238 1826 sanguine.
1261 1729 1360 1823 Papa
1377 1729 1414 1798 et

93 1854 287 1930 cardinales
315 1855 511 1928 tenuemnt
538 1850 708 1925 candelas
736 1875 820 1925 suas
852 1853 1025 1928 ardentes·
1052 1875 1168 1950 usque
1195 1851 1241 1924 ad
1268 1851 1412 1924 finitum

93 1981 310 2080 evangelium
328 1984 365 2054 et
385 2001 459 2052 non
480 1977 526 2050 ad
548 1975 809 2070 elevationem
835 1979 899 2053 sed
922 1979 1117 2054 servitores
1139 1980 1337 2053 tenuerunt
1355 2000 1415 2050 cas

94 2105 191 2182 alne
216 2105 394 2206 evangelii
417 2105 586 2182 ardentes
610 2130 724 2204 usque
750 2110 833 2204 post
857 2105 1153 2181 communionem
1176 2102 1411 2179 celebrantis.

92 2229 161 2306 llic
177 2231 302 2306 omnia
318 2254 421 2305 more
438 2231 558 2306 solito.

134 2356 238 2432 Faria
253 2364 392 2454 quarta,
415 2362 436 2432 a
456 2354 641 2447 februarii,
662 2354 740 2430 dies
763 2355 939 2446 cinerum,
965 2359 1065 2454 Papa
1085 2356 1273 2432 benedixit
1292 2361 1328 2432 et
1345 2355 1415 2430 im·

93 2481 201 2579 posuit
220 2482 363 2558 cineres
380 2506 485 2557 more
503 2482 610 2556 solito
625 2481 662 2554 in
677 2481 818 2579 capella
830 2482 967 2579 majore
986 2481 1120 2580 palatii,
1141 2483 1297 2580 receptis
1316 2483 1415 2580 prius

92 2630 111 2680 a
130 2607 314 2682 cardinale
337 2607 532 2682 Guseutino
561 2605 789 2682 celebraturo
811 2606 1016 2692 cineribus:
1042 2614 1124 2705 post
1144 2607 1414 2706 impositionem

94 2733 263 2824 cinerum,
283 2711 587 2831 accepitaquam‚
609 2739 648 2805 ut
666 2732 767 2807 alias.
789 2735 1005 2808 Sermonem
1023 2733 1108 2810 lecit
1124 2734 1288 2834 Baptista
1306 2738 1415 2810 Casa-

93 2857 171 2948 lius‚
204 2863 408 2948 Romanus,
444 2857 619 2932 scholaris
647 2857 777 2949 laicus,
811 2882 895 2944 cum
926 2859 1067 2957 capillis
1098 2860 1234 2958 longis,
1269 2859 1416 2959 dequo

95 2983 184 3080 Papa
210 2983 278 3057 fuit
302 2982 403 3057 valde
428 2979 605 3071 turbatus,
639 2985 676 3055 et
706 2979 794 3055 dixit
822 2983 996 3080 magistro
1029 2985 1153 3082 palatii
1183 2985 1212 3060 si
1243 2986 1416 3084 deinceps

94 3107 243 3205 aliquem
267 3107 378 3183 talem
402 3106 611 3182 admitteret
632 3105 677 3180 ad
699 3107 892 3200 orandum,
918 3109 1016 3205 quod
1039 3111 1148 3186 vellet
1165 3135 1250 3186 eum
1274 3113 1416 3211 privare

93 3225 218 3308 otticio.
240 3233 359 3308 Finita
373 3233 496 3322 missa,
517 3235 627 3331 Papa,
648 3255 707 3308 me
726 3233 965 3331 supplicante,
989 3235 1088 3311 dedit
1110 3237 1293 3316 licentiam
1313 3237 1418 3314 nobis

94 3360 269 3460 magistris
295 3359 601 3450 ceremoniarum,
626 3357 835 3434 cantoribus
859 3366 895 3434 et
918 3361 1085 3436 omnibus
1108 3364 1186 3438 aliis
1209 3365 1254 3439 de
1277 3364 1418 3463 capella

94 3487 181 3582 quod
208 3487 386 3562 visitando
415 3485 532 3560 altare
560 3485 680 3584 majus
705 3485 853 3560 basilice
885 3511 915 3558 s.
949 3488 1057 3579 Petri,
1092 3489 1243 3589 singulis
1273 3490 1416 3580 diebus,

95 3634 355 3711 consequamur
369 3610 612 3709 indulgentias
628 3610 806 3702 stationis,
825 3616 862 3686 et
878 3613 974 3709 quod
990 3613 1224 3714 singulariter
1236 3617 1417 3715 possimus

94 3737 220 3836 eligere
236 3739 483 3815 confessorem
501 3736 561 3834 qui
581 3761 648 3810 nos
672 3737 718 3812 ab
736 3737 905 3813 omnibus
923 3741 1084 3837 peccatis
1104 3742 1267 3818 absolvat
1286 3748 1323 3818 et
1339 3743 1418 3841 ple-

96 3863 224 3940 nariam
241 3863 496 3939 remissicnem
513 3861 713 3960 impendat.
731 3862 811 3936 Alio
827 3886 928 3938 more
946 3865 1065 3942 solito.

140 3992 243 4067 Faria
259 3991 399 4089 quinta,
425 3993 468 4063 td
488 3987 574 4063 dicti
595 3987 731 4061 mansis
751 3987 938 4079 februarii,
961 3993 1024 4066 SS.
1046 3997 1089 4066 D.
1108 3997 1234 4068 noster
1253 3993 1290 4069 in
1310 4017 1417 4069 manc

55 4221 62 4238 ι
99 4117 260 4212 equitavit
275 4116 465 4190 Tiburtum
482 4119 519 4188 at
538 4135 623 4187 cum
646 4135 690 4186 eo
712 4112 915 4188 cardinales
937 4118 1154 4193 Cusentinus
1174 4126 1211 4196 et
1228 4121 1364 4220 Borgia
1382 4126 1420 4196 et

100 4243 162 4316 dux
178 4244 338 4342 quicum
360 4238 543 4316 cardinale
566 4238 696 4336 Borgia
713 4238 842 4313 habuit
858 4234 1109 4319 venationem:
1131 4249 1228 4344 Papa
1246 4253 1281 4322 et
1299 4247 1419 4322 cardi-

100 4369 181 4443 nalis
197 4367 415 4445 cusentinus
433 4365 643 4462 equitarunt
660 4368 817 4440 Roccam
838 4369 947 4464 Papa,
967 4373 1003 4443 ct
1018 4371 1159 4446 veneris
1178 4373 1362 4471 sequentis
1380 4373 1417 4447 in

102 4502 195 4570 nocte
212 4495 402 4570 radiarunt
419 4492 464 4566 ad
482 4491 618 4566 Urbem
637 4511 777 4566 omnes.

146 4621 275 4696 Eadem
299 4617 358 4694 die
380 4616 538 4707 veneris,
569 4621 606 4689 tt
638 4615 828 4708 februarii,
855 4615 1042 4695 intrarunt
1066 4620 1293 4700 Florentiam
1321 4620 1425 4699 illus-

6 4729 7 4732 *
106 4746 274 4822 trissimus
306 4747 532 4820 DsHermes
564 4740 680 4815 Maria
712 4742 861 4835 Stortia,
894 4746 1062 4821 marchio
1094 4753 1130 4822 et
1162 4754 1205 4823 I).
1240 4747 1426 4826 lohannes

106 4872 284 4946 Grenduer
301 4870 397 4969 iuris
415 4867 604 4963 utriusque
624 4866 766 4958 doctor,
787 4871 997 4967 prepositus
1021 4872 1176 4946 ecclesie
1201 4875 1421 4966 Brixinensi,

107 5002 260 5070 oratores
283 4991 508 5096 serenissimi
529 4990 629 5088 regis
652 4995 902 5084 Romanorum
925 4994 1012 5069 illuc
1030 4996 1201 5072 destinati
1221 4999 1267 5073 ad
1285 5001 1425 5098 signisv-

108 5123 249 5196 caudum
271 5117 492 5195 Florentinis
515 5116 710 5190 adventum
732 5120 889 5214 predicti
914 5120 1014 5217 regis
1042 5127 1078 5195 et
1100 5124 1333 5220 requirentes
1360 5151 1423 5202 eos

109 5245 148 5318 de
164 5245 430 5324 contributione
452 5242 617 5342 gentium
640 5247 677 5366 et
697 5247 874 5342 pecunia:
900 5271 971 5344 que
989 5248 1196 5346 significata
1211 5251 1422 5352 hujusmodi
