3506 6034
293 613 349 670 2oe
749 609 926 670 Jounvttls
949 609 1173 682 avanulum,
1287 609 1290 614 ’
1459 610 1543 674 [lim
1558 615 1634 678 Μ]

293 765 527 854 baldachino,
550 765 635 863 quia
655 766 798 842 torrerii
817 767 919 841 illum
943 789 1017 840 non
1038 765 1280 864 paraverant:¹
1306 771 1391 842 ante
1417 763 1633 866 processio·

295 915 380 968 uem
394 891 477 966 misi
492 914 557 990 pro
575 892 641 982 eis,
661 892 827 967 similiter
842 899 878 967 et
894 892 1014 967 socius
1028 915 1133 967 meus
1147 917 1155 982 ;
1173 899 1210 966 et
1228 897 1327 990 Papa
1343 893 1445 966 misit
1460 889 1634 990 parafre-

295 1017 439 1091 narium
455 1039 584 1106 suum;
603 1020 640 1090 et
653 1041 727 1090 nou
742 1022 826 1091 sunt
839 1017 989 1093 inventi.
1009 1021 1052 1091 D.
1075 1019 1266 1108 Martinus,
1284 1017 1474 1110 diaconus,
1498 1025 1534 1093 et
1552 1018 1632 1092 duo

292 1147 464 1216 cantores
485 1139 624 1239 capelle
648 1145 838 1216 cantarunt
864 1142 973 1216 simul
998 1142 1148 1217 diversis
1173 1143 1318 1218 vocibus
1339 1143 1377 1216 iu
1400 1143 1632 1240 paramentis

293 1267 488 1357 violaceis3
516 1267 588 1342 alia
608 1291 712 1340 more
737 1267 857 1342 solito.
888 1267 998 1342 Missa
1025 1266 1146 1359 finita,
1172 1267 1393 1366 interrogavi
1420 1271 1559 1365 Papam
1590 1269 1630 1341 in

191 1423 194 1432 r
292 1413 364 1489 quo
380 1392 505 1466 habitu
522 1392 630 1467 vellet
643 1394 767 1467 venire
788 1393 834 1467 ad
853 1395 1064 1484 matutinas,
1086 1394 1146 1491 qui
1169 1394 1356 1492 respondit
1372 1393 1410 1466 in
1428 1415 1569 1490 cappa;
1590 1399 1630 1465 et

293 1519 578 1592 commemoravi
597 1517 758 1592 diaconis
780 1519 1025 1594 cardinalibus
1047 1519 1343 1594 distributionem
1361 1517 1530 1592 lectionis
1551 1518 1630 1591 sive

292 1643 632 1741 interpretationem
648 1644 744 1718 bulle
753 1644 845 1742 jovis
858 1650 997 1736 sancte,
1013 1645 1278 1720 decantationis
1294 1643 1567 1741 evangeliorum
1580 1643 1629 1718 ad

291 1766 466 1841 lotionem
481 1768 630 1864 pedum,
648 1769 778 1842 eadem
796 1767 854 1842 die
869 1775 907 1842 'et
922 1768 960 1841 in
978 1768 1088 1842 missa
1103 1768 1174 1842 diei
1191 1769 1344 1844 Pascha.

342 1893 448 1964 Faria
465 1895 597 1987 quarta
614 1891 845 1966 hebdomade
866 1897 1003 1983 sancte,
1025 1897 1069 1967 23
1088 1892 1224 1982 martii,
1253 1893 1353 1966 circa
1371 1891 1502 1966 horam
1524 1890 1629 1988 vige·

293 2013 424 2088 simam
448 2014 661 2106 secundam,
684 2019 783 2114 Papa
804 2017 881 2091 sine
903 2039 1011 2092 cruce
1036 2016 1132 2091 venit
1153 2018 1198 2091 ad
1225 2017 1403 2122 capellam
1425 2017 1625 2113 majorem,

293 2163 410 2238 cappa
432 2141 592 2234 indutuS,
612 2141 650 2214 in
671 2143 758 2216 sede
777 2149 955 2240 portatus,
980 2141 1225 2216 cardinalibus
1245 2141 1493 2239 sequentibus,
1517 2163 1626 2214 more

292 2265 412 2356 solito,
430 2271 468 2341 et
485 2266 615 2342 eodem
628 2268 738 2342 modo
754 2268 864 2342 rediit
878 2269 923 2342 ad
937 2290 1134 2343 cameram.
1149 2271 1190 2342 ln
1205 2267 1391 2341 matutinis
1406 2267 1530 2341 omnia
1541 2272 1630 2340 acta

292 2395 376 2464 sunt
391 2413 493 2466 more
510 2392 629 2468 solito.

341 2517 445 2590 Feria
462 2518 588 2614 quinta
611 2541 700 2592 cene
724 2519 884 2610 Domini,
905 2517 952 2594 nt
969 2519 1104 2610 martii,
1129 2523 1226 2615 Papa
1247 2519 1344 2594 venit
1372 2521 1418 2592 ad
1440 2520 1627 2616 capellam

292 2643 470 2740 majorem
497 2643 535 2718 in
560 2668 632 2740 qua
649 2643 813 2718 interluit
830 2645 940 2719 misse
964 2645 1118 2720 solemni
1141 2669 1251 2742 quam
1274 2644 1471 2720 celebravit
1492 2649 1623 2719 ttmus.

293 2771 336 2842 D.
364 2767 561 2843 cardinalis
585 2768 812 2844 Cusenlinus.
842 2775 920 2858 Qua
944 2769 1060 2860 finita,
1085 2771 1303 2845 ministravit
1329 2769 1482 2844 calicem
1505 2791 1629 2844 sacra-

293 2894 406 2967 menti
424 2897 521 2992 Pape
541 2893 578 2968 in
594 2895 735 2992 capella
754 2897 911 2988 minore,
936 2904 972 2972 et
989 2897 1131 2994 accepit
1149 2895 1251 2970 illum
1271 2895 1317 2969 ab
1340 2919 1384 2970 eo
1401 2901 1438 2972 et
1461 2897 1627 2993 reposuit

293 3023 330 3096 iu
348 3046 498 3119 capsam
516 3023 735 3099 ordinatam.
759 3029 856 3124 Papa
872 3027 990 3100 noluit
1005 3022 1175 3124 accipere
1192 3025 1347 3124 pluviale
1366 3026 1519 3100 rubeum
1540 3029 1628 3124 pre-

293 3149 428 3222 tiosum
451 3148 487 3220 in
509 3171 619 3244 parva
641 3149 793 3246 capella,
817 3152 880 3224 sed
904 3151 1045 3248 accepit
1067 3149 1156 3224 illud
1178 3150 1213 3223 in
1234 3150 1315 3225 loco
1342 3149 1485 3248 publice
1511 3150 1628 3226 bene-

256 3309 259 3314 ·
294 3271 476 3362 dictionis
508 3278 592 3346 ante
619 3275 858 3349 reverentiam
886 3299 952 3372 per
977 3275 1180 3349 cardinales
1206 3275 1274 3347 sibi
1304 3274 1451 3348 iactam.
1482 3275 1628 3350 Bullam

294 3403 486 3494 processus
503 3398 806 3474 anathemationis
828 3401 917 3499 legit
934 3406 977 3475 D.
1003 3401 1213 3476 Bernardus
1239 3399 1423 3473 Gambara
1442 3399 1570 3498 junior
1592 3404 1630 3476 et

291 3524 372 3620 ejus
393 3522 731 3619 interpretationem
755 3529 880 3599 ltmus
909 3531 952 3600 l).
984 3525 1181 3600 cardinalis
1209 3504 1400 3600 Cesarinns
1424 3526 1485 3622 qui
1513 3525 1627 3600 etiam

295 3647 489 3744 publicavit
519 3648 762 3746 indulgentias
796 3650 977 3748 plenarias
1005 3651 1158 3750 populo,
1190 3650 1331 3747 vulgari
1361 3671 1558 3741 sermone;
1592 3658 1629 3725 et

295 3776 420 3846 limus.
439 3777 482 3846 l).
501 3774 696 3848 cardinalis
711 3775 903 3849 Famesius
918 3775 1008 3850 dixit
1023 3775 1250 3873 evangelium
1266 3776 1312 3850 ad
1327 3776 1555 3866 mandatum,
1570 3776 1629 3850 cui

291 3897 539 3972 interfuerunt
567 3921 695 3974 omnes
717 3901 920 3976 cardinales
953 3903 1015 3998 qui
1043 3901 1275 3999 processibus
1302 3901 1559 3992 interfuerunt,
1592 3907 1630 3976 et

195 4001 200 4011 ⁵
297 4021 427 4120 prelati
447 4025 543 4119 Pape
561 4024 774 4099 assistentes
787 4027 1014 4105 retinuerunt
1028 4049 1162 4124 cappas
1182 4032 1264 4123 post
1281 4025 1458 4100 lotionem
1476 4027 1627 4122 pedum.

295 4145 560 4220 lllustrissimus
587 4153 630 4223 D.
656 4151 841 4224 lohannes
867 4151 911 4224 de
939 4151 1133 4249 dragonis,
1163 4151 1326 4224 marchio
1353 4150 1477 4242 Liseti‚
1512 4176 1629 4250 nepos

296 4271 391 4361 ttmi.
410 4273 452 4344 l).
474 4271 668 4346 cardinalis
684 4275 854 4349 Senensis
870 4299 914 4351 ex
929 4275 1177 4350 illustrissimo
1193 4277 1376 4372 quondam
1392 4278 1435 4349 l).
1453 4278 1626 4366 Antonio,

295 4395 387 4470 duce
403 4396 628 4470 Amallitensi
648 4400 805 4496 genitus,
826 4401 927 4476 dedit
944 4425 1077 4500 aquam
1096 4401 1264 4474 manibus
1286 4404 1396 4497 Papa,
1418 4400 1478 4497 qui
1499 4401 1631 4475 habuit

296 4519 417 4594 locum
435 4519 473 4594 in
490 4521 631 4618 capella
647 4524 693 4597 de
712 4524 882 4600 mandato
902 4527 999 4623 Pape
1015 4527 1051 4599 in
1070 4528 1149 4624 ejus
1167 4525 1272 4615 solio,
1293 4529 1377 4622 post
1392 4529 1434 4598 D.
1449 4525 1630 4600 iacobum

292 4645 472 4718 infantem
490 4649 646 4722 Navarra
665 4654 747 4722 ante
764 4652 995 4742 senatorem
1015 4651 1088 4724 alia
1104 4671 1205 4724 more
1224 4649 1345 4722 solito.

344 4774 385 4843 ln
406 4792 502 4861 sero,
525 4769 617 4846 hora
633 4771 807 4870 vigesima
826 4775 1060 4850 secundaret
1078 4775 1188 4863 circa,
1212 4777 1310 4871 Papa
1329 4773 1474 4849 indutus
1497 4799 1628 4873 cappa,

295 4899 458 4990 portatus
485 4896 641 4986 insede,
667 4898 765 4971 venit
786 4899 833 4972 ad
854 4900 1032 4997 capellam
1055 4901 1116 4974 ubi
1135 4897 1299 4974 interluit
1317 4899 1506 4973 matutinis
1531 4905 1631 4973 tene-

295 5015 458 5110 brarum,
486 5018 523 5090 in
553 5019 685 5116 quibus
711 5022 906 5098 observata
937 5029 1020 5097 sunt
1052 5025 1175 5098 omnia
1199 5047 1303 5098 more
1333 5025 1455 5100 solito.
1491 5029 1532 5100 ln
1561 5028 1631 5100 hac

295 5142 409 5214 missa
430 5143 570 5218 servivit
597 5145 755 5242 primum
782 5172 848 5245 pro
876 5149 1051 5222 Honolrio
1080 5149 1166 5224 Gole
1190 5150 1379 5242 defuncto,
1404 5151 1630 5226 subdiacono

295 5265 448 5360 capelle,
468 5270 510 5340 D.
529 5267 738 5364 Alphonsus
755 5273 801 5345 de
817 5274 938 5369 Troja,
960 5273 1129 5348 clericus.
1199 5347 1203 5354 .
