3590 6042
104 557 207 622 [sunta
223 563 298 626 ¹⁵⁰⁰]
341 581 347 589 ·
446 564 575 626 RERUM
598 567 827 629 URBANARUM
851 569 1112 630 conuenienti.
1411 575 1447 630 69

154 717 335 812 Sabbato,
355 724 401 794 25
419 720 506 796 dieti
522 724 672 817 maasia,
691 725 784 800 sesto
804 751 834 800 s,
850 728 973 802 Jacobi
991 727 1158 826 apostoli,
1178 729 1241 801 SS.
1260 730 1303 802 b.
1322 734 1446 800 noster

104 842 194 918 iecit
211 867 253 919 se
268 851 416 944 portare
434 847 479 921 ad
494 849 690 924 ecelesiam
706 853 742 926 b.
761 853 871 927 Maria
890 853 934 928 de
950 853 1086 950 Populo
1103 853 1242 926 insede
1259 876 1325 928 sua
1340 837 1455 926 solita¹

103 992 171 1068 per
199 973 488 1069 parairenarioS,
513 976 706 1050 scutiferos
734 983 771 1052 et
795 978 886 1052 duos
917 977 1165 1052 nubibularios
1192 1003 1257 1076 pro
1283 978 1446 1074 qualibet

103 1099 224 1186 muta,
247 1102 285 1172 et
303 1097 452 1173 suerunt
467 1101 632 1176 ordinate
647 1101 772 1198 viginti
791 1111 947 1200 quatuor
962 1109 1061 1178 mute
1079 1126 1145 1200 per
1162 1103 1267 1194 viam,
1286 1108 1322 1177 et
1338 1102 1445 1199 quili-

104 1221 167 1296 bet
183 1223 432 1297 cardinalium
448 1224 633 1323 deputavit
653 1227 745 1301 duos
763 1228 1035 1324 paraironarios
1051 1252 1095 1302 err
1115 1228 1188 1301 suis
1206 1228 1264 1324 qui
1279 1229 1446 1324 juvarent

105 1353 259 1444 portare
277 1353 428 1446 Papam.
447 1349 649 1446 Equitando
669 1351 735 1426 suit
755 1360 917 1427 servatus
941 1353 1030 1427 ordo
1052 1361 1248 1428 consuetus
1266 1353 1445 1449 usquead

106 1495 276 1562 erucem,
294 1497 401 1570 quam
423 1475 670 1572 sequebantur
687 1477 893 1551 cardinales
911 1478 986 1552 bini
1007 1484 1044 1553 et
1061 1478 1151 1568 bini,
1171 1479 1256 1574 quia
1276 1478 1327 1552 siu
1348 1482 1447 1574 Papa

105 1597 243 1688 voluit;
267 1598 399 1674 deiude
426 1599 499 1677 dux
521 1623 606 1674 eum
631 1601 755 1676 multis
780 1603 961 1699 capitibus
988 1603 1227 1700 squadrorum
1254 1610 1290 1677 et
1315 1625 1447 1700 magna

107 1727 221 1818 gente
240 1726 398 1814 armata;
419 1733 503 1822 post
524 1727 657 1823 Papam
677 1729 714 1800 et
734 1726 868 1800 multos
890 1735 1054 1801 armatos
1072 1727 1282 1824 equitabant
1298 1725 1442 1823 prelati.

109 1852 283 1923 Portatus
308 1847 374 1924 iuit
396 1850 453 1924 via
480 1855 581 1924 recta
604 1852 649 1925 ad
673 1858 823 1948 pontem
849 1875 877 1924 s.
903 1851 1046 1950 Angeli,
1076 1852 1160 1925 inde
1187 1858 1271 1926 ante
1294 1850 1445 1924 domum

110 1973 200 2048 olim
223 1974 420 2050 cardinalis
440 1975 661 2065 Parmensis,
680 1975 860 2074 hospitale
881 2001 910 2050 s.
934 1977 1146 2076 Hieronymi
1168 1976 1389 2067 Selavorum,
1409 1982 1446 2050 et

109 2107 216 2174 reeta
232 2101 292 2174 ria
306 2101 391 2175 inde
407 2101 452 2174 ed
470 2101 660 2198 Populum,
680 2102 717 2174 in
732 2101 840 2199 plano
860 2109 944 2176 ante
960 2101 1155 2177 ecelesiam
1170 2102 1302 2176 fratres
1318 2123 1446 2197 expoe-

109 2230 286 2300 tarerunt
302 2229 456 2323 Papam;
475 2249 546 2322 quo
562 2225 791 2318 adveniente,
809 2227 1023 2324 inceperunt
1042 2228 1089 2300 Te
1103 2227 1224 2301 Deum
1239 2227 1444 2317 laodomam

111 2354 216 2448 Papa
233 2349 269 2422 in
291 2349 440 2424 introitu
461 2351 617 2426 eeclesia
633 2375 706 2424 uon
726 2356 783 2426 est
802 2352 985 2426 oseulatus
1003 2375 1149 2425 erucem
1170 2361 1287 2448 neque
1305 2351 1447 2448 aceepit

112 2499 250 2572 aquam
271 2479 448 2564 sanatam,
469 2474 534 2549 sed
551 2476 724 2551 continuo
745 2483 909 2574 portatus
928 2481 984 2550 ast
1004 2481 1087 2550 aute
1104 2475 1216 2549 altare
1234 2477 1366 2572 majus,
1384 2475 1445 2550 ubi

113 2607 242 2697 parato
266 2598 473 2675 faldistorio
497 2599 718 2697 genuflexit3
740 2625 811 2697 quo
835 2600 1041 2698 genuflexo,
1066 2599 1198 2674 iratres
1222 2605 1447 2672 cessarunta

113 2729 223 2798 cautu
250 2748 330 2812 suo,
357 2729 393 2798 et
415 2731 586 2800 cantores
607 2726 745 2823 capelle
777 2733 900 2800 nostre
930 2729 1120 2799 cantarunt
1148 2723 1332 2821 quoddam
1360 2747 1447 2798 oan-

115 2849 230 2924 tioum
257 2850 423 2946 ineptum
449 2857 485 2924 et
511 2874 584 2926 uon
606 2853 701 2927 bene
719 2831 878 2941 sonam,
899 2851 1008 2924 nimis
1032 2850 1198 2948 longum,
1219 2873 1303 2922 cum
1327 2848 1446 2947 longis

117 2975 412 3072 repetitionibuS,
440 2978 537 3074 quod
565 2977 632 3052 suit
659 2978 828 3052 omnibus
856 2977 1065 3052 molestum.
1092 2979 1171 3062 Quo
1197 2974 1314 3066 finito,
1344 2975 1448 3072 prior

115 3101 203 3175 dicti
224 3108 436 3194 conventus,
455 3103 598 3200 pluviali
618 3104 778 3201 pretioso
799 3103 961 3192 indutus,
982 3109 1081 3176 stans
1101 3101 1138 3174 iu
1156 3124 1269 3174 cornu
1290 3099 1444 3196 epistole

118 3226 253 3318 altaris,
279 3229 432 3302 dextera
459 3252 526 3302 sua
551 3228 655 3304 altari
686 3235 721 3304 et
750 3228 898 3300 sinistra
926 3231 1040 3324 Papa,
1071 3227 1230 3302 cantavit
1258 3235 1384 3298 versus
1412 3232 1446 3298 et

118 3353 299 3428 orationes
316 3358 523 3450 sequentes,
542 3353 751 3428 cantoribus
766 3352 1072 3450 respondentibus
1090 3379 1099 3424 :

165 3483 202 3572 t.
227 3479 377 3554 Salvam
393 3480 456 3578 sae
473 3503 613 3554 annum
631 3490 744 3568 taum,
763 3478 928 3567 Domine,

165 3609 204 3698 ri.
229 3606 329 3680 Deus
346 3629 458 3696 ineas,
478 3615 677 3701 sperantem
694 3606 732 3676 in
749 3616 795 3676 te.

166 3735 204 3824 y.
234 3730 428 3804 Cantemus
439 3730 595 3804 Domino
610 3741 741 3818 nostru,

165 3860 204 3949 11.
234 3856 391 3932 Gloriosa
407 3855 500 3930 enirn
514 3855 766 3952 mapnifioatus
782 3865 834 3926 est
848 3855 886 3926 ia
905 3851 1018 3926 nodia.

168 3987 203 4074 i.
227 3982 416 4056 Fortitudo
433 3993 468 4054 et
481 3982 560 4055 laus
574 4004 664 4070 mea,
682 3979 872 4066 Dominus,

169 4112 206 4201 ri.
231 4109 287 4182 Et
299 4109 421 4209 suetus
440 4119 491 4181 eet
507 4107 594 4180 midi
610 4107 648 4178 in
666 4105 829 4178 salutem.

169 4237 205 4324 i.
227 4233 336 4307 Nihil
346 4233 512 4331 proficiat
528 4231 692 4304 inimicus
711 4230 748 4302 in
766 4253 817 4318 eo,

171 4363 208 4454 d.
232 4359 287 4434 Et
301 4359 400 4454 filius
415 4357 610 4455 iniquitatis
626 4380 698 4430 non
716 4365 873 4452 apponat
889 4375 1013 4427 nocere
1030 4353 1072 4426 ei.

171 4487 206 4576 i.
229 4485 338 4558 Mitte
356 4483 387 4556 ei
404 4482 580 4556 auriliana
603 4481 646 4555 de
660 4479 805 4570 Sancto,

171 4613 207 4704 d.
232 4611 286 4686 Et
303 4609 346 4684 de
361 4609 449 4684 Sion
468 4621 565 4684 tacere
583 4631 675 4682 eam.

126 4817 204 4876 molto
217 4817 339 4892 pietoso;
357 4815 380 4872 si
395 4815 444 4871 ohe
460 4819 533 4872 tutta
547 4812 635 4871 Roma
650 4828 685 4868 na
703 4809 794 4884 parld;
807 4827 852 4868 ma
865 4825 921 4867 uon
941 4807 964 4865 si
983 4823 1068 4864 osana
1085 4801 1190 4879 pariare
1207 4799 1390 4876 apertamouta
1404 4815 1453 4871 per

127 4923 208 4980 paura
224 4923 232 4963 :
247 4923 262 4962 e
276 4903 295 4961 il
307 4905 379 4962 duca
393 4903 461 4962 ebbe
475 4921 492 4960 a
506 4902 564 4958 dire
583 4899 610 4958 di
631 4899 721 4958 arerlo
742 4900 808 4958 fatto
822 4916 997 4963 ammazzare,
1013 4896 1114 4970 perche
1129 4899 1249 4950 tramava
1263 4889 1291 4944 di
1306 4903 1454 4946 ammazzar

128 4995 172 5068 tui,
188 5014 203 5052 e
217 4996 247 5052 di
262 5001 361 5070 questo
374 4994 440 5052 sarid
453 4993 473 5048 11
486 5009 626 5067 proeesse,
642 5008 657 5047 e
671 4989 697 5047 lo
718 4989 797 5047 voles
814 4989 943 5048 mandare
962 4987 1014 5044 ailo
1033 4982 1170 5058 Signoria.
1187 4979 1312 5038 Tuttavia
1325 4978 1380 5036 mai
1398 4995 1454 5035 non

128 5102 212 5142 venne
272 5107 287 5135 o
302 5082 428 5141 Relation
447 5083 480 5139 do
495 5081 605 5156 Capetlo
620 5081 690 5137 daus
705 5079 807 5148 Alberi,
823 5080 965 5137 Reluzioai
978 5077 1053 5147 dent-i
1064 5073 1168 5130 ambus.
1188 5072 1282 5128 Veneti
1300 5070 1327 5124 ot
1345 5069 1453 5138 Senatu,

130 5179 148 5228 t.
164 5173 200 5231 111
216 5175 256 5246 (2·
274 5173 367 5247 serie),
388 5191 415 5246 p.
438 5173 483 5228 119
503 5178 531 5230 et
550 5169 620 5228 daus
639 5169 758 5233 Sanum,
779 5171 807 5226 t:
822 5169 870 5238 111,
890 5167 941 5223 col.
963 5167 1025 5223 812.
1045 5163 1116 5236 Voy.
1139 5158 1234 5231 Alvisi,
1248 5177 1275 5234 p.
1300 5158 1352 5214 113
1368 5164 1396 5216 et
1415 5157 1455 5214 les

131 5269 205 5322 notas
219 5265 233 5322 1
249 5269 277 5320 et
290 5265 319 5334 2,
331 5267 359 5320 at
373 5265 390 5320 1
404 5260 573 5337 i'appendice
587 5259 628 5317 les
642 5269 687 5317 n⁰¹
701 5263 729 5330 2,
743 5258 772 5326 3,
787 5259 814 5328 4,
829 5259 857 5328 5,
872 5259 890 5312 6
904 5263 932 5312 et
945 5257 972 5311 7.
1131 5283 1134 5290 =
