3506 6034
85 547 280 609 {Octobre1503}
404 545 532 604 RERUM
555 545 782 603 URBANARUM
808 543 1073 605 condamnati.
1353 546 1403 603 281

84 698 172 772 noles
188 722 216 769 s.
238 698 381 795 Georgii
401 705 437 770 et
451 699 626 772 Ascanius
649 697 791 772 luerunt
814 701 1027 773 assistentes
1046 699 1190 772 diaconi
1208 699 1243 769 in
1266 699 1406 772 dalma-

86 823 171 896 ticis:
193 823 435 896 interfuerunt
456 824 492 895 in
519 822 643 919 cappis
670 823 787 895 solitis
812 834 967 919 quatuor
989 824 1049 896 alii
1074 823 1289 914 cardinales,
1312 825 1407 898 vide-

82 948 156 1020 licet
174 949 402 1034 Arboreosis,
426 951 622 1034 Casanova,
649 947 827 1020 Columna
851 955 886 1022 et
906 949 950 1021 de
974 947 1159 1020 Farnesi0.
1181 948 1291 1020 Missa
1311 948 1407 1020 dicta

85 1077 131 1143 est
146 1071 187 1144 de
206 1071 390 1145 dominica
417 1077 459 1144 ta
478 1079 646 1144 currente
667 1071 802 1167 absque
819 1071 940 1168 aliqua
961 1071 1324 1160 commemoratione,
1342 1073 1406 1145 sed

84 1195 186 1267 solum
202 1218 285 1268 cum
299 1197 463 1270 oratione
480 1219 545 1292 pro
562 1196 795 1286 celebrando,
809 1219 913 1268 more
926 1196 1054 1268 solito:
1077 1197 1200 1269 omnia
1218 1197 1407 1268 observata

83 1325 155 1391 sunt
167 1323 275 1416 prout
288 1319 325 1391 in
337 1320 472 1408 libello,
490 1325 643 1415 excepto
660 1320 757 1414 qnod
770 1327 1005 1392 consecrator
1020 1319 1089 1391 luit
1107 1326 1191 1390 ante
1207 1319 1321 1391 altare
1341 1342 1405 1414 per

82 1445 368 1518 inadvertentiam
392 1469 513 1518 meam
541 1445 574 1516 in
599 1443 685 1518 sede
710 1468 779 1539 que
797 1445 1035 1540 portabatur,
1064 1443 1135 1516 alia
1160 1443 1282 1515 omnia
1304 1466 1403 1515 more

82 1569 186 1641 solito.
204 1569 452 1644 lnterluerunt
473 1572 547 1640 Dl).
569 1569 763 1642 Lucentius
787 1569 1031 1642 subdiaconus
1050 1574 1086 1641 et
1104 1568 1300 1641 Marcellus
1319 1593 1404 1642 aco-

80 1693 175 1790 lytus.
212 1693 331 1767 Finita
357 1693 469 1764 missa
496 1700 532 1765 et
557 1691 691 1780 officio,
720 1692 1051 1782 vicecancellarius,
1082 1700 1250 1788 presente
1283 1715 1405 1766 came-

81 1817 179 1906 rario,
197 1817 288 1890 dixit
308 1821 404 1912 Pape
428 1816 525 1912 quod
549 1839 607 1910 me
632 1816 735 1888 vellet
754 1817 997 1913 pronunciare
1018 1816 1229 1912 episcopum
1256 1817 1403 1912 Nepesi·
1424 1827 1425 1830 ’

81 1963 176 2027 num;
206 1944 305 2037 Papa
334 1941 521 2037 respondit
554 1965 592 2012 se
622 1923 836 2036 promisisse
860 1947 902 2014 A.
936 1943 1183 2028 Urhevetano;
1215 1941 1402 2037 replicavit

79 2063 387 2138 vicecancellarius
410 2068 504 2161 Papo
525 2065 593 2136 sibi
613 2067 824 2160 promisisse
847 2065 883 2136 in
906 2065 1078 2154 conclavi,
1102 2065 1289 2160 respondit
1307 2069 1405 2161 Papa

80 2210 112 2258 se
133 2188 223 2260 bene
244 2211 445 2262 memorem
465 2213 559 2276 esse,
588 2189 652 2265 sed
671 2195 838 2284 speraret
862 2189 959 2284 quod
983 2189 1061 2285 ipse
1083 2187 1404 2262 vicecancellarius

79 2308 216 2384 deberet
234 2336 315 2386 esse
336 2320 525 2386 contentus
545 2314 640 2408 quod
656 2313 759 2385 daret
776 2313 997 2409 Nepesinum
1017 2316 1060 2385 D.
1081 2312 1240 2387 Antonio
1256 2318 1292 2386 et
1307 2313 1404 2407 quod

78 2433 174 2508 vellet
187 2436 274 2508 dare
291 2436 381 2509 mihi
398 2439 596 2521 Ortanum3
616 2437 660 2508 de
679 2457 751 2532 quo
766 2440 866 2532 Papa
878 2459 952 2508 non
966 2437 1082 2532 potuit
1100 2437 1240 2510 diverti.

121 2558 181 2631 Die
197 2559 297 2649 lune,
325 2567 345 2634 2
371 2561 542 2649 octobris,
563 2559 653 2632 nihil
668 2560 764 2634 novi.
784 2560 918 2632 Eadem
937 2559 995 2632 die
1019 2561 1056 2631 in
1078 2585 1172 2662 sero,
1195 2569 1277 2659 post
1299 2563 1399 2660 vige-

78 2682 197 2754 simam
216 2685 363 2757 tertiam
372 2685 513 2773 horam,
531 2686 628 2757 venit
643 2684 936 2758 duxValentinus
952 2708 1036 2756 cum
1054 2685 1236 2782 peditibus
1250 2691 1286 2758 et
1301 2685 1403 2780 equi·
1503 2671 1505 2676 ¹

79 2805 165 2878 tibus
182 2816 217 2880 et
236 2813 293 2880 est
312 2809 515 2905 hospitatus
537 2809 574 2879 iu
596 2807 705 2880 domo
728 2831 794 2880 sua
818 2833 847 2880 s.
875 2810 993 2895 Petri;
1015 2812 1113 2906 Papa
1138 2808 1321 2904 deputavit
1338 2833 1400 2880 sex

78 2929 292 3022 assistentes,
319 2932 583 3020 Florentinum,
608 2933 845 3027 Ragusinum,
870 2934 1119 3022 Tarentinum,
1149 2933 1399 3030 archiepisco-

78 3075 156 3146 pos;
173 3057 364 3146 Nolanum,
382 3059 677 3145 Cesenatensem,
696 3059 968 3146 Zamorensem‚
988 3057 1191 3154 episcopos,

123 3179 181 3251 Die
214 3181 356 3268 martis,
387 3185 407 3252 3
439 3181 617 3270 octobris,
652 3179 762 3251 habui
793 3179 1014 3254 audientiam
1044 3204 1067 3253 a
1095 3184 1192 3276 Papa
1225 3179 1285 3274 qui
1313 3178 1400 3250 mihi

78 3300 202 3376 addixit
222 3304 414 3377 ecclesiam
437 3307 624 3390 Ortonam,
647 3309 684 3375 et
708 3326 746 3374 se
772 3303 860 3376 mihi
884 3303 1159 3378 henelacturum
1182 3326 1266 3375 cum
1287 3326 1401 3374 reser-

78 3425 208 3498 vatione
231 3427 343 3500 otficii
367 3427 671 3526 ceremoniarum,
696 3427 748 3498 ita
771 3433 891 3499 tamen
912 3428 1009 3523 quod
1028 3451 1101 3499 non
1117 3427 1312 3499 venderem
1336 3426 1400 3496 sed

79 3545 193 3622 darem
218 3574 286 3648 pro
316 3552 503 3625 beneficiis
532 3551 588 3623 vel
612 3549 683 3622 alia
712 3550 867 3623 honesta
898 3574 1137 3648 recompensa
1160 3555 1197 3623 et
1220 3548 1399 3622 conclusit

80 3693 212 3746 mecum
230 3676 328 3770 quod
344 3676 492 3748 omnino
508 3674 570 3746 fiet
587 3673 776 3748 coronatio
794 3673 976 3748 dominica
991 3675 1171 3772 proxima.

123 3799 183 3870 Die
211 3798 400 3886 mercurii,
429 3804 450 3870 t
480 3797 655 3886 octobris,
687 3795 880 3870 cardinalis
905 3823 933 3868 s.
962 3798 1134 3871 Praxedis
1158 3800 1330 3894 equitavit
1356 3799 1401 3872 ad

80 3917 215 3995 domum
235 3923 338 3997 ducis
354 3928 394 3996 ut
409 3945 491 3995 eum
506 3922 679 3995 visitaret.

10 4101 11 4104 ,
124 4046 185 4120 {tie
199 4047 306 4144 jovis,
330 4055 350 4122 5
375 4047 460 4120 dicti
481 4045 631 4119 mensis.
660 4049 735 4118 DD.
758 4046 952 4118 lucentius
974 4053 1010 4119 et
1033 4048 1277 4120 Bernardiuus
1297 4053 1402 4122 Garn-

81 4167 168 4260 bara,
203 4171 416 4245 subdiaconi
446 4170 649 4268 apostolici,
679 4169 715 4240 in
753 4171 937 4265 presentia
966 4171 1158 4243 camerarii
1184 4178 1220 4245 et
1250 4171 1295 4244 de
1323 4173 1402 4269 ejus

81 4295 237 4367 mandato
253 4295 532 4368 admiseruntD.
542 4293 745 4366 iohannem
760 4294 806 4366 de
818 4297 971 4392 Burgos‚
983 4293 1245 4367 subdiaconum
1257 4301 1401 4390 aposto-

79 4413 174 4490 licum
190 4419 226 4491 in
245 4419 367 4493 locum
387 4423 430 4492 D.
448 4417 622 4491 lobannis
639 4419 786 4514 Ortega,
799 4426 968 4513 presente
987 4421 1029 4490 D.
1042 4417 1279 4507 Bernardino,
1300 4419 1400 4491 socio

80 4561 172 4614 mco:
190 4525 259 4638 eqo
279 4565 365 4616 vero
380 4565 453 4614 nou
472 4541 637 4631 interlui;
664 4523 706 4615 1).
723 4540 889 4614 Aurelius
909 4519 1107 4614 Matuccius
1128 4563 1202 4614 non
1222 4541 1397 4615 interluit.

120 4665 180 4738 [tie
208 4666 367 4754 veneris,
394 4670 415 4738 6
441 4665 613 4752 octobris,
645 4669 770 4738 Rmus.
801 4669 844 4737 D.
873 4664 1068 4738 cardinalis
1098 4665 1401 4760 Rothomagensis

78 4789 265 4864 celebravit
280 4791 431 4863 missam
447 4789 591 4863 bassam
610 4789 646 4861 in
667 4789 772 4862 altari
789 4788 939 4862 basilice
956 4813 985 4861 s,
1005 4789 1099 4862 Petri
1117 4789 1182 4860 sub
1200 4788 1397 4876 Veronica;

79 4921 106 4982 et
120 4923 244 5010 postea
259 4916 337 5012 ipse
353 4914 516 4989 ascendit
533 4937 615 4987 cum
629 4913 811 4987 cardinale
827 4937 856 4986 s.
876 4913 1052 4986 Severini.

121 5039 181 5112 ute
198 5038 353 5128 sabbati,
380 5045 398 5111 t
418 5039 591 5126 octobris,
613 5038 694 5112 dedi
712 5037 876 5110 cedulam
892 5037 1133 5119 intimationis
1150 5035 1269 5110 tieude
1286 5037 1401 5108 omni-

80 5157 136 5230 bus
162 5161 417 5246 cardinalibus,
440 5161 587 5257 prelatis
616 5161 782 5234 omnibus
809 5170 845 5232 et
868 5158 1083 5234 officialibus
1105 5181 1255 5232 romane
1280 5160 1395 5248 curie,
