3502 6036
343 571 394 630 tta
803 565 978 624 JOHANNIS
1002 567 1224 656 Buuculttbt,
1325 611 1329 622 ,
1523 574 1585 635 [blut
1600 577 1660 642 tent]

344 723 559 822 approbavit
576 722 711 798 dictum
730 745 867 813 meum,
886 723 1239 821 subjungens'etiam
1261 747 1300 800 se
1325 748 1515 821 nunquam
1537 728 1656 802 vidisse
1732 692 1733 750 l

343 849 615 947 processionem
641 847 765 921 venire
791 849 837 922 ad
864 849 975 922 altore
1003 849 1120 946 majus
1147 849 1254 924 dicte
1270 851 1433 942 basilice,
1466 855 1564 950 Papa
1588 877 1659 950 pre·

345 979 462 1048 sente.
482 973 611 1046 Omnia
626 972 661 1046 in
679 973 735 1046 bis
754 973 913 1070 vesperis
931 979 1011 1047 acta
1027 981 1110 1046 sunt
1128 975 1371 1050 more'solito.

287 1141 289 1144 ·
393 1099 581 1174 Dominica
610 1101 856 1190 PentecosteS,
889 1103 934 1172 30
961 1099 1061 1190 maii,
1094 1102 1193 1195 Papa
1219 1101 1318 1174 venit
1347 1103 1393 1174 ad
1420 1101 1608 1175 basilicam
1634 1129 1658 1174 s.
1733 1078 1734 1152 l

344 1224 439 1298 Petri
456 1222 776 1320 processionaliter
789 1223 856 1296 sub
871 1222 1088 1296 baldachino
1103 1247 1187 1296 cum
1199 1224 1320 1298 thiara
1335 1232 1439 1300 extra
1455 1225 1657 1312 cancellum,

344 1371 472 1424 omnes
490 1348 616 1446 prelati
630 1348 877 1444 deposuerunt
892 1353 1100 1444 paramenta
1117 1356 1153 1421 et
1168 1358 1387 1446 acceperunt
1403 1374 1540 1448 cappas
1555 1379 1562 1438 ;
1579 1351 1659 1424 idem

345 1475 509 1548 lecerunt
525 1473 728 1548 cardinales
742 1473 778 1545 in
793 1473 881 1546 locis
897 1473 983 1562 suis,
1002 1453 1095 1547 lacta
1111 1473 1341 1549 consessione
1357 1499 1423 1572 per
1441 1481 1578 1574 Papam
1593 1477 1660 1549 cum
1734 1464 1735 1514 t

345 1599 575 1686 celebrante3
607 1602 702 1694 Papa
727 1597 890 1671 ascendit
915 1597 1044 1670 solium
1071 1603 1107 1670 et
1131 1597 1225 1672 lacta
1247 1604 1300 1672 est
1329 1600 1362 1672 ei
1390 1599 1590 1676 reverentia
1610 1623 1661 1696 per

346 1724 546 1798 cardinales
565 1725 600 1796 in
616 1725 754 1821 cappis,
774 1745 876 1796 more
892 1722 1020 1812 solito;
1039 1727 1163 1796 Rmus.
1183 1725 1226 1796 D.
1248 1725 1440 1799 cardinalis
1457 1751 1488 1798 s.
1509 1725 1662 1799 Praxedis

347 1850 495 1922 missam
511 1847 704 1922 celebravit
718 1873 725 1938 ;
744 1855 779 1922 et
794 1847 879 1922 licet
893 1851 989 1945 Papa
1003 1848 1081 1921 beri
1095 1871 1175 1922 sero
1187 1849 1389 1924 ordinasset
1404 1852 1662 1947 processionem

349 1974 435 2048 cleri
453 1974 586 2048 debere
603 1980 704 2046 extra
720 1973 919 2046 cancellum
936 1973 1125 2070 preterire,
1144 1980 1266 2048 tamen
1285 1974 1457 2070 quiahoc
1478 1997 1585 2049 mane
1601 1998 1663 2046 car-

347 2099 477 2172 dinalis
489 2098 744 2194 Neapolitanus
759 2097 898 2172 dixerat
915 2101 1012 2194 Papa
1023 2098 1119 2194 quod
1136 2105 1300 2196 tempore
1313 2098 1503 2173 electionis
1517 2099 1662 2197 ejusdem

347 2224 509 2320 magistri
534 2223 670 2296 ordinis
697 2222 974 2296 Predicatorum
1004 2227 1041 2295 et
1065 2222 1215 2296 alterius
1247 2226 1515 2321 cujuscumque
1543 2224 1662 2296 ordinis
1736 2237 1737 2284 t

347 2349 542 2438 Minorem,
565 2349 703 2422 vivente
729 2349 830 2421 Sixto
853 2352 950 2445 Papa
969 2354 1111 2444 quarto,
1136 2349 1409 2445 processionem
1433 2350 1575 2422 ordinis
1594 2371 1661 2422 cum

348 2473 512 2570 generali
531 2473 703 2569 magistro
728 2472 843 2546 electo
866 2473 1022 2546 intrasse
1044 2474 1091 2546 ad
1115 2473 1233 2547 altare
1257 2476 1390 2571 majus,
1411 2477 1512 2571 Papa
1535 2473 1661 2546 admisit

349 2599 445 2694 quod
468 2598 577 2672 eliam
593 2597 663 2671 hoc
683 2619 788 2671 mane
806 2597 857 2670 sic
874 2595 990 2676 fieret.
1013 2601 1160 2695 lncepta
1178 2597 1287 2694 igitur
1305 2598 1473 2694 epistola,
1496 2595 1661 2696 processio
1737 2622 1738 2644 ³

349 2722 501 2795 aliorum
526 2723 585 2818 qui
609 2722 775 2794 ordinem
797 2721 1000 2819 predictum
1027 2721 1261 2813 antecedunt,
1289 2723 1571 2818 pertransiverat
1591 2740 1662 2792 can-

352 2847 485 2920 cellum
513 2853 549 2919 et
574 2847 772 2920 diverterat
796 2871 861 2943 per
885 2845 1114 2938 Vaticanum,
1143 2846 1236 2920 viam
1268 2870 1393 2934 suam;
1428 2856 1465 2920 et
1496 2845 1662 2944 processio

353 2971 530 3045 dictorum
544 2971 707 3044 trabum
732 2971 875 3044 intravit
896 2971 1097 3045 cancellum
1118 2977 1151 3042 ct
1176 2971 1303 3044 circuit
1322 2972 1434 3046 altare
1459 2973 1577 3068 majus
1598 2991 1662 3066 per·
1738 3008 1739 3056 ,

352 3095 570 3169 transeundo
596 3095 690 3168 inter
715 3094 937 3170 cardinalem
966 3095 1213 3170 celebrantem
1243 3103 1279 3169 et
1303 3096 1393 3169 alios
1421 3097 1609 3192 episcopos
1633 3097 1663 3163 et

351 3220 582 3318 presbyteros
602 3219 825 3310 cardinales;
851 3221 998 3294 exibant
1013 3225 1156 3318 portam
1180 3221 1367 3295 lateralem
1389 3244 1515 3294 versus
1536 3219 1663 3295 Vatica-

352 3368 451 3417 num.
470 3344 573 3418 blulti
590 3368 633 3417 ex
649 3344 816 3419 iratribus
832 3345 927 3418 inter
941 3345 1052 3419 altare
1073 3349 1110 3418 et
1130 3348 1263 3442 Papam
1283 3345 1563 3442 prosternebant
1581 3365 1615 3415 se
1634 3341 1662 3411 in

352 3475 490 3543 terram
518 3493 642 3544 versus
667 3473 801 3567 Papam
827 3479 863 3544 et
885 3493 985 3544 more
1015 3461 1216 3544 Turcarunr
1239 3471 1499 3545 osculabantur
1520 3477 1661 3544 terram:

352 3596 449 3690 quod
474 3619 558 3668 cum
586 3607 659 3668 non
687 3596 881 3670 convenire
909 3595 997 3668 mihi
1022 3595 1217 3686 videretur,
1245 3595 1411 3692 prohibui
1436 3618 1483 3668 ne
1508 3591 1612 3669 ceteri
1633 3590 1662 3661 id

351 3719 517 3824 lacerent
533 3745 541 3806 ;
560 3724 655 3818 Papo
669 3720 853 3816 displicuit
867 3720 1078 3815 hujusmodi
1094 3743 1177 3794 mea
1195 3719 1391 3816 prohibitio
1407 3727 1444 3794 et
1458 3719 1568 3793 voluit
1583 3712 1664 3811 quod

352 3844 600 3940 permitterem
618 3867 681 3916 eos
696 3849 831 3916 terram
851 3844 1070 3935 deosculari,
1089 3844 1187 3940 quod
1210 3845 1292 3917 leci.
1311 3844 1485 3940 Magister
1505 3836 1664 3940 generalis

354 3967 492 4042 electus
510 3990 591 4040 oum
609 3967 772 4064 pluribus
791 3967 961 4042 fratribus
982 3968 1264 4064 provincialibus
1285 3969 1338 4042 sui
1361 3968 1500 4060 ordinis
1522 3960 1665 4040 ascendit

353 4093 398 4164 ad
425 4090 650 4178 Pontificem,
677 4097 714 4166 et
742 4115 825 4164 curn
855 4093 908 4164 eis
937 4093 1135 4166 cardinalis
1158 4093 1416 4190 Neapolitanus
1442 4115 1521 4168 rem
1543 4096 1663 4188 gestam

355 4219 449 4312 Papa
468 4215 742 4306 commendans,
763 4239 891 4290 omnes
910 4215 959 4288 illi
984 4215 1116 4289 tratres
1137 4217 1289 4290 osculati
1311 4223 1394 4291 sunt
1414 4217 1545 4312 pedem
1562 4217 1662 4307 Pap&

355 4339 487 4413 deinde
516 4340 628 4413 secuti
659 4341 931 4436 processionem
963 4363 1080 4426 suam,
1115 4341 1300 4414 residuum
1328 4340 1570 4437 processionis
1597 4337 1663 4430 pust

355 4465 569 4561 magistrum
592 4465 730 4538 ordinis
752 4464 905 4561 predicti
927 4487 1000 4538 non
1023 4464 1167 4538 intravit
1189 4464 1393 4538 cancellum
1418 4466 1482 4539 sed
1511 4465 1556 4537 ab
1581 4463 1665 4531 extra

355 4589 559 4664 divertitad
576 4589 806 4664 Vaticanum.
826 4593 903 4662 Non
919 4589 985 4664 luit
1003 4611 1123 4662 sermo
1139 4587 1344 4672 ordinarius
1360 4589 1396 4662 in
1412 4590 1524 4662 missa
1538 4586 1665 4684 propter

355 4713 643 4810 processionem,
659 4713 723 4786 sed
742 4737 786 4786 ea
798 4713 912 4800 linita,
933 4721 1129 4809 antequam
1146 4716 1242 4809 Papa
1260 4713 1362 4786 daret
1377 4711 1662 4788 benedictionem,

355 4837 549 4912 cardinalis
569 4862 599 4911 s.
619 4837 790 4912 Praxedis
807 4837 1011 4928 celebrans,
1029 4836 1203 4934 depositis
1220 4835 1315 4934 apud
1332 4836 1568 4911 laldistorium
1583 4847 1668 4928 para·

356 4964 488 5038 mentis
510 4963 633 5053 sacris,
657 4964 795 5060 accepit
815 4987 970 5061 cappam
990 4962 1140 5037 eivenit
1159 4961 1204 5058 ad
1222 4962 1345 5036 locum
1364 4985 1472 5038 sunm
1490 4963 1577 5036 inter
1591 4953 1666 5030 alios

356 5088 570 5164 cardinales.

355 5251 359 5260 ·
406 5214 554 5286 luterinr
571 5219 611 5287 ll.
636 5219 678 5287 ll.
698 5218 826 5288 Petrus
842 5216 888 5288 dc
909 5215 1085 5304 Viceutia,
1111 5216 1254 5290 auditor
1274 5237 1416 5294 cantero
1439 5219 1474 5295 cl
1495 5211 1665 5308 episcopus
