3590 6042
128 519 239 581 [octobre
255 519 325 577 isan]
445 510 571 567 RERUM
596 507 821 566 URBANARUM
846 507 1108 565 COMMENTARH.
1410 508 1442 561 al

132 670 310 743 annuente.
338 664 425 738 Novi
445 668 682 738 accesserunt
711 668 794 735 anta
822 665 972 758 Papam,
1010 663 1069 734 ubi
1099 659 1379 764 genullexerunt
1408 657 1446 730 in

132 794 264 868 madum
281 789 422 878 circuli,
442 795 478 863 et
497 793 596 885 Papa
612 788 699 886 legit
721 811 765 860 ex
783 787 877 860 libro
897 787 999 860 illam
1026 786 1317 859 admonitionem
1336 807 1446 880 quam

133 920 221 1016 prius
237 917 393 990 debebat
411 939 454 986 ex
473 921 640 1010 tempora
659 913 729 986 illis
748 913 892 987 secisse.

173 1041 303 1116 Deinde
318 1040 420 1112 dedit
435 1038 586 1136 singulis
605 1039 801 1136 capellum,
821 1062 924 1112 more
941 1039 1062 1128 solito,
1080 1043 1115 1111 et
1133 1039 1264 1137 singuli
1281 1043 1450 1112 emerant

67 1251 71 1264 Ι
133 1167 190 1240 sibi
206 1166 291 1263 ipsis
307 1165 483 1262 capellas,
502 1169 655 1260 excepta
673 1164 883 1238 ,arborense
899 1164 961 1262 qui
978 1169 1174 1260 acceperat
1191 1169 1318 1236 mutuo
1338 1186 1449 1236 unum

134 1293 307 1387 anitiquum
334 1291 427 1364 bene
450 1295 600 1362 unctum
626 1312 633 1361 :
660 1290 820 1386 primum
844 1289 1028 1387 capellum
1052 1289 1169 1362 tenuit
1193 1292 1234 1361 D.
1261 1289 1448 1376 Onulrius,

134 1415 367 1490 cubicularius
385 1418 482 1511 Papa
501 1419 537 1488 et
560 1415 807 1488 subdiaconus
831 1414 988 1512 capella;
1017 1414 1232 1502 secundum,
1254 1417 1297 1486 l).
1320 1417 1451 1486 Petrus

132 1541 321 1614 ,tlatuccius
338 1540 474 1628 Pilaus,
499 1545 738 1613 conservator
761 1563 907 1614 camare
931 1540 1039 1613 Urbis
1058 1563 1066 1629 ;
1091 1539 1255 1626 tertiam,
1275 1538 1452 1636 magister

134 1665 252 1738 stabuli
270 1668 383 1762 Papa,
403 1665 494 1738 alias
513 1670 588 1738 tres
606 1665 771 1738 scutiferi
789 1667 899 1762 Papa.
922 1664 1023 1738 Datis
1042 1663 1208 1760 capellis,
1228 1667 1327 1759 Papa
1344 1663 1454 1735 rediit

133 1791 172 1862 ud
188 1812 371 1864 cameram
390 1779 590 1886 Papagalli,
611 1788 782 1884 deposuit
799 1812 924 1862 sacras
938 1794 1058 1861 restes
1074 1811 1179 1860 more
1199 1787 1319 1860 solito.
1340 1791 1455 1860 Inter-

134 1913 241 2012 rogari
260 1912 411 1987 interim
427 1911 669 1984 Sanctitatem
689 1936 793 1984 suam
810 1913 856 1985 de
873 1913 931 1986 dio
949 1913 1166 1986 visitationis
1185 1935 1362 1987 novorum
1377 1935 1456 1985 car·

134 2038 323 2126 dinalium;
343 2061 414 2134 que
432 2035 521 2110 mihi
540 2038 728 2134 respondit
746 2039 843 2134 quod
860 2060 943 2111 oras
960 2063 1067 2112 mane
1084 2039 1263 2112 deberent.
1281 2029 1459 2112 Sanctita-

137 2169 199 2236 tem
217 2185 322 2236 suam
338 2162 499 2251 visitare,
522 2165 558 2234 et
577 2165 660 2257 post
679 2162 875 2258 prandium
894 2163 1101 2236 cardinales
1121 2163 1303 2260 antiquos.

176 2293 269 2385 Papa
287 2288 335 2362 ad
355 2298 547 2361 cameram
563 2310 666 2360 suam
685 2311 847 2375 reverso,
868 2287 951 2360 nori
967 2289 1174 2361 cardinales
1192 2289 1340 2361 luerunt
1356 2311 1458 2362 asso·

136 2413 209 2486 ciati
244 2413 291 2486 ab
325 2411 518 2508 antiquis:
548 2417 623 2484 tres
651 2411 688 2482 in
715 2411 851 2507 palatia
881 2413 926 2483 ad
955 2435 1122 2485 cameras
1157 2437 1254 2501 suas,
1289 2412 1459 2485 videlicet

136 2537 385 2610 salernitanus
403 2534 448 2608 ad
468 2559 655 2608 cameram
673 2535 869 2607 camerarii
885 2535 920 2607 in
940 2559 1088 2608 camera
1103 2535 1306 2632 apostolica
1325 2537 1457 2632 prima,

136 2661 255 2734 deinde
274 2659 502 2734 ,tibarensis
521 2665 557 2734 et
575 2659 793 2732 Cusentinus
811 2659 855 2732 ad
876 2683 1044 2733 cameras
1063 2683 1191 2733 aarum
1210 2683 1320 2756 super
1340 2661 1459 2734 curri-

138 2786 221 2859 tario
242 2807 382 2883 magno
404 2810 412 2858 :
435 2785 511 2858 sine
532 2784 661 2858 ordine
682 2785 911 2858 incesserunt
926 2784 1146 2876 cardinales
1165 2809 1247 2860 cum
1266 2785 1323 2858 his
1343 2786 1460 2859 tribus

138 2911 308 3002 similiter,
336 2909 420 2982 inde
446 2932 561 3006 usque
584 2910 630 2982 ad
653 2909 772 2982 mulas
794 2909 831 2982 in
854 2911 959 2983 curia
980 2917 1017 2982 et
1039 2910 1121 2984 loco
1145 2911 1270 3000 solito;
1298 2911 1358 2984 ubi
1377 2934 1461 2984 cum

138 3036 380 3108 ascendissent
415 3059 544 3109 omnes
579 3059 710 3108 aarum
744 3035 875 3124 mulas,
911 3036 994 3107 dedi
1028 3036 1197 3109 ordinem
1230 3043 1458 3110 consuetum.

140 3161 290 3258 Reginus
303 3161 478 3257 equitavit
493 3161 590 3233 inter
604 3161 767 3234 Medicas
783 3166 820 3233 et
838 3161 1053 3233 Farnesium
1069 3161 1106 3233 in
1123 3161 1250 3234 ultima
1266 3162 1362 3250 loca,
1378 3167 1462 3234 ante

123 3309 214 3358 ¹eum
240 3285 529 3382 Caputaquensis
556 3285 653 3358 inter
682 3285 967 3382 Agrigentinum
994 3290 1031 3358 et
1058 3289 1284 3381 Capuanum,
1314 3291 1350 3359 et
1379 3292 1463 3359 ante

142 3409 232 3484 illum
259 3411 473 3484 Mutinensis
495 3410 591 3484 inter
615 3435 644 3483 s.
671 3410 798 3484 Crucis
825 3415 860 3482 et
884 3414 1122 3498 Gurcensam,
1152 3411 1350 3506 equitando
1379 3415 1463 3482 ante

143 3535 325 3608 ecclesiam
344 3561 373 3608 s.
394 3535 487 3610 Celsi
499 3559 507 3624 ;
521 3535 605 3608 inde
625 3535 841 3608 divertimus
863 3535 909 3607 ad
927 3535 1127 3624 sinistram,
1145 3536 1191 3608 ad
1202 3540 1358 3608 Turrem
1378 3537 1465 3608 Saa-

85 3655 90 3661 ’
144 3659 301 3754 guineam
320 3667 357 3734 et
372 3665 458 3734 ante
480 3661 630 3734 domum
649 3661 695 3732 de
718 3660 872 3750 Blando,
900 3660 1011 3733 etiam
1036 3660 1082 3734 ad
1108 3659 1308 3750 sinistram,
1332 3661 1378 3734 ad
1398 3660 1464 3733 da-

143 3807 233 3856 mum
250 3785 478 3874 Mutinensis,
501 3785 560 3858 ubi
580 3809 665 3858 eum
685 3785 902 3876 dimisimus,
924 3790 960 3858 et
984 3785 1070 3858 dato
1090 3785 1172 3858 laco
1196 3785 1464 3882 Caputaquensi

145 3907 230 3982 inter
248 3911 364 3984 dictas
382 3910 473 3984 duos
492 3910 667 3984 diaconos
686 3909 721 3982 in
742 3909 870 3982 ultima
888 3909 969 3983 laco
988 3910 1195 4005 equitantes
1214 3911 1380 3982 eamdem
1398 3935 1465 4006 per

146 4021 226 4107 riam
242 4040 381 4108 rectam
401 4033 520 4131 campi
543 4034 651 4107 Flore
675 4039 711 4108 at
728 4035 834 4132 juxta
857 4034 1032 4108 clavicam
1052 4036 1097 4108 ad
1116 4036 1267 4108 domum
1291 4059 1393 4109 suam
1412 4061 1466 4108 as-

148 4159 350 4234 sociavimus
369 4159 405 4232 in
424 4159 571 4232 nomina
590 4159 746 4232 Domini.

191 4285 360 4381 Sabbata,
382 4289 402 4360 3
421 4284 557 4358 mensis
575 4283 751 4374 octobris,
773 4309 834 4358 sex
852 4286 933 4358 novi
952 4286 1158 4360 cardinales
1175 4287 1413 4362 visitaverunt
1431 4287 1466 4360 in

151 4431 244 4483 mane
264 4413 327 4486 SS.
355 4414 399 4486 D.
420 4415 602 4496 nostrum,
622 4415 658 4484 et
676 4415 758 4507 post
776 4411 972 4507 prandium
990 4415 1143 4486 RRmos.
1167 4417 1242 4486 DD.
1262 4413 1468 4488 cardinales

151 4533 433 4634 Neapolitanum,
449 4561 478 4608 s.
498 4535 641 4634 Angeli,
662 4535 954 4627 Ulixhonensem,
976 4541 1278 4625 Recanatensem,
1299 4565 1327 4612 s.
1343 4539 1469 4613 Crucis

154 4661 444 4752 erra1·nesiun1;
473 4639 534 4741 alii
559 4667 729 4758 quatuor,
750 4662 918 4736 videlicet
944 4667 1235 4757 Beneventanus,
1257 4663 1467 4752 Gurcensis,

158 4783 297 4860 l'rsinus
321 4793 358 4860 at
379 4788 540 4860 Mediaes
568 4811 640 4860 non
667 4787 815 4860 luerunt
835 4787 871 4859 in
889 4789 1059 4862 domibus
1082 4814 1210 4863 earum
1226 4790 1378 4887 reperti.

196 4912 383 4985 flaminica
402 4913 583 5009 sequenti,
605 4912 838 4985 visitaverunt
860 4938 889 4986 s,
910 4914 1118 5004 Clementis,
1139 4915 1416 5014 Agrigentinum
1434 4922 1469 4988 et

158 5033 337 5126 palatinas,
368 5042 403 5111 et
431 5038 559 5110 audibi
591 5037 843 5134 deposuerunt
875 5063 1012 5136 cappas
1043 5041 1100 5113 die
1129 5041 1284 5132 sabbati,
1319 5041 1383 5114 sed
1411 5041 1469 5112 die

158 5154 327 5236 dominica
364 5164 497 5260 ubique
527 5163 796 5259 deposuerunt3
831 5165 959 5238 eadam
994 5165 1052 5238 die
1085 5167 1239 5258 sabbati,
1275 5170 1317 5241 D.
1354 5167 1470 5240 frater

281 5329 307 5370 τ.
331 5331 368 5371 nr.
1313 5321 1328 5371 b
