3506 6034
97 478 153 542 [llil
168 477 234 538 15⁰2]
414 471 540 530 RERUM
565 473 792 534 URBANARUM
816 477 1079 540 COMMENTARll.
1366 484 1420 538 209

95 628 186 726 prius
200 625 413 724 subjectam,
436 627 503 699 sibi
523 629 729 725 subegerat,
751 631 832 706 beri
852 634 1055 710 citadellam
1076 633 1242 731 ejusdem
1264 633 1417 708 civitatis

94 760 128 826 et
142 760 248 826 totum
267 751 347 848 ejus
363 751 576 826 comitatum
591 755 823 850 acquisivisse
840 764 876 832 et
891 759 958 832 sibi
977 759 1193 834 subdidisse.

50 877 52 880 ’
138 877 237 950 Feria
259 875 383 966 tertia,
411 881 452 950 21
480 877 566 952 dicti
591 881 727 953 mensis
744 883 850 978 junii,
876 884 913 957 in
936 908 1033 974 sero,
1059 883 1245 958 intrarunt
1266 885 1417 960 barcam

92 1007 127 1077 in
155 1002 309 1100 ripaeis
337 1008 518 1100 paratam,
549 1004 579 1076 si
606 1009 707 1079 recte
728 1006 906 1098 intellexi,
933 1013 1058 1082 llmus.
1084 1012 1126 1083 b.
1153 1010 1349 1084 cardinalis
1372 1011 1417 1084 de

91 1131 277 1218 Alibrello,
298 1131 342 1202 D.
363 1128 581 1202 Franciscus
598 1131 770 1222 Trochia,
789 1134 1010 1208 secretarius
1027 1125 1123 1232 Pape
1143 1139 1180 1208 et
1197 1136 1271 1208 dux
1290 1135 1419 1210 valen-

93 1254 248 1344 tinensis,
273 1259 311 1328 et
335 1277 419 1328 cum
447 1253 499 1328 eis
521 1255 592 1328 due
615 1256 769 1352 pulchre
793 1263 986 1334 cortesane
1010 1260 1113 1349 ltale,
1139 1259 1360 1334 Thomasina
1381 1265 1418 1334 et

88 1379 313 1478 llagdalena,
334 1377 420 1452 ituri
438 1379 475 1452 in
493 1379 599 1476 galea
616 1405 681 1477 per
700 1406 802 1456 mare
825 1384 870 1456 ad
894 1407 1018 1481 regem
1042 1387 1269 1458 Francorum
1292 1408 1330 1456 se
1353 1383 1419 1456 lin-

88 1510 232 1604 gentes;
253 1504 336 1578 aliis
354 1508 437 1600 post
456 1527 594 1600 paucos
612 1505 691 1578 dies
709 1507 816 1581 aliter
833 1509 1085 1599 sentientibus,
1102 1508 1146 1582 de
1164 1533 1236 1605 quo
1252 1507 1414 1606 inira(l).

133 1629 240 1702 Feria
264 1633 379 1718 sexta,
407 1631 452 1700 ld
477 1628 612 1702 mensis
630 1631 725 1727 junii
751 1632 921 1729 predicti,
949 1633 1040 1708 lesio
1069 1659 1098 1707 a.
1122 1632 1298 1706 Johannis
1325 1636 1418 1730 Bap-

86 1755 179 1845 tista,
199 1754 415 1830 nunciatum
436 1757 490 1828 est
509 1758 606 1850 Pape
629 1755 761 1832 ducem
784 1759 1083 1836 valentinensem
1109 1759 1325 1856 subjugasse
1349 1758 1418 1831 sibi

89 1882 276 1972 Urbinum,
309 1883 405 1979 quod
429 1884 501 1958 hoc
522 1881 633 1956 modo
660 1883 815 1956 accidit:
844 1884 917 1956 dux
944 1884 1196 1958 Urbinatensis
1224 1882 1419 1980 requisitus

88 2033 150 2104 per
177 2007 313 2081 ducem
339 2008 653 2098 valentinensem,
687 2008 840 2082 mutavit
865 2010 1085 2082 bombardas
1120 2034 1204 2083 suas
1230 2010 1419 2086 vitellotio

87 2131 219 2206 vitello
236 2132 331 2206 ituro
345 2135 430 2206 tunc
442 2138 570 2207 contra
587 2133 816 2207 Florentinos
827 2141 862 2207 et
877 2139 1003 2231 gentes
1017 2159 1101 2206 suas
1116 2135 1284 2208 similiter
1299 2135 1420 2208 eidem

89 2257 281 2332 concessit.
303 2259 441 2332 Deinde
460 2259 533 2332 dux
549 2258 766 2335 Valentinus
788 2258 928 2356 fingens
945 2283 983 2332 se
1006 2260 1140 2333 iturum
1158 2265 1289 2334 contra
1305 2259 1421 2334 domi-

89 2407 173 2456 num
193 2383 389 2472 Camerini,
408 2384 550 2482 rogavit
568 2385 700 2458 ducem
721 2385 1001 2458 Urbiuateusem
1014 2385 1111 2482 quod
1130 2385 1321 2458 mundaret
1336 2409 1421 2482 gen·
1490 2431 1495 2445 ι

89 2507 184 2580 tibus
207 2507 282 2582 suis
300 2507 336 2580 in
356 2508 522 2606 Eugubio
543 2513 644 2582 certa
663 2509 721 2582 die
741 2509 939 2606 prandium
962 2509 1034 2584 sivo
1056 2509 1300 2584 resectionem
1322 2511 1420 2606 quod

88 2632 171 2706 lecit
200 2633 274 2706 dux
300 2632 443 2722 Urbini,
473 2639 511 2706 et
537 2657 645 2708 nemo
667 2635 780 2708 venit.
805 2635 946 2731 Elapsis
968 2634 1097 2708 diebus
1120 2638 1204 2708 octo
1228 2634 1284 2707 rel
1306 2633 1417 2724 circa,

89 2759 155 2831 dux
186 2757 458 2834 valentinensis
479 2759 578 2832 venit
600 2783 717 2857 prope
739 2760 919 2834 Urbinum
941 2759 987 2832 ad
1011 2759 1185 2832 milliaria
1208 2759 1337 2833 decem
1366 2758 1421 2832 rel

89 2884 201 2972 circa,
226 2889 264 2958 et
294 2883 437 2982 rogavit
460 2881 696 2980 per‘litteras
719 2908 782 2958 seu
807 2884 976 2958 nuntium
1004 2907 1111 2957 suum
1134 2884 1265 2958 ducem
1293 2883 1420 2957 Urbini

90 3008 187 3106 quod
202 3007 419 3106 dignaretur
434 3009 558 3084 venire
577 3009 624 3084 ad
642 3035 724 3084 eum
743 3009 820 3084 sine
837 3033 955 3084 mora.
975 3013 1055 3084 Dux
1075 3009 1202 3083 Urbini
1219 3009 1422 3106 suspicatus

91 3135 130 3208 de
147 3133 466 3226 subordinatione,
487 3137 612 3209 ridens
634 3160 671 3210 se
688 3161 768 3210 esse
787 3137 864 3209 sine
883 3135 1097 3210 bombardis
1117 3140 1153 3208 et
1171 3139 1293 3231 gente,
1314 3158 1422 3208 vcca-

92 3259 135 3332 rit
149 3259 196 3334 ad
219 3280 259 3332 se
280 3257 409 3334 fideles
426 3283 523 3348 suos,
544 3260 674 3356 quibus
691 3259 875 3344 commisit
893 3260 1070 3333 Urbinum
1088 3265 1125 3332 et
1146 3263 1281 3333 statum
1299 3283 1420 3346 suum,

94 3389 124 3457 et
150 3385 232 3483 ipse
259 3383 355 3459 clam
381 3384 588 3482 incognitus
614 3385 767 3459 recessit
793 3393 829 3458 et
852 3385 1030 3482 equitavit
1055 3387 1255 3457 Mantuam.
1281 3383 1423 3456 Fideles

95 3510 259 3605 predicti,
288 3509 448 3584 videntes
474 3533 549 3584 non
575 3535 682 3608 posse
707 3510 867 3608 potentie
893 3509 997 3582 ducis
1018 3509 1289 3585 valentinensis
1311 3507 1423 3580 resis-

95 3641 179 3724 tere,
198 3633 444 3708 subdiderunt
460 3635 638 3710 Urbinum
654 3641 690 3710 et
705 3641 823 3710 totum
840 3635 941 3710 ducis
957 3633 1207 3709 ‘Urbinatensis
1224 3629 1424 3706 dominium

95 3758 170 3834 duci
194 3759 451 3836 valentinensi
462 3759 522 3860 (Ξ).
549 3762 825 3858 Subjungebant
847 3759 907 3833 alii
934 3758 1159 3834 cardinalem
1177 3758 1222 3830 de
1244 3756 1424 3831 Alibretto

96 3905 172 3956 cum
189 3883 363 3972 Trocbia,
384 3889 425 3956 et
448 3883 572 3981 hujus,
594 3887 637 3958 cd
656 3885 727 3960 hoc
744 3909 787 3958 ex
807 3885 902 3958 Urbe
921 3883 1071 3974 missos3
1088 3881 1284 3978 quodcum
1303 3885 1425 3954 essent

130 4087 153 4140 l.
175 4108 190 4138 «
206 4085 333 4158 Quoique
348 4083 373 4142 lc
394 4085 506 4142 Journal
524 4087 559 4143 de
574 4087 726 4156 Burchard,
743 4087 877 4161 imprime,
891 4086 1036 4144 contienne
1051 4102 1105 4141 une
1126 4082 1273 4140 multitude
1294 4082 1328 4138 de
1348 4079 1427 4138 traits

97 4173 140 4249 qui
153 4175 288 4250 peigncnt
300 4175 342 4231 les
356 4180 437 4231 excas
451 4181 477 4231 et
486 4176 525 4232 les
539 4176 684 4233 desordres
697 4177 880 4234 d’Alexandre
895 4177 941 4244 vl,
957 4175 982 4232 le
997 4173 1149 4231 manuscrit
1162 4174 1199 4228 du
1214 4171 1265 4228 lloi
1281 4189 1314 4228 en
1324 4170 1427 4228 fournit

98 4281 191 4322 encore
205 4265 241 4322 de
255 4264 414 4322 nourcaux.
440 4265 472 4320 Jc
487 4263 528 4320 les
542 4266 664 4338 epargne
678 4267 695 4320 a
708 4281 765 4321 mes
781 4265 911 4334 lecteurs3
929 4263 1106 4338 j'observerei
1123 4261 1273 4319 seulement
1291 4278 1344 4334 que
1359 4259 1426 4316 c'est

98 4355 218 4428 toujours
232 4371 299 4410 arec
313 4351 374 4427 plus
389 4353 423 4409 dc
443 4356 549 4410 nairete
564 4371 617 4426 que
632 4354 666 4410 de
685 4353 836 4428 malignae,
854 4372 907 4428 quc
922 4354 1061 4409 burchard
1074 4353 1114 4410 les
1127 4357 1246 4407 reconte.
1263 4349 1302 4406 La
1316 4367 1426 4423 corrup-

99 4441 151 4498 tion
165 4443 217 4500 des
233 4460 334 4500 moeurs
344 4441 435 4500 deroit
445 4445 531 4498 eirca
546 4460 596 4499 son
607 4442 711 4500 comble
725 4443 777 4500 ala
789 4461 854 4500 cour
868 4443 934 4498 d'un
948 4442 1021 4516 Papo
1034 4442 1080 4516 qui
1091 4439 1196 4498 braroit
1208 4445 1283 4496 toute
1293 4439 1425 4506 decence;

100 4531 170 4588 aussi
195 4530 301 4590 voit-on
322 4532 390 4588 dans
412 4530 437 4587 le
451 4531 565 4589 Journal
586 4532 736 4589 manuscrit
759 4532 793 4588 dc
816 4531 970 4600 Burchard,
999 4532 1048 4588 des
1071 4529 1220 4588 cardinaur
1244 4527 1427 4601 s'embarquer

99 4619 302 4694 publiquement
315 4639 379 4678 arec
406 4621 456 4676 des
471 4621 641 4678 courtiscnes
662 4639 730 4696 pour
744 4621 785 4678 les
808 4639 901 4678 maner
919 4639 953 4678 en
973 4621 1086 4692 France,
1110 4621 1231 4676 d'autrcs
1246 4633 1347 4673 arouer
1362 4633 1426 4672 sans

100 4708 179 4767 boote
194 4711 277 4786 qu'ils
292 4708 396 4767 etoient
410 4713 537 4784 attaques
554 4711 588 4766 de
603 4728 633 4767 cc
647 4711 700 4767 mal
716 4729 769 4784 quc
784 4711 925 4766 Burchard
946 4727 1051 4766 nomme
1067 4709 1091 4766 le
1109 4710 1164 4764 mol
1178 4707 1316 4774 Fruaccis,
1334 4711 1360 4760 ct
1374 4722 1427 4777 que

100 4815 166 4856 nous
179 4817 325 4856 nommons
337 4815 402 4856 arec
421 4797 499 4854 aussi
513 4816 566 4872 peu
584 4801 618 4856 de
632 4800 788 4857 londement
808 4797 833 4855 le
847 4801 903 4856 mrd
915 4800 948 4854 dc
966 4801 1068 4870 Napler
1083 4797 1141 4853 :ils
1160 4793 1347 4868 l'alleguoient
1362 4809 1427 4848 sans

100 4886 192 4944 uereor
215 4905 285 4962 pour
298 4905 410 4960 excuse,
435 4887 559 4962 lorsqu'il
573 4889 614 4946 les
637 4889 789 4963 empechoit
805 4889 838 4945 de
859 4888 969 4962 remplir
989 4887 1062 4944 leurs
1077 4886 1252 4944 fonctions...
1273 4905 1287 4934 u
1303 4883 1343 4938 De
1359 4882 1426 4938 Bre-

101 4975 212 5052 quigny,
228 4979 336 5036 Notiora
351 4980 399 5036 des
411 4981 578 5034 manuscrits
593 4979 629 5034 du
644 4981 704 5043 Rei,
720 4984 740 5036 t.
756 4980 778 5047 I,
795 4997 822 5052 p.
839 4979 866 5033 3.

132 5068 158 5122 2.
179 5067 251 5142 t'oy.
274 5065 397 5142 Ugo'ini,
411 5068 503 5125 Stcric
523 5067 566 5124 dei
582 5071 655 5124 conti
676 5086 688 5124 e
708 5069 791 5124 dccli
806 5069 950 5133 d’Urbino,
969 5073 994 5123 t.
1013 5067 1048 5132 ll,
1064 5083 1091 5139 p.
1107 5067 1158 5132 89;
1175 5060 1350 5132 Giustiniani,
1368 5067 1388 5122 t.
1405 5063 1426 5130 l,

103 5171 126 5226 p.
138 5157 172 5212 33
186 5164 215 5214 ct
228 5156 298 5222 suiv,

241 5299 266 5338 r.
288 5300 325 5340 ru.
1256 5277 1289 5334 l-'r
