3502 6036
319 617 371 674 166
773 615 948 675 JOHANNIS
973 616 1195 690 Buucuauot,
1443 618 1632 684 [oeternum

321 777 379 846 tus
401 772 487 847 lecit
516 775 722 850 orationem
751 773 971 848 inductivam
990 775 1036 848 ad
1054 774 1292 850 concordiam
1319 779 1356 846 et
1379 772 1631 870 expeditionem

321 904 451 972 contra
476 903 624 974 Tureas.
656 899 849 974 Presidens
874 900 1095 996 parlamenti
1121 898 1348 987 parisiensis,
1373 898 1434 994 qui
1454 902 1539 970 tune
1563 922 1634 970 cum

319 1023 614 1120 Rotbomagense
649 1030 742 1108 erat,
775 1024 962 1120 respondit
995 1025 1129 1122 legato.
1161 1025 1297 1100 Deinde
1323 1023 1384 1096 diu
1420 1023 1531 1096 loculi
1564 1031 1634 1096 sunt

317 1147 426 1222 simul
461 1174 526 1221 rex
561 1155 597 1222 el
637 1149 845 1223 cardinalis
883 1151 1044 1222 Tandem
1081 1151 1260 1223 intrarunt
1301 1171 1485 1222 cameram
1519 1171 1580 1220 rex
1606 1155 1634 1220 el
1686 1205 1688 1208 .

318 1271 642 1370 Rollromagensis;
673 1273 796 1346 etalii
824 1273 947 1347 dicunt
973 1275 1070 1371 quod
1098 1299 1181 1347 cum
1210 1275 1262 1348 eis
1289 1278 1414 1347 orator
1445 1270 1541 1368 regis
1567 1272 1636 1344 llis·

203 1395 210 1408 '
317 1399 437 1494 panio,
458 1399 593 1494 dequo
613 1404 737 1472 tamen
757 1398 951 1472 cardinalis
969 1400 1167 1472 Gurcensis
1185 1399 1276 1476 nihil
1296 1398 1436 1472 scribit.

366 1527 409 1596 Et
428 1523 577 1598 luerunt
595 1524 816 1598 simullroris
832 1531 989 1621 quatuor
1006 1525 1062 1598 vel
1081 1525 1193 1609 circa,
1216 1533 1251 1599 et
1268 1526 1362 1598 inter
1382 1529 1474 1598 sect
1491 1525 1635 1620 propriis

318 1649 486 1723 manibus
511 1650 739 1747 scripserunt
765 1655 802 1722 et
821 1658 1109 1746 composuerunt
1133 1650 1305 1747 capitula,
1327 1654 1364 1724 et
1390 1648 1635 1723 concluserunt

318 1774 554 1848 concordiam
582 1779 618 1848 et
642 1797 783 1872 pacem,
811 1781 847 1848 el
876 1776 971 1870 quod
1007 1775 1182 1850 deberent.
1212 1775 1366 1850 infesto
1395 1801 1424 1850 s.
1456 1773 1636 1849 Catharine

317 1900 484 1997 proxime
513 1905 667 1973 venturo
687 1899 882 1972 convenire
911 1899 1166 1974 Fronctorthie
1191 1923 1274 1974 cum
1293 1905 1543 1974 Romanorum
1561 1924 1635 1996 rege

317 2024 501 2098 electores
519 2023 677 2122 imperii,
700 2029 735 2097 et
759 2025 907 2097 nomine
928 2025 1026 2121 regis
1050 2028 1276 2100 Francorum
1295 2023 1493 2098 cardinalis
1518 2025 1637 2098 Rotbo·

319 2149 502 2247 magensis
523 2173 606 2222 cum
637 2148 878 2246 promissione
900 2155 936 2222 et
965 2148 1209 2222 certificatione
1233 2149 1446 2247 hujusmodi
1475 2147 1636 2246 capitulo-

318 2299 400 2348 rum
418 2275 518 2372 pacis
536 2281 572 2348 ot
589 2274 787 2348 concordie
801 2297 846 2348 ex
858 2274 1113 2348 Froncsorthia
1132 2274 1309 2350 deberent
1322 2275 1374 2347 ire
1390 2277 1507 2348 Metus
1524 2279 1637 2348 Roma-

318 2424 451 2474 norum
466 2424 531 2472 rex
549 2424 631 2474 eum
650 2399 835 2474 cardinale
853 2400 1149 2498 Rotbomagense
1165 2405 1201 2474 et
1219 2399 1443 2474 electoribus
1460 2399 1634 2498 predictis,

318 2533 354 2599 et
371 2525 567 2600 convenire
586 2549 667 2600 oum
691 2549 777 2622 rege
802 2528 1039 2617 Francorum,
1061 2532 1097 2600 et
1114 2549 1152 2599 se
1169 2531 1298 2602 mutuo
1316 2525 1532 2623 amplexari,
1550 2525 1638 2597 deos

318 2651 433 2723 colari
453 2657 487 2724 et
497 2652 627 2748 jurare
646 2650 741 2723 inter
760 2675 797 2722 se
821 2654 1037 2747 perpetuam
1062 2674 1212 2748 pacem;
1235 2657 1271 2724 el
1296 2656 1383 2726 tunc
1401 2655 1637 2724 Romanorum

320 2801 387 2848 rex
415 2776 551 2848 ibidem
578 2776 745 2874 recipere
770 2798 920 2850 crucem
943 2781 1073 2850 contra
1095 2781 1246 2866 Torone,
1269 2782 1306 2850 et
1333 2800 1395 2848 rex
1423 2779 1637 2850 Francorum

318 2904 408 2976 dare
435 2902 515 2998 regi
544 2906 795 2975 Romanorum
827 2903 1072 3000 patrocinium
1105 2904 1141 2976 in
1175 2923 1301 2976 omnes
1329 2907 1458 3000 gentes
1489 2925 1586 2990 suns;
1609 2905 1638 2972 et

318 3026 415 3098 idem
435 3031 684 3099 Romanorum
702 3051 764 3100 rex
789 3029 914 3102 venire
937 3033 1089 3102 Romam
1113 3051 1181 3124 pro
1202 3050 1352 3116 corona,
1379 3032 1413 3098 et
1445 3027 1530 3100 inde
1557 3023 1638 3097 arri-

320 3173 408 3247 pere
427 3151 497 3224 iter
515 3155 643 3224 contra
660 3155 809 3226 Furcas.
835 3156 879 3226 Et
892 3153 949 3225 his
967 3153 1017 3226 sic
1033 3152 1227 3241 conclusis
1245 3151 1442 3224 Gurcensis
1459 3147 1639 3224 cardinalis

320 3273 418 3346 misit
443 3275 607 3352 nuntium
637 3277 684 3348 od
712 3277 849 3350 Urbem
879 3279 938 3374 qui
971 3278 1055 3350 illuc
1088 3277 1183 3350 venit
1209 3276 1302 3373 jovis
1329 3281 1368 3348 rt
1402 3275 1491 3348 dicti
1520 3271 1639 3346 mensis
1737 3315 1738 3368 3

320 3398 483 3473 octobris
510 3423 593 3472 cum
612 3399 746 3474 litteris
771 3403 937 3498 predicta
954 3401 1258 3495 significantibus.
1290 3399 1493 3474 Cardinalis
1517 3396 1639 3472 llotbo-
1737 3385 1738 3476 ζ

320 3525 504 3621 magensis
537 3525 687 3598 recessit.
717 3549 760 3598 ex
793 3527 976 3611 Tridento‚
1012 3527 1071 3600 die
1100 3531 1145 3600 29
1178 3526 1356 3622 ejusdem,
1387 3524 1573 3598 rediturus
1601 3519 1636 3590 od

320 3673 445 3745 regern
464 3650 617 3722 Francia
635 3676 702 3747 per
714 3657 836 3748 postas
854 3651 1154 3726 caballariorum.

370 3774 475 3848 Faria
511 3776 686 3864 secunda,
717 3781 761 3848 25
790 3776 927 3848 mensis
954 3776 1117 3850 octobris
1145 3773 1314 3872 predicti,
1344 3773 1561 3868 inceperunt
1583 3789 1639 3865 per

322 3899 455 3972 Urbem
473 3899 528 3971 ire
553 3899 773 3972 masoberati
799 3906 833 3972 et
853 3902 1020 3996 equitare
1038 3901 1075 3974 in
1093 3924 1227 3996 magna
1249 3898 1463 3995 quantitate,
1486 3903 1522 3970 et
1539 3894 1639 3970 conti-

323 4023 624 4098 uuaronldeinde
645 4025 821 4120 usquead
839 4025 1173 4122 quadragesimam.

368 4147 472 4222 Feria
486 4152 628 4243 quarta,
649 4153 693 4220 27
713 4149 878 4246 ejusdem
895 4151 1030 4224 mensis
1048 4149 1223 4235 octobris,
1244 4148 1334 4220 obiit
1353 4151 1394 4220 D.
1411 4149 1541 4221 Petrus
1559 4147 1639 4217 Pau·

323 4275 378 4348 lus
395 4273 439 4345 de
456 4275 589 4357 Bossia,
611 4273 724 4348 abbas
744 4276 1003 4352 monasteriis.
1026 4275 1229 4350 Sebastiani
1256 4273 1394 4350 ordinis
1408 4266 1640 4346 Cisterciensis

323 4405 566 4474 extramuros
594 4401 711 4488 Urbis,
731 4401 884 4476 sacrista
901 4401 1041 4498 capelle
1068 4405 1131 4476 SS.
1156 4404 1203 4474 D.
1235 4403 1278 4472 N.
1300 4403 1398 4495 Papa
1417 4399 1452 4470 in
1469 4419 1584 4483 mane,
1602 4389 1638 4462 od
1736 4459 1737 4504 ,

324 4526 413 4599 duas
429 4525 541 4598 boras
561 4527 773 4615 antediem,
794 4526 830 4598 in
848 4526 1004 4600 cameris
1026 4527 1112 4616 suis,
1140 4526 1175 4598 in
1194 4525 1360 4598 sacristia
1380 4523 1476 4596 dicte
1495 4517 1638 4618 capella:
1736 4505 1737 4542 ³

324 4657 358 4726 et
389 4650 457 4723 luit
490 4655 639 4747 paratus
674 4651 841 4724 omnibus
873 4651 1096 4748 paramentis
1134 4649 1404 4749 pontificalibus
1434 4673 1456 4722 a
1486 4639 1642 4721 sandaliis

325 4801 439 4874 usque
454 4777 500 4848 ad
515 4775 661 4849 mitram
678 4777 854 4850 inclusive
869 4802 890 4850 a
906 4778 994 4866 suis,
1012 4785 1047 4851 et
1065 4783 1149 4874 post
1169 4777 1300 4850 horam
1320 4795 1553 4873 vesperarum
1567 4789 1641 4866 por-

326 4907 421 4976 tatus
434 4902 478 4974 de
497 4901 594 4974 diota
606 4902 748 4998 capella
763 4925 829 4998 per
844 4903 964 4976 aulam
979 4903 1104 5000 palatii
1125 4909 1160 4975 et
1171 4899 1410 4998 principalem
1424 4899 1501 4998 ejus
1512 4899 1640 4994 portam

324 5028 526 5100 associatus
543 5028 588 5100 ab
608 5028 743 5124 aliquot
763 5029 914 5126 prelatis
931 5035 966 5101 et
983 5029 1210 5102 fraternitate
1223 5052 1252 5100 s.
1267 5025 1450 5098 Ambrosii
1465 5029 1642 5116 extrepu-

326 5157 397 5223 tam
418 5152 531 5241 Urbis,
550 5151 633 5224 inde
656 5153 701 5226 ad
721 5177 748 5224 s.
771 5153 1038 5234 Sebastianum,
1066 5151 1330 5226 monasterium
1356 5173 1474 5238 suum,
1497 5148 1529 5220 in
1551 5142 1639 5236 cnjus

326 5275 484 5348 ecclesia
503 5283 558 5348 est
574 5277 750 5374 sepultus.
772 5279 983 5378 Requiescat
1007 5279 1040 5350 in
1061 5301 1162 5380 pace.
1183 5280 1258 5373 Ego
1274 5299 1346 5348 non
1364 5272 1521 5348 interlui.
