3506 6034
318 510 372 566 raa
775 503 949 562 rouxurvrs
974 500 1194 570 suasuram,
1406 501 1563 564 [asemas
1578 507 1647 572 aas]

319 661 412 736 duce
438 657 617 747 habitum,
645 657 704 730 cui
731 679 948 732 concessum
977 661 1032 730 est
1058 655 1157 729 abire
1184 653 1268 728 eum
1289 653 1466 728 'omnibus
1485 655 1587 729 bouis
1607 663 1643 730 et

317 785 448 872 rebus3
469 783 565 880 quod
584 787 620 856 et
637 781 736 856 lecit.
764 785 915 856 Factum
939 785 1136 879 propterea
1155 779 1194 852 in
1218 784 1338 854 castro
1364 803 1392 853 s.
1416 779 1544 878 Angeli
1568 805 1648 856 ma·

318 933 430 1007 gnum
446 908 579 982 testum
595 915 630 982 et
647 908 755 981 tracti
776 907 943 1005 sclopetti
964 906 999 980 in
1019 929 1153 1007 magna
1170 905 1387 1002 quantitate.

367 1032 557 1108 Dominica
575 1032 691 1106 tertia.
710 1031 899 1122 adventus,
928 1037 966 1104 tt
994 1031 1160 1129 ejusdem
1183 1029 1331 1121 messia,
1357 1033 1480 1105 Rmus.
1503 1034 1544 1104 D.
1570 1056 1651 1108 car-

318 1157 447 1232 dinalis
465 1155 751 1255 caputaquensis
769 1155 968 1230 celebravit
991 1153 1141 1228 missam
1159 1153 1343 1252 publicam
1360 1153 1398 1226 in
1416 1155 1558 1253 capella
1574 1181 1651 1231 ma-

313 1283 406 1380 jore,
434 1285 531 1380 Papa
553 1285 735 1379 presente.
757 1283 971 1355 Sermonem
991 1279 1078 1355 lecit
1094 1285 1311 1380 procurator
1329 1277 1468 1352 ordinis
1487 1283 1651 1356 Heremi-

316 1411 437 1482 tarum
455 1431 484 1480 s.
503 1405 715 1504 Augustini:
737 1405 808 1480 alia
825 1428 928 1480 more
947 1405 1065 1480 solito.
1413 1404 1416 1410 ’

367 1531 569 1620 Dominiea‚
594 1537 615 1604 lt
642 1531 828 1622 adventus,
863 1535 905 1605 18
934 1532 1099 1628 ejusdem
1123 1529 1259 1604 mensis
1287 1530 1506 1620 decembris,
1537 1536 1580 1605 u.
1608 1535 1650 1606 D.

317 1657 476 1749 Felinus,
490 1656 683 1754 episcopus
696 1661 878 1747 Lucanus,
894 1657 1081 1748 assistens,
1097 1655 1292 1731 celebravit
1304 1655 1453 1730 missam
1469 1659 1652 1754 publicam

316 1781 354 1856 in
380 1781 521 1880 capella
546 1781 722 1879 predicta,
754 1785 849 1879 Papa
880 1782 1043 1856 absente.
1075 1784 1155 1856 Non
1179 1781 1246 1854 luit
1278 1805 1400 1855 sermo
1427 1782 1516 1878 quia
1543 1782 1652 1856 irater

318 1905 454 1982 ordinis
472 1905 745 1980 carmelitarum
765 1905 866 1978 illum
883 1905 1047 1981 lecturus
1066 1905 1154 1979 dixit
1173 1905 1271 1980 socio
1291 1928 1387 1996 meo,
1404 1905 1538 1981 deinde
1552 1905 1652 1996 mihi,

318 2031 495 2106 direxisse
513 2053 720 2106 sermonem
736 2055 843 2105 suum
859 2031 906 2106 ad
923 2034 1060 2130 Papam
1078 2031 1152 2128 qui,
1164 2054 1255 2104 cum
1279 2053 1353 2104 non
1373 2035 1470 2105 esset
1488 2055 1652 2128 presens,

321 2160 514 2255 propterea
548 2163 715 2254 operiere
749 2156 828 2253 ejus
860 2155 1131 2230 inchoationem
1162 2159 1325 2245 mutare3
1355 2160 1482 2254 optare
1515 2181 1553 2230 se
1580 2157 1655 2230 sine

320 2281 490 2357 seandalo
513 2277 631 2358 omitti
656 2281 712 2355 vel
732 2281 945 2380 potiusnon
970 2283 1090 2356 lacere
1113 2305 1333 2372 sermonem,
1359 2281 1561 2356 dummodo
1587 2305 1653 2379 pro

320 2411 415 2481 arino
433 2406 555 2480 futuro
577 2430 651 2480 uon
668 2405 873 2503 privaretur
890 2431 1059 2482 sermono
1075 2407 1257 2505 presentis
1281 2405 1367 2480 diei.
1389 2405 1468 2479 Dixi
1489 2405 1523 2479 ei
1543 2429 1652 2481 excu-

317 2531 414 2630 quod
438 2533 556 2606 exiret
578 2531 754 2629 capellam
779 2530 817 2604 in
841 2532 989 2606 nomine
1007 2532 1165 2622 Domini,
1191 2537 1228 2606 et
1252 2555 1320 2630 ego
1344 2555 1463 2605 essem
1486 2532 1653 2606 facturus

317 2657 497 2734 sationem
524 2681 629 2732 suam
660 2656 756 2754 apud
781 2657 983 2732 cardinales
1015 2681 1082 2756 pro
1108 2657 1247 2732 honore
1275 2681 1341 2731 suo
1367 2656 1465 2754 quod
1493 2681 1532 2731 se
1556 2655 1652 2732 male

316 2781 482 2858 haberet.
503 2782 585 2858 Feci
605 2783 756 2856 verbum
774 2781 891 2856 tribus
912 2781 1052 2880 primia
1073 2781 1240 2857 videlicet
1263 2782 1514 2880 Neapolitano,
1537 2785 1654 2857 Bene·

316 2912 473 2982 ventano
488 2913 522 2980 et
540 2931 569 2980 s.
589 2907 761 2981 Praxedis
778 2907 838 3004 qui
856 2909 1076 2982 remiserunt
1093 2931 1153 2981 me
1170 2907 1217 2981 ad
1235 2907 1340 2998 alios,
1359 2929 1514 3005 quorum
1530 2909 1654 3006 maior

318 3055 403 3132 pars
420 3031 578 3106 laudavit
596 3031 693 3128 quod
709 3055 783 3106 non
802 3039 898 3107 esset
921 3057 1054 3108 sermo.
1082 3032 1273 3108 Revocavit
1295 3055 1354 3106 me
1376 3031 1651 3130 Neapolitanus,

318 3157 552 3256 interrogans
574 3157 661 3254 quid
686 3157 764 3232 aliis
789 3158 1034 3233 cardinalibus
1057 3157 1239 3256 placeret;
1266 3159 1438 3256 respondi
1459 3158 1558 3255 quod
1580 3182 1655 3234 non

319 3293 416 3358 esset
435 3307 568 3358 sermo.
596 3283 796 3381 Subjunxit'
810 3284 1070 3382 Neapolitanus
1092 3285 1239 3359 turbato
1261 3283 1407 3360 animo:
1435 3315 1452 3353 o
1472 3283 1560 3358 llihi
1580 3307 1654 3359 nou

319 3410 451 3508 placet,
465 3409 544 3484 volo
557 3409 654 3506 quod
663 3409 710 3484 sit
721 3412 859 3484 sermot
875 3441 891 3478 u
910 3411 1105 3484 nominans
1117 3434 1176 3485 me
1187 3415 1525 3510 presumptuosum,
1536 3413 1655 3486 teme

318 3537 453 3610 rarium
467 3542 504 3611 et
518 3533 749 3627 insolentem,
769 3544 805 3610 et
819 3535 917 3633 quod
933 3535 961 3609 si
977 3539 1076 3634 Papa
1090 3560 1163 3612 non
1178 3535 1385 3636 injungeret
1399 3535 1488 3610 mihi
1501 3537 1657 3634 gravem

319 3661 570 3760 penitentiam,
592 3669 689 3736 esset
706 3662 774 3735 sibi
794 3662 955 3736 lecturus
974 3685 1146 3761 magnam
1164 3660 1446 3760 displicentiam.
1469 3661 1652 3759 Replicavi

318 3791 461 3860 limam.
487 3787 781 3861 Dominatiouem
807 3811 910 3860 suam
931 3787 1031 3884 loqui
1056 3793 1181 3886 preter
1207 3788 1403 3862 rationem.
1427 3787 1553 3862 ltltmi.
1572 3791 1651 3861 DD.

319 3914 598 3986 Beneventanus
626 3917 663 3984 et
691 3935 720 3984 s.
750 3911 922 3986 Praxedis
955 3912 1119 3988 videntes
1145 3913 1248 3988 illum
1277 3917 1502 3988 commotum
1531 3919 1567 3986 et
1594 3937 1654 3986 me

321 4035 558 4126 commoveri,
585 4037 750 4110 lecerunt
771 4036 860 4110 mihi
879 4037 1025 4134 signum
1043 4039 1140 4135 quod
1158 4039 1302 4115 silerem
1321 4045 1356 4114 et
1372 4039 1418 4113 ab
1437 4061 1481 4112 eo
1502 4039 1653 4114 recede·

226 4203 229 4210 f
320 4179 411 4252 rem,
432 4162 528 4258 quod
547 4161 637 4236 leci:
658 4161 785 4237 habuit
802 4172 925 4238 tamen
942 4163 987 4238 de
1002 4187 1173 4238 sermone
1187 4165 1413 4264 patientiam.

191 4281 195 4290 ’
370 4287 539 4379 Sabbata,
571 4293 617 4362 tt
648 4288 854 4363 decembris
884 4288 1095 4388 supradicti,
1128 4290 1252 4388 vigilia
1280 4291 1475 4366 nativitatis
1506 4291 1652 4367 Domini

319 4413 435 4488 nostri
456 4415 541 4487 lesu
564 4411 708 4504 Christi,
733 4413 880 4488 luerunt
905 4438 1058 4512 vespere
1088 4416 1236 4513 papales
1264 4416 1300 4489 in
1326 4416 1467 4516 capella
1490 4418 1650 4515 majore,

319 4543 416 4638 Papa
432 4543 614 4638 presente.
635 4541 674 4612 Iu
693 4543 801 4614 nocte
820 4541 999 4636 sequenti,
1024 4545 1107 4638 post
1127 4541 1257 4614 horam
1280 4565 1429 4633 nonam,
1448 4542 1654 4641 incepta‘et

317 4671 396 4740 acte
414 4665 560 4740 luerunt
575 4665 751 4740 matutine
768 4665 804 4738 in
823 4667 961 4764 capella
978 4666 1119 4742 minore
1137 4670 1234 4765 Pape
1253 4669 1299 4743 ad
1318 4669 1525 4743 evitandum
1538 4668 1653 4767 higus

318 4798 353 4864 et
379 4796 538 4883 ventum,
567 4794 665 4889 Papa
684 4790 846 4866 absente.
876 4791 1046 4865 Officium
1069 4792 1107 4866 in
1129 4793 1315 4868 matutinis
1342 4793 1429 4868 lecit
1451 4795 1577 4868 ltmus.
1603 4797 1649 4868 D.

316 4915 513 4991 cardinalis
536 4916 753 4991 cusentinus
779 4917 839 5013 qui
865 4917 976 4991 etiam
1000 4918 1157 4993 cantavit
1182 4919 1340 5018 primam
1366 4921 1517 4994 missam
1543 4943 1650 4995 more

317 5046 447 5121 solito:
477 5053 599 5145 preter
621 5047 871 5138 cusentinum,
892 5047 1136 5123 interfuerunt
1158 5057 1312 5146 quatuor
1337 5049 1398 5124 alii
1426 5049 1647 5142 cardinales,

314 5171 484 5247 videlicet
514 5173 797 5265 Alexandrinus,
828 5175 1133 5274 Gaputaquensis,
1164 5176 1326 5252 Medicas
1361 5181 1398 5252 et
1434 5177 1647 5268 Cesarinus,
