3502 6036
356 562 407 617 tto
807 561 980 618 tottottttls
1005 560 1227 630 BURCHARffl,
1439 562 1663 628 [nemausensi]

399 715 512 786 Extra
530 717 671 809 portam
694 712 739 786 de
763 714 901 810 Populo
925 719 1030 790 eraut
1051 716 1178 790 dacem
1201 721 1238 788 et
1256 737 1383 790 novam
1402 713 1605 788 cardinales
1620 715 1662 787 iu·

350 839 499 912 troitum
525 835 704 935 ejusmodi
724 844 971 936 expectantes
993 863 1120 914 omnes
1140 839 1176 912 in
1196 864 1268 914 uuo
1290 841 1432 928 latere;
1460 839 1594 936 primus
1612 839 1663 912 luit
1734 865 1735 920 v

351 961 621 1060 Neapolitanus,
647 967 746 1035 stans
770 963 805 1036 in
830 965 948 1062 capite
972 989 1095 1039 versus
1116 965 1321 1040 venientem
1348 963 1394 1038 ad
1419 964 1601 1038 sinistram
1625 965 1665 1035 iu·

350 1087 481 1162 tranlis
501 1092 647 1184 portam
668 1087 864 1162 cardinalis
886 1090 1059 1180 Esteusis,
1083 1091 1234 1164 dimisso
1255 1090 1361 1181 duce,
1381 1089 1442 1186 qui
1467 1113 1506 1162 se
1525 1089 1662 1162 firmavit

1734 3009 1735 3066 l

1734 3103 1735 3170 l

1734 3417 1735 3462 t

348 1236 391 1286 ac
404 1212 454 1286 sic
470 1211 515 1285 ad
530 1212 821 1309 Neapolitanum,
840 1215 957 1311 capite
974 1215 1130 1305 detecto,
1149 1216 1311 1313 porrexit
1325 1237 1477 1289 manum
1494 1215 1664 1288 dexteram

349 1342 385 1410 et
404 1361 442 1411 sc
461 1341 589 1411 mutuo
613 1341 697 1410 suut
718 1337 933 1411 deosculati.
955 1341 1054 1412 ldem
1076 1340 1211 1414 lactum
1237 1346 1293 1414 est
1312 1365 1377 1438 per
1398 1362 1485 1413 eum
1504 1361 1585 1412 cum
1605 1339 1666 1412 sio·

350 1461 442 1560 gulis
461 1461 555 1550 aliis,
571 1485 671 1536 more
691 1462 811 1536 solito.
833 1467 943 1538 Facta
955 1464 1164 1562 hujusmodi
1180 1466 1407 1563 receptione,
1428 1470 1665 1562 processerunt

350 1586 556 1661 cardinales
579 1587 651 1660 boc
673 1586 811 1661 ordine.
837 1589 1098 1686 Neapolitanus
1122 1615 1144 1664 a
1164 1590 1335 1682 dexteris,
1360 1591 1666 1664 beneventanusa

350 1709 525 1800 sinistris3
544 1711 675 1786 deinde
687 1737 715 1785 s.
736 1714 909 1787 Pranedis
927 1723 961 1787 et
978 1715 1142 1807 Ursinus,
1160 1715 1429 1790 Alexandrinus
1446 1721 1529 1788 ets.
1546 1712 1664 1798 Crucis,

351 1816 611 1935 Agrigentinus
627 1841 663 1910 ct
679 1837 882 1928 Grimauus,
899 1840 1120 1914 Arborensis
1136 1849 1171 1914 et
1185 1841 1415 1928 Cusentinus,
1437 1837 1667 1914 salernitanus

350 1970 387 2034 et
402 1961 704 2058 Caputaquensb,
724 1963 941 2036 Mutinensis
959 1965 1102 2040 medius
1121 1965 1217 2040 iuter
1237 1969 1437 2040 Seuenscm
1456 1971 1494 2038 et
1510 1961 1664 2045 Medicas,

352 2111 380 2157 s.
403 2085 563 2162 Severini
585 2091 622 2160 et
647 2087 852 2176 Cesarinus,
878 2089 1073 2164 Farncsius
1098 2095 1134 2165 et
1156 2090 1304 2187 Borgia.
1326 2094 1412 2164 Posi
1427 2090 1498 2162 bos
1517 2093 1665 2162 conesta-

350 2209 431 2282 bilis
462 2210 705 2285 stellariorum
736 2211 839 2285 ducis
869 2219 1058 2309 equester,
1095 2238 1204 2311 quem
1232 2215 1375 2312 sequuti
1400 2213 1546 2313 pedites
1568 2211 1663 2298 ducis,

353 2357 436 2408 cum
469 2334 664 2410 allabardis
694 2341 842 2411 centum
871 2337 927 2411 vel
957 2338 1068 2426 circa,
1106 2346 1143 2414 et
1172 2339 1253 2414 illos
1284 2341 1356 2414 dux
1393 2363 1479 2412 oum
1506 2334 1665 2412 cardinale

352 2459 515 2550 Estensi;
536 2467 572 2536 et
590 2461 650 2536 alii
668 2467 708 2536 ut
726 2486 836 2560 supra
853 2463 1010 2538 ordinati
1028 2464 1209 2540 tubicines
1228 2465 1411 2566 sexdecim
1427 2464 1546 2552 ducis,
1570 2459 1664 2536 etalii

351 2591 507 2682 quatuor
526 2587 781 2677 cardinalium,
808 2588 970 2676 Estensis
993 2595 1030 2663 et
1052 2589 1204 2664 fratrum
1225 2615 1390 2682 suorum,
1411 2595 1448 2663 et
1468 2586 1665 2662 fistulatores

349 2735 412 2784 sen
429 2711 484 2784 vel
503 2711 613 2802 circa,
631 2712 883 2808 equitaverunt
897 2719 980 2790 ante
998 2721 1146 2790 nostros
1163 2715 1364 2790 servientes
1384 2736 1575 2790 armorum
1592 2732 1664 2808 quo·

353 2860 433 2910 rum
452 2842 555 2910 erant
566 2837 691 2934 viginti
706 2838 761 2911 vel
778 2838 888 2930 circa,
907 2843 944 2912 et
961 2840 1173 2936 equitabant
1189 2841 1227 2914 in
1247 2841 1338 2916 locis
1363 2841 1448 2930 suis,
1474 2835 1664 2913 immediate

350 2967 434 3035 aute
460 2961 683 3051 cardinales3
712 2986 784 3036 non
811 2971 999 3039 cessarunt
1021 2965 1193 3041 continue
1218 2990 1351 3040 sonare
1378 2963 1562 3062 usquead
1587 2959 1665 3059 pala·

349 3087 453 3160 tium.
474 3087 721 3184 Equitavimus
738 3089 783 3162 ad
800 3114 829 3162 s.
845 3090 997 3164 Mariam
1016 3091 1053 3164 in
1068 3091 1135 3166 Via
1151 3092 1238 3165 Lata
1257 3116 1323 3189 per
1340 3091 1491 3165 domum
1510 3090 1554 3164 de
1570 3084 1665 3160 llari·

353 3211 422 3284 mis
439 3211 484 3285 ad
502 3235 670 3309 campum
686 3213 804 3302 Flore,
837 3214 922 3288 inde
942 3221 1044 3290 recta
1062 3217 1117 3290 via
1136 3217 1181 3290 ad
1202 3216 1392 3312 palatium.
1415 3220 1505 3290 Cum
1522 3230 1665 3288 essemus

352 3333 389 3407 in
414 3343 522 3434 ponte
548 3363 576 3410 s.
603 3339 746 3434 Angeli,
776 3339 907 3414 emisse
932 3348 1014 3416 sunt
1038 3341 1238 3416 bombardc
1262 3365 1306 3415 ex
1331 3341 1503 3416 omnibus
1527 3337 1666 3414 turribus

353 3485 437 3535 cum
453 3479 586 3560 magno
603 3464 757 3561 strepitu
773 3471 808 3538 ct
827 3465 962 3539 souitu.
985 3471 1023 3540 lu
1046 3467 1208 3565 plateas.
1234 3467 1343 3556 Petri,
1370 3474 1453 3542 aute
1478 3483 1663 3544 ascensum,

352 3586 398 3660 ad
420 3594 562 3686 portam
587 3589 722 3687 palatii,
751 3589 795 3664 ad
826 3590 1011 3665 sinistram
1039 3591 1218 3682 intrantis,
1245 3591 1401 3667 firmavit
1429 3615 1469 3667 se
1495 3583 1665 3664 cardinalis

255 3731 258 3738 ·
353 3713 610 3810 Neapolitanus
626 3721 663 3789 et
683 3738 766 3788 cum
787 3738 831 3788 eo
848 3738 974 3790 omnes
995 3715 1057 3788 alii
1076 3716 1292 3807 cardinales,
1312 3718 1444 3814 quibus
1464 3714 1625 3790 omnibus
1638 3712 1665 3782 et

354 3837 507 3934 singulis
523 3837 716 3912 cardinalis
732 3838 893 3914 Estensis
910 3839 984 3936 egit
999 3839 1147 3937 gratias,
1166 3865 1271 3916 more
1286 3842 1406 3916 solito.
1430 3837 1666 3940 Neapolitanus

353 3959 439 4033 iecit
469 3968 576 4058 caput
604 3985 727 4036 versus
759 3967 902 4060 portam
935 3963 1078 4062 palatii,
1108 3967 1264 4063 peractis
1298 3967 1439 4063 gratiis.
1477 3957 1665 4043 cardinales
1734 4015 1735 4020 ,

354 4085 506 4159 Romam
526 4087 648 4160 venire
664 4087 825 4163 volentes
841 4097 1074 4164 recesserunt
1090 4113 1215 4166 versus
1239 4091 1387 4166 Urbem.
1414 4091 1483 4165 Alii
1504 4085 1666 4164 intrarunt

353 4209 526 4304 palatium
542 4213 683 4306 ordine,
702 4238 901 4312 quousque
915 4215 1000 4290 illuc
1016 4216 1278 4314 equitaverunt,
1296 4223 1424 4316 etpost
1439 4241 1503 4292 eos
1519 4215 1664 4290 duacum

351 4335 536 4412 cardinale
558 4342 722 4413 Estense.
753 4343 828 4439 Ego
849 4342 986 4416 recessi
1012 4366 1095 4416 cum
1117 4341 1382 4433 cardinalibus;
1413 4343 1500 4441 quid
1519 4341 1663 4416 secutum

352 4458 397 4533 sit
420 4462 558 4536 nescio.
587 4466 684 4536 luter
708 4462 909 4540 cardinales
936 4467 1176 4564 supradictos,
1202 4467 1470 4566 Neapolitanus,
1501 4471 1666 4541 beneven·

353 4589 470 4676 tanus,
497 4586 657 4678 Ursinus,
681 4613 709 4661 s.
737 4590 871 4679 Crucis,
900 4591 1084 4681 Senensis,
1106 4592 1279 4684 MediceS,
1298 4619 1327 4667 s.
1351 4591 1524 4682 Severini,
1545 4586 1664 4661 babuc-

352 4715 437 4783 ruut
458 4733 591 4810 cappas
618 4713 818 4806 violaceas3
851 4715 910 4788 alii
937 4740 1064 4792 omnes
1093 4717 1137 4790 de
1162 4725 1305 4808 rosat03
1332 4718 1515 4814 quomodo
1541 4711 1665 4787 luerunt

356 4832 537 4932 hospitate
552 4836 600 4910 he
620 4845 759 4935 gentes,
777 4838 855 4912 vide
872 4839 986 4939 intra(
1011 4840 1037 4939 ).

401 5059 425 5114 l.
447 5060 467 5116 A
484 5057 510 5118 la
529 5058 642 5120 relation
658 5059 763 5137 precise
778 5058 848 5118 mais
863 5079 916 5118 une
936 5079 988 5136 peu
1005 5064 1087 5121 sache
1102 5064 1135 5122 de
1153 5063 1304 5135 Burcbard,
1321 5065 1340 5120 il
1354 5064 1482 5123 convient
1496 5066 1528 5122 de
1542 5057 1635 5136 joiudrc
1646 5049 1665 5105 te

366 5149 511 5206 sommaire
527 5152 608 5209 d'uoe
632 5151 710 5211 lettre
724 5151 807 5210 ecrite
825 5151 859 5207 dc
872 5149 958 5210 Rome
972 5170 1020 5210 sur
1032 5161 1102 5212 cette
1121 5158 1222 5222 entrde,
1239 5153 1265 5213 la
1283 5154 1346 5230 plus
1360 5154 1526 5230 magnillque
1539 5158 1564 5209 et
1579 5149 1603 5204 le
1615 5142 1664 5218 vill

361 5234 491 5295 brillante
507 5241 541 5298 de
562 5248 621 5299 tout
643 5243 668 5300 le
691 5241 833 5318 pontificat
847 5239 1031 5302 d’dlexaudre
1052 5243 1102 5302 vt.
1121 5269 1135 5298 α
1149 5245 1232 5304 Corne
1255 5244 1392 5302 hesscudo
1406 5244 1510 5303 alozato
1527 5242 1549 5301 el
1562 5233 1662 5296 cardinal
