3520 6036
113 575 270 645 [11111501]
460 579 588 676 RERUM
607 580 835 640 URBANAHUM
859 581 1123 642 COMMENTARII.
1404 586 1457 644 353

113 733 217 825 albo,
252 735 395 832 accepit
424 736 621 833 pulchrum
652 736 1080 836 biretum,capuccinum
1106 761 1151 812 ex
1185 737 1393 812 cremosino
1421 746 1457 812 et

115 859 252 934 stolam
270 861 494 957 preciosam;
516 862 680 936 ascendit
696 861 821 936 sedem
836 862 873 935 in
893 887 964 958 qua
979 867 1143 960 portatus
1162 863 1228 936 luit
1244 864 1290 936 ad
1310 873 1455 938 sanctos

116 986 308 1083 apostolos
339 987 398 1060 ubi
419 986 456 1060 in
477 987 575 1061 lodia
600 987 696 1077 ostii,
727 987 813 1062 iecit
837 987 1030 1086 prandium
1052 987 1090 1062 in
1109 1011 1238 1062 mensa
1263 990 1402 1084 quadra
1419 989 1455 1062 in

114 1109 242 1184 medio
254 1111 358 1207 juxta
375 1134 520 1202 murum
535 1135 543 1200 ;
557 1112 663 1210 juxta
679 1119 821 1210 portam
846 1135 990 1188 camere
1009 1113 1055 1187 ad
1072 1113 1151 1211 ejus
1180 1113 1366 1188 dexteram
1389 1139 1455 1211 per

114 1233 270 1332 longum
284 1235 351 1308 luit
365 1237 485 1333 posita
502 1236 626 1311 tabula
643 1236 753 1334 longa
765 1237 802 1310 in
818 1261 889 1334 qua
904 1236 1076 1311 sederunt
1089 1241 1126 1310 et
1142 1239 1264 1336 pransi
1283 1247 1455 1313 suntcar-

115 1357 272 1450 dinales,
289 1359 455 1436 videlicet
472 1385 501 1434 s.
520 1362 676 1459 Georgii,
689 1361 969 1454 Alexandrinus
985 1361 1248 1455 Salernitanus‚
1268 1367 1454 1438 Beneven-

117 1489 240 1573 tanus,
258 1485 495 1576 Mimatensis,
516 1487 706 1577 Ascanius,
728 1513 757 1560 s.
777 1487 951 1577 Severini,
975 1488 1178 1580 Cesaribus,
1195 1491 1391 1587 aragonia,
1409 1491 1454 1563 de

115 1608 313 1702 Alibretto,
332 1611 753 1708 constantinopolitanus
769 1617 807 1688 et
822 1613 998 1687 Columna
1020 1613 1082 1710 qui
1108 1614 1203 1688 sedit
1230 1613 1388 1704 ultimus,
1418 1621 1455 1690 et

114 1739 202 1828 post
216 1757 279 1808 eos
296 1734 368 1808 dux
385 1735 522 1810 Urbini.
541 1736 656 1810 Finito
672 1737 840 1834 prandio,
867 1759 935 1835 ego
966 1737 1016 1810 lui
1048 1743 1268 1834 conquestus
1291 1739 1335 1812 de
1361 1738 1454 1837 inju-

113 1858 467 1935 rialucumtenentis
487 1861 573 1936 Cani
602 1867 638 1934 et
662 1859 810 1935 Achillis
832 1861 876 1936 de
904 1861 1067 1952 Grassis;
1096 1868 1133 1936 et
1154 1867 1255 1960 Papa
1272 1863 1456 1938 commisit

113 1983 428 2083 Alexandriaequi
440 1985 581 2060 audiret
596 2010 675 2077 nos,
691 1987 859 2060 videlicet
871 1987 1042 2062 Paridem
1057 1994 1161 2063 etme
1177 2013 1185 2061 :
1209 1987 1342 2064 deinde
1358 1986 1455 2086 Papa

112 2107 217 2183 dedit
231 2133 270 2184 se
284 2111 399 2208 quieti
413 2111 460 2184 ad
477 2111 565 2185 duas
583 2111 691 2185 boras
707 2124 760 2186 vel
781 2113 891 2186 circa.
908 2113 1010 2186 Dicte
1028 2118 1112 2186 sunt
1131 2135 1282 2210 vespere
1301 2121 1338 2188 et
1357 2117 1455 2211 Papa

113 2235 282 2308 ascendit
311 2237 358 2309 ad
388 2235 509 2310 locum
540 2237 686 2310 solitum
719 2244 847 2310 contra
872 2237 1047 2334 reliquias
1071 2261 1162 2334 quas
1179 2237 1314 2313 ibidem
1340 2238 1450 2311 vidit:

111 2357 261 2450 deinde,
276 2365 405 2457 aperta
421 2369 543 2459 sporta
553 2363 618 2436 sub
632 2361 792 2435 trabibus
807 2361 909 2451 tecti,
925 2363 1095 2437 exierunt
1106 2361 1191 2438 inde
1202 2363 1323 2458 quelio
1339 2362 1452 2436 multe

112 2487 152 2555 et
170 2481 330 2556 inienuus
348 2507 453 2576 unus,
472 2489 507 2558 et
523 2489 621 2583 Papa
636 2493 671 2560 et
682 2485 886 2560 cardinales
900 2488 1134 2583 projecerunt
1146 2487 1280 2560 multos
1295 2487 1453 2560 laisanos

112 2607 404 2682 etmultissimas
432 2609 598 2706 qualias:
631 2609 775 2684 tandem
800 2609 919 2684 lactus
952 2610 1059 2684 ludus
1092 2611 1189 2707 galli,
1219 2611 1277 2684 cui
1310 2611 1454 2684 luerunt

110 2737 276 2806 extracta
292 2755 419 2806 omnes
432 2757 551 2831 penne
568 2739 602 2807 et
620 2741 784 2808 mortuus
815 2759 822 2824 ;
843 2739 967 2808 lamen
985 2733 1143 2808 nonfuit
1166 2739 1292 2832 captus
1315 2735 1359 2809 ab
1388 2735 1454 2809 ali-

112 2879 202 2952 quo.
220 2857 336 2932 Finito
362 2859 446 2948 hoc,
469 2863 567 2956 Papa
596 2857 785 2933 descendit
811 2857 856 2932 ad
885 2881 1070 2933 cameram
1102 2859 1201 2934 horti
1228 2859 1288 2934 ubi
1313 2861 1453 2958 accepit

112 2981 450 3074 amictum,albam,
469 2983 654 3081 cingulum
671 2984 834 3072 rubrum,
860 2985 1077 3081 capuccium
1099 2985 1145 3059 de
1170 2985 1392 3074 cremosino,
1417 2990 1454 3061 et

113 3105 285 3202 desuper,
312 3108 443 3182 stolam
471 3107 680 3206 pulchram3
714 3113 763 3197 et,
801 3119 952 3205 accepto
977 3109 1095 3184 bireto
1131 3109 1254 3202 rubro,
1289 3112 1454 3184 ascendit

113 3229 250 3303 mulam
274 3237 311 3306 et
336 3233 506 3330 equitavit
528 3257 656 3308 versus
680 3232 879 3306 Minervam
908 3256 974 3329 per
1003 3234 1162 3331 plateam
1187 3235 1385 3308 rotundam
1418 3241 1454 3310 et

111 3353 274 3451 plateam
288 3357 414 3430 Turris
425 3357 630 3456 Sanguinee
646 3357 691 3430 ad
707 3363 856 3453 pontem
868 3380 897 3428 s.
916 3357 1058 3456 Angeli,
1073 3357 1134 3432 ubi
1151 3358 1251 3432 dedit
1267 3357 1451 3432 licentiam

111 3477 375 3572 cardinalibus,
397 3487 432 3556 et
449 3482 618 3579 equitavit
633 3491 733 3556 recta
750 3481 807 3554 via
822 3481 868 3553 ad
886 3481 1073 3579 palatium.

164 3607 240 3678 Hoc
256 3629 364 3680 mane
381 3606 623 3681 interfuerunt
637 3607 761 3703 viginti
777 3605 848 3680 duo
867 3607 1084 3698 cardinales,
1106 3608 1275 3684 videlicet
1290 3633 1319 3681 s.
1341 3611 1451 3682 Geor-

112 3727 176 3825 gii,
194 3729 472 3822 Alexandrinus,
490 3755 520 3804 s.
552 3731 690 3822 Crucis,
709 3731 914 3821 Grimanus,
936 3731 1164 3825 cusentinus,
1188 3733 1448 3822 salernitanus,

114 3856 406 3946 Beneventanus
425 3857 676 3946 Bononiensis,
696 3856 970 3947 Volaterranus,
990 3857 1036 3932 de
1052 3857 1182 3950 Flisco,
1200 3857 1447 3955 Legionensis,

112 3977 310 4070 Adrianus,
355 3981 551 4071 Cosanum,
592 3981 836 4072 Mimatensis,
877 3983 1072 4073 Columna,
1115 3981 1448 4072 vicecancellarius,

112 4104 290 4196 bledices,
318 4131 348 4179 s.
373 4107 548 4196 Severini,
580 4107 784 4196 CesarinuS,
818 4107 864 4180 de
895 4107 1091 4204 Alagonia,
1124 4109 1169 4181 de
1203 4109 1379 4182 Alibretto
1414 4115 1450 4182 et

109 4230 543 4330 Constantinopolitanae.
564 4233 616 4306 De
633 4231 766 4306 sanctis
784 4229 969 4329 Apostolis
999 4231 1044 4306 ud
1073 4257 1103 4304 s.
1131 4237 1279 4306 Petrum
1305 4233 1448 4307 luerunt

106 4357 214 4452 pauci
238 4379 321 4431 cum
348 4381 391 4432 eo
416 4357 631 4448 cardinales,
662 4358 747 4456 quia
763 4357 927 4430 intimavi
959 4357 1209 4435 cardinalibus
1236 4357 1334 4454 quod
1352 4361 1448 4454 Papa

107 4487 216 4556 esset.
237 4483 468 4582 equitaturus
496 4482 586 4559 hora
616 4481 788 4581 vigesima
817 4482 947 4580 prima,
974 4487 1010 4556 at
1037 4482 1209 4580 equitavit
1235 4489 1318 4558 ante
1347 4481 1445 4555 illam

104 4606 249 4682 horam.

153 4731 357 4824 Dominica,
378 4737 421 4808 12
437 4734 523 4807 maii
540 4731 600 4834 (l),
620 4733 714 4808 hora
733 4733 909 4832 vigesima
934 4733 1068 4831 prima,
1098 4755 1165 4829 per
1186 4739 1330 4828 portam
1352 4729 1444 4808 Viri·

140 4997 163 5052 1.
185 4991 288 5052 c’eaa
302 4997 371 5051 cette
386 4993 449 5050 date
463 4993 501 5049 du
516 4993 650 5064 dimaohe,
667 4994 702 5049 12
717 4992 770 5048 mai
785 4992 864 5058 1504,
882 5007 935 5066 que
950 4989 1029 5047 Paris
1047 4991 1082 5047 de
1095 4989 1207 5048 Grassis
1221 5005 1376 5046 commanos
1391 5007 1441 5046 sou

96 5083 207 5158 journut
222 5100 230 5139 :
245 5105 260 5135 u
277 5081 352 5140 Licet
367 5089 514 5156 autequam
534 5082 561 5138 in
584 5081 703 5140 officium
722 5100 776 5156 ego
798 5081 942 5156 ingressus
963 5079 1069 5150 luerim,
1096 5087 1218 5137 oratores
1241 5079 1316 5152 regis
1341 5078 1440 5152 Anglie

98 5173 200 5232 Urbem
214 5171 335 5248 ingressi
349 5173 465 5244 luerint,
480 5179 507 5230 at
527 5172 566 5230 sic
586 5189 639 5247 ega
661 5173 695 5230 de
718 5173 770 5229 hoc
789 5178 851 5230 actu
873 5189 928 5229 nan
949 5171 1076 5229 deberem
1095 5169 1214 5244 aliquam
1228 5175 1323 5226 notam
1340 5168 1438 5237 lacera,

97 5281 159 5322 cum
173 5262 208 5321 de
221 5261 268 5321 illo
282 5269 396 5340 rogatus
411 5279 468 5321 uon
483 5261 580 5322 fuerim
598 5260 670 5321 sicut
693 5261 810 5337 quisque
830 5279 866 5319 ex
877 5261 986 5320 duobus
1007 5257 1153 5336 magistris
1170 5257 1250 5330 solet,
1267 5265 1358 5316 tumen
1374 5258 1439 5332 quia

241 5407 267 5448 τ.
286 5407 326 5450 ιιι.
1261 5386 1296 5442 23
