3590 6042
114 528 291 594 ttmoiertttt]
411 521 539 580 RERUM
563 518 789 579 URBANARUM
814 519 1078 578 consternauit.
1380 521 1415 576 93

113 687 149 759 ab
165 685 246 758 intre
261 687 295 754 et
310 701 417 778 super
434 677 615 767 liminare,
633 681 669 750 et
690 679 893 748 moratores
914 673 1072 771 desuper
1087 673 1247 761 caloem;
1266 679 1303 748 et
1316 672 1416 748 inoe-

114 812 222 907 perunt
240 829 382 880 murare
406 812 441 878 et
465 803 653 878 obstruere
677 799 893 898 hujusmodi.
910 805 1065 898 portam,
1098 804 1135 874 et
1163 797 1417 874 continuarunt

113 954 274 1031 quousque
288 953 368 1006 eam
384 929 544 1004 totaliter
556 927 593 1001 in
610 925 855 1024 grossitudine
868 925 961 998 muri
976 924 1198 999 clauderent.
1214 927 1328 1012 Quam
1342 923 1418 1021 pri·

113 1081 196 1132 mum
215 1055 411 1130 cardinales
434 1059 557 1130 essent
576 1053 670 1127 intra
691 1051 897 1143 ecclesiam,
916 1056 952 1125 et
967 1055 1171 1124 moratores
1187 1054 1414 1148 apponerent

112 1206 220 1258 manus
234 1181 411 1270 clausure,
422 1185 465 1254 l).
481 1178 625 1254 Brutius
637 1177 696 1274 qui
711 1177 747 1250 in
759 1177 829 1250 line
843 1175 1086 1274 processionis
1100 1182 1183 1249 ante
1194 1174 1415 1249 cardinalem

112 1309 327 1383 Mutinensem
341 1313 483 1405 portam
493 1303 917 1402 hujusmodiintraverat‚
936 1309 1034 1376 stans
1049 1301 1143 1375 intra
1158 1309 1314 1400 portam,
1330 1300 1420 1374 dixit

113 1433 303 1530 intelligibili
322 1456 408 1508 voce
428 1433 541 1506 Puteo·
559 1441 695 1521 noster;
714 1453 786 1526 quo
806 1434 947 1504 secreto
968 1436 1177 1526 prosecuto,
1196 1425 1285 1500 dixit
1306 1425 1419 1500 versi-

112 1559 197 1632 culos
210 1564 401 1655 sequentes
415 1581 423 1630 :

149 1716 180 1804 p.
205 1709 255 1782 Et
266 1735 310 1783 ne
321 1734 386 1782 nos
401 1708 549 1782 inducor
562 1707 599 1780 in
616 1707 857 1794 tentationem,

153 1836 187 1924 rt.
212 1834 285 1908 Sed
296 1835 406 1908 libero
418 1859 513 1908 noso
529 1833 633 1906 noolo.

152 1963 184 2052 i‘.
206 1961 401 2035 Eotonobio
418 1962 524 2034 turris
538 1959 775 2061 fortitudinis,

149 2088 183 2175 tt.
209 2085 240 2159 A
259 2088 357 2186 [orie
367 2087 513 2160 inimici.

153 2215 183 2284 i.
210 2211 313 2286 Nihil
318 2213 489 2310 proficiet
506 2213 669 2284 inimicus
685 2211 722 2282 in
737 2209 850 2296 nodis,

149 2339 181 2426 s.
209 2337 260 2410 Et
269 2339 373 2434 filins
388 2339 584 2436 iniquitatis
598 2361 670 2409 non
685 2345 808 2408 noceot
820 2331 931 2406 nobis.

150 2465 182 2550 i'.
208 2463 313 2536 Mitte
334 2463 445 2554 nobis,
465 2464 633 2552 Domine,
651 2461 828 2534 nutritium
844 2457 887 2530 de
900 2457 1044 2542 Sancto,

151 2590 184 2678 it.
210 2587 316 2661 Etcle
327 2589 417 2661 Sion
434 2601 531 2662 tnere
545 2613 621 2662 nos.

154 2716 186 2803 i.
213 2713 382 2803 Domine,
397 2715 526 2786 ersendi
540 2715 732 2787 orationem
748 2737 875 2802 strenuo,

149 2842 182 2930 ti.
215 2839 267 2912 Et
279 2840 416 2913 elamor
430 2865 527 2913 orrares
543 2839 592 2912 od
604 2850 637 2912 te
654 2839 780 2912 ueniat.

156 2967 188 3055 l.
215 2965 399 3039 Dominae
415 2965 602 3054 vobiscum,

154 3088 187 3178 it.
215 3091 267 3164 Et
282 3116 367 3164 cnm
382 3092 522 3187 Spiritu
536 3101 606 3162 toro.

677 3245 825 3316 Oanuus
845 3266 852 3314 :

155 3396 381 3495 Omnipotens
399 3394 607 3492 senqnterne
626 3393 741 3485 Dens,
757 3395 870 3494 diripe
889 3405 987 3468 octus
999 3405 1135 3467 nouenos
1149 3394 1186 3465 in
1202 3392 1286 3466 dene
1298 3392 1433 3487 placito

115 3534 175 3612 tuo,
188 3536 226 3596 nt
241 3524 280 3596 in
297 3521 441 3594 nornine
453 3520 569 3592 dilecti
576 3521 647 3620 filii
666 3523 718 3594 tui
737 3545 935 3594 mereamur
950 3521 1047 3593 bonis
1061 3519 1220 3616 operibus
1235 3517 1430 3592 obtendere.

115 3648 267 3721 Actiones
299 3658 450 3736 nostrus,
475 3670 683 3742 perstemus,
703 3647 872 3738 Domine,
899 3645 1087 3743 aspirando
1100 3645 1249 3742 preveni
1271 3657 1303 3717 et
1326 3642 1434 3739 offre-

116 3773 212 3846 condo
224 3796 456 3872 prosequere,
484 3783 516 3844 et
538 3785 664 3844 correcto
684 3783 804 3846 nostro
821 3773 973 3868 operatio
989 3795 1011 3843 e
1031 3783 1063 3844 te
1079 3795 1217 3867 semper
1233 3769 1379 3867 inceptet
1402 3778 1435 3840 ot

110 3921 164 3992 per
178 3909 208 3972 tc
222 3899 365 3995 inceptu
379 3898 541 3980 finiatur.
559 3895 633 3969 Per
652 3895 834 3970 Chelonen
852 3897 1049 3972 Dominum
1063 3909 1234 3970 nostrum.

158 4065 291 4150 Quibus
309 4066 426 4158 dictis,
444 4067 630 4165 processio
649 4073 685 4142 et
701 4068 902 4143 cardinales
918 4092 1002 4143 cum
1018 4091 1145 4143 eorum
1163 4067 1300 4143 tamilla
1316 4092 1436 4144 reces-

116 4196 226 4262 serunt
249 4192 287 4264 in
309 4192 458 4266 nomine
483 4191 641 4266 Domini.
660 4197 862 4267 Muratores
878 4217 952 4267 non
972 4200 1159 4268 cessarunt
1175 4216 1364 4290 quousque
1381 4201 1436 4268 to-

116 4319 179 4387 tam
199 4321 343 4414 portem
360 4317 611 4406 obstruerent3
629 4317 755 4414 prelati
770 4326 807 4393 et
822 4317 998 4418 capellani
1021 4325 1215 4416 sequentes
1238 4318 1438 4393 cardinales

118 4462 180 4512 oron
194 4441 419 4516 intraverunt
436 4465 500 4541 per
513 4449 653 4541 portam
676 4467 837 4536 auream,
856 4444 1040 4520 sedaliam
1052 4444 1310 4520 collateralem.

159 4569 232 4640 lloc
248 4589 371 4658 mane,
389 4567 645 4642 intromissam
661 4570 863 4646 solemnem
879 4571 916 4644 in
934 4570 1074 4668 capella
1086 4571 1216 4669 majori
1233 4567 1441 4669 supradicta

117 4689 343 4783 celebratam,
363 4702 403 4767 ut
426 4694 620 4792 prefertur,
650 4695 737 4768 dum
761 4695 944 4771 diceretur
959 4697 1043 4770 etin
1068 4709 1174 4784 terro,
1202 4695 1246 4769 de
1270 4695 1442 4770 mandato

119 4816 174 4887 SS.
197 4821 241 4890 l).
261 4822 304 4892 N.
325 4822 423 4916 Pape
437 4819 520 4894 dedi
536 4820 657 4895 locum
674 4822 769 4896 inter
781 4822 939 4919 prelatos
956 4823 1168 4896 assistentes
1184 4824 1226 4894 R.
1242 4820 1280 4906 in
1303 4819 1444 4895 Christo

120 4941 152 5011 P.
182 4942 343 5035 Creslao,
362 4945 535 5044 episeopo
550 4946 863 5037 Wladislaviensi‚
892 4947 1109 5022 cancellario
1128 4945 1229 5043 regni
1246 4944 1394 5019 Polonie
1412 4952 1448 5020 et

119 5065 154 5137 ll.
173 5070 212 5140 P.
232 5073 276 5142 l).
292 5070 566 5169 archiepiscopo
582 5071 814 5170 Leopoliensi
831 5073 892 5170 qui
912 5073 948 5146 in
965 5073 1082 5170 primo
1098 5094 1193 5146 otono
1214 5094 1277 5145 seu
1293 5071 1330 5144 in
1346 5071 1445 5169 prin-

120 5188 205 5286 cipio
216 5195 410 5270 creationis
425 5199 489 5272 SS.
503 5200 544 5271 D.
559 5197 672 5270 nostri
688 5222 755 5296 per
768 5199 1004 5274 sanctitatem
1018 5221 1119 5272 suam
1129 5196 1222 5274 iuter
1232 5197 1444 5272 assistentes
