3554 6042
382 607 436 662 sn
846 597 1021 657 ronanus
1046 598 1268 670 surculum,
1472 600 1633 667 [ommam
1647 609 1707 672 ros]

383 759 617 834 visitaverunt
642 758 786 831 ceteros
807 754 1012 830 cardinales
1036 757 1137 829 extra
1160 755 1348 852 palatium,
1373 755 1542 832 videlicet
1560 763 1707 834 Comen·

384 905 474 974 sem,
509 881 765 969 cusentinum,
800 878 1082 968 Bononiensem,
1118 882 1421 970 Recanatensem,
1459 881 1653 972 Medicem,
1679 909 1703 957 s.
1757 949 1758 964 ,

384 1007 523 1098 Crucis,
537 1007 750 1094 adrianum,
765 1004 812 1078 de
829 1002 958 1093 Flisco,
977 1001 1171 1076 Elnensem
1188 1007 1225 1077 et
1239 1005 1493 1103 Agrigensem,
1513 1005 1612 1080 inter
1628 1031 1705 1104 quos

383 1157 456 1207 non
474 1134 623 1206 luerunt
638 1127 786 1204 admissi
805 1128 851 1203 ad
865 1127 1135 1203 Bononiensem
1154 1137 1189 1204 et
1203 1129 1458 1228 Agrigensem
1477 1131 1655 1206 infirmos.

432 1258 605 1348 Sabbata,
637 1261 683 1329 20
703 1253 922 1344 decembris,
950 1252 1061 1326 iidem
1080 1253 1163 1327 novi
1189 1253 1381 1330 visitarunt
1407 1261 1485 1330 tres
1513 1256 1705 1330 cardinales

383 1384 420 1458 in
437 1382 586 1480 palatio,
603 1378 772 1455 videlicet
785 1376 1082 1468 Alexandrinum,
1102 1377 1365 1471 Arborensem,
1383 1381 1677 1456 Volaterranum.

433 1507 636 1596 Dominica,
665 1510 705 1578 21
742 1503 960 1592 decembris,
994 1509 1123 1600 quarta
1150 1503 1337 1594 adrentus,
1363 1505 1494 1580 testum
1519 1529 1550 1580 s.
1578 1505 1706 1581 'l’bome
1758 1559 1759 1594 ÷

384 1633 535 1732 apostoli
562 1633 599 1706 in
629 1630 726 1705 diem
753 1629 956 1704 crastinum
979 1629 1208 1704 translatum.
1235 1633 1308 1727 Ego
1339 1631 1534 1729 episcopus
1559 1633 1705 1705 ortanus
1758 1627 1759 1630 ’

384 1756 564 1834 celebravi
588 1755 738 1829 missam
762 1753 965 1828 solemnem
996 1751 1034 1826 in
1059 1753 1201 1851 capella
1226 1753 1368 1853 maJ'ori,
1398 1760 1572 1854 presente
1602 1760 1703 1854 Papa,

383 1906 485 1956 more
513 1881 641 1971 solito;
669 1902 877 1954 sermonem
902 1878 990 1953 fecit
1009 1879 1192 1976 generalis
1218 1879 1356 1985 ordinis
1379 1881 1652 1955 carmelitarum
1674 1887 1705 1954 et

383 2005 633 2106 pronunciavit
649 2003 784 2104 populo
804 2003 1066 2101 indulgentiam
1087 2009 1243 2101 quatuor
1263 2027 1440 2079 annorum
1457 2010 1609 2094 tantum,
1629 2005 1705 2078 lieet

385 2134 483 2228 Papa
497 2129 742 2205 commisisset
756 2127 928 2224 quinque.
946 2126 1082 2202 Donavi
1093 2127 1302 2203 cantoribus
1315 2152 1382 2226 pro
1397 2129 1594 2205 collatione
1606 2153 1703 2226 quam

385 2255 549 2364 lecerunt
564 2255 601 2328 in
612 2275 760 2330 camera
778 2251 944 2327 sacristia
959 2255 1056 2348 Pape
1072 2249 1133 2350 (l).

433 2383 534 2454 Lune
559 2379 630 2470 dic,
657 2383 702 2452 22
733 2377 953 2468 decembris,
986 2377 1055 2450 luit
1083 2377 1338 2452 consistorium
1369 2384 1552 2453 secretum
1579 2379 1702 2475 inquo

386 2509 482 2603 Papa
496 2503 640 2603 aperuit
655 2525 696 2578 os
712 2501 815 2576 novis
831 2501 1077 2576 cardinalibus
1094 2503 1230 2600 absque
1246 2527 1290 2578 eo
1306 2505 1404 2600 quod
1420 2505 1562 2580 exirent
1576 2503 1700 2580 consis-

385 2629 532 2719 torium,
550 2634 587 2702 et
601 2651 669 2725 per
682 2633 766 2702 vota
783 2625 1016 2722 antiquorum
1034 2627 1071 2701 id
1086 2627 1191 2702 fieret
1212 2635 1323 2724 prout
1337 2652 1381 2702 ex
1399 2628 1633 2704 ceremoniali
1649 2629 1704 2700 ba·

384 2753 502 2844 betur,
525 2752 657 2826 deiude
680 2775 738 2826 me
757 2758 885 2826 vocato
902 2775 946 2825 ex
967 2751 1074 2841 libro,
1096 2752 1391 2850 Senogallisnsis,
1413 2775 1457 2826 ex
1478 2753 1560 2827 loco
1581 2775 1646 2826 suo
1664 2751 1704 2824 ad

387 2882 522 2974 Papam
537 2876 700 2966 veniens,
723 2875 768 2949 ad
789 2875 988 2950 scabellum
1009 2876 1144 2972 pedum
1176 2880 1271 2974 Pape
1303 2877 1518 2975 genuflexit3
1543 2881 1640 2975 Papa
1655 2877 1703 2949 ln-

385 3002 463 3074 fixit
477 2999 589 3097 digito
607 2998 781 3074 annulum
799 3001 948 3074 dextere
971 3023 1101 3075 manus
1116 3001 1310 3076 cardinalis
1330 3009 1366 3076 et
1383 3027 1428 3076 ex
1450 3002 1543 3077 libro
1562 3001 1658 3075 dedit
1675 2999 1703 3073 ei

383 3124 525 3199 titulum
547 3149 580 3198 s.
604 3123 719 3198 Mario
739 3124 777 3198 in
800 3124 1073 3200 Transtiberim.
1101 3128 1199 3223 Pape
1222 3127 1334 3201 finitis
1358 3127 1490 3216 verbis,
1519 3126 1702 3202 cardinalis
1760 3103 1761 3134 ³

381 3249 567 3325 osculatus
583 3255 637 3324 est
651 3249 783 3347 pedem
801 3255 837 3324 et
855 3272 1005 3324 manum
1023 3253 1119 3348 Papo
1136 3252 1198 3349 qui
1218 3253 1356 3350 recepit
1375 3253 1524 3327 eumad
1545 3251 1699 3327 osculum

381 3375 455 3450 oris
478 3379 515 3450 et
538 3373 710 3450 rediitad
733 3375 931 3450 scabellum
951 3400 1070 3450 suum.
1097 3378 1281 3452 Successit
1300 3377 1526 3452 Redonensis
1546 3384 1581 3452 et
1598 3399 1700 3476 genu·

380 3501 492 3592 llexit,
518 3508 557 3576 ut
578 3524 705 3598 suprc3
727 3503 825 3598 Papa
843 3500 944 3576 dedit
969 3501 1003 3575 ei
1023 3501 1197 3577 annulum
1217 3507 1255 3578 et
1279 3503 1425 3578 titulum
1452 3528 1482 3576 s.
1504 3502 1697 3588 Anastasia,

380 3627 567 3702 osculatus
592 3633 648 3701 est
664 3624 797 3722 pedem
814 3630 851 3700 et
875 3625 974 3700 venit
995 3627 1041 3700 ad
1060 3627 1183 3702 locum
1205 3651 1328 3718 suum;
1350 3629 1449 3702 venit
1468 3625 1696 3725 Agennensis,

379 3749 478 3826 dedit
500 3751 534 3824 ei
560 3749 748 3824 basilicam
764 3750 959 3825 duodecim
976 3752 1226 3848 apostolorum
1243 3754 1289 3827 de
1313 3775 1496 3828 consensu
1516 3749 1699 3828 cardinalis

379 3875 557 3948 Columna
575 3873 891 3964 commendatarii,
914 3898 935 3948 a
951 3899 1022 3973 quo
1038 3876 1138 3950 illam
1156 3877 1258 3973 petiit
1273 3875 1427 3951 adduas
1445 3877 1502 3951 rel
1517 3881 1590 3951 tres
1605 3897 1699 3948 men·

379 4020 438 4071 ses
468 3997 764 4088 accommodare,
797 4000 877 4073 sine
913 4001 1113 4098 prejudicio
1150 4002 1263 4098 ipsius
1299 4001 1494 4092 Columne3
1534 4001 1699 4099 magistro

380 4121 511 4196 domus
529 4120 629 4196 dedit
645 4121 785 4196 titrdum
801 4147 831 4198 s.
855 4125 998 4212 Vitalis,
1018 4126 1062 4198 de
1083 4149 1280 4216 consensu,
1305 4133 1344 4200 ut
1368 4127 1568 4217 asserebat,
1594 4123 1699 4200 cardi·

378 4245 471 4322 nalis
489 4245 661 4337 Medicas,
683 4247 762 4322 sine
779 4248 859 4345 ejus
879 4249 1098 4346 prejudicio;
1119 4255 1162 4324 b.
1184 4250 1287 4324 Fatio
1307 4249 1407 4325 dedit
1429 4249 1575 4324 titulum
1592 4275 1621 4324 s.
1643 4253 1698 4322 Sa·

381 4371 465 4446 bine
485 4372 530 4445 de
551 4394 732 4447 consensu
762 4373 940 4466 Elnensis,
963 4381 999 4448 et
1021 4375 1167 4450 Elnensi
1196 4375 1296 4452 dedit
1316 4374 1509 4450 ecclesiam
1540 4399 1569 4465 s,
1602 4374 1698 4448 llario

382 4499 492 4588 Nove,
512 4505 548 4570 et
559 4498 657 4594 quod
670 4497 842 4596 deinceps
855 4505 1049 4576 vocaretur
1061 4499 1255 4574 cardinalis
1271 4501 1695 4598 constantinopolitanun

381 4621 584 4696 marchioni
610 4621 725 4696 Finali
750 4623 848 4696 dedit
871 4625 1065 4699 ecclesiam
1094 4650 1123 4700 s.
1150 4625 1224 4702 Viti
1246 4625 1284 4699 in
1310 4625 1480 4710 Macedo,
1503 4633 1540 4699 et
1566 4623 1698 4722 singulis

379 4748 547 4840 annulos,
567 4754 602 4822 et
614 4748 766 4825 cuilibet
782 4756 865 4846 post
879 4751 1133 4848 receptionem
1144 4751 1267 4826 annuli
1286 4751 1388 4827 dedit
1398 4751 1445 4826 ad
1453 4751 1577 4826 locum
1593 4771 1695 4825 saun.

414 5011 440 5066 t.
461 5029 477 5061 c
493 5009 545 5068 SS.
562 5011 596 5068 D.
611 5016 708 5070 noster
728 5011 821 5082 hodio,
843 5016 909 5068 aute
926 5012 1053 5082 missam,
1074 5011 1137 5069 tecit
1155 5011 1305 5087 prolectam
1329 5013 1410 5072 Urbis
1428 5019 1558 5090 nepotem
1585 5029 1659 5070 suun
1672 5025 1699 5065 er

377 5097 474 5154 ordine
488 5099 583 5156 militie
594 5100 669 5175 regis
684 5100 798 5158 Francis
812 5101 860 5175 qui
878 5100 977 5160 dicitur
991 5119 1016 5161 a.
1034 5101 1211 5160 Michaelis...
1229 5104 1306 5160 Hanc
1319 5103 1433 5161 missam
1440 5102 1561 5161 cantavit
1571 5102 1699 5178 episcopus

380 5185 500 5330 grtanus
514 5193 542 5244 et
556 5189 630 5262 Papa
644 5191 794 5260 assisteus;
811 5189 1040 5265 persemetipsum
1055 5191 1157 5250 tactum
1173 5199 1341 5267 arroganter,
1356 5209 1429 5250 more
1445 5199 1588 5250 consuetu.
1602 5215 1616 5245 o
1631 5191 1661 5246 P.
1673 5187 1700 5242 de

410 5275 503 5346 cassis,
519 5277 538 5333 f.
553 5279 618 5334 267.
