3502 6036
104 557 166 616 [tuin
181 553 245 614 taor]
430 549 555 606 RERUM
581 547 806 606 oflaauauun
826 550 1086 607 connanrnalt.
1369 553 1420 609 145

104 723 237 804 quatuor
250 701 527 777 commissiones
542 700 722 797 ;·primam
738 702 925 798 proposuit
944 706 984 776 Ι).
1001 707 1018 776 J
1024 703 1177 792 ustinus,
1202 703 1415 789 secundam,

104 829 323 928 Burgundos;
351 850 423 922 qua
453 826 612 920 incepta,
646 825 731 896 duxi
764 825 986 899 cardinalem
1021 827 1180 899 Medices
1204 827 1250 900 ad
1273 849 1419 924 parvam

104 953 266 1050 capellamv
286 956 322 1024 et
344 949 466 1022 remisi
489 949 699 1052 Faenesium
718 951 763 1021 ad
789 949 1060 1026 consistorium.
1088 950 1169 1039 Qui,
1199 949 1295 1024 lacta
1321 975 1420 1023 reve-

104 1078 201 1151 rentia
215 1081 325 1173 Papa,
343 1074 438 1173 sedit
451 1074 495 1147 ad
512 1073 634 1146 locum
653 1098 780 1162 suum;
802 1099 929 1170 parum
944 1082 1024 1172 post
1043 1075 1189 1148 intravit
1206 1099 1318 1147 novus
1336 1099 1418 1148 cum
1505 1117 1508 1122 ·

103 1202 225 1276 duobus
242 1199 402 1296 antiquis
420 1197 662 1273 cardinalibus
680 1199 950 1272 consistorium.
973 1199 1153 1273 Processit
1172 1199 1343 1274 Senensis
1359 1197 1420 1296 qui

102 1325 172 1398 tecit
193 1323 434 1397 reverentiam
458 1321 601 1396 solitam
630 1326 749 1419 Papa;
776 1328 923 1396 secutus
946 1327 1000 1394 ost
1029 1345 1158 1412 novus;
1184 1323 1343 1396 lledices
1367 1347 1421 1396 re-

101 1449 212 1523 mansit
225 1449 262 1521 in
276 1448 384 1545 plano
397 1451 479 1521 ante
497 1446 628 1520 solium
646 1450 754 1544 Papa.
773 1447 1052 1520 Descenderunt
1068 1448 1239 1521 Senensis
1254 1455 1290 1522 et
1306 1471 1419 1521 novus

101 1575 149 1671 qui
163 1579 331 1670 receptus
347 1571 461 1646 estad
477 1571 641 1672 osculum
658 1571 730 1644 oris
747 1571 792 1645 ab
808 1570 975 1644 omnibns
992 1571 1235 1645 cardinalibus
1250 1597 1258 1661 3
1280 1579 1315 1644 et
1331 1571 1420 1645 sedit

102 1705 170 1794 post
188 1697 411 1772 cardinalem
433 1696 659 1770 Parnasium.
684 1701 727 1770 Ι).
753 1697 971 1794 Burgundos
999 1701 1214 1792 prosecutus
1240 1705 1293 1770 est
1322 1719 1422 1770 com-

99 1821 293 1896 missionem
308 1843 316 1910 ;
335 1826 417 1918 post
433 1845 516 1893 eum
533 1820 720 1917 proposuit
735 1819 880 1894 tertiam
894 1820 1191 1893 commissionem
1207 1825 1250 1894 Ι).
1265 1820 1423 1918 Alphen-

101 1971 151 2020 sus
168 1947 333 2035 Ricenas,
355 1953 392 2019 et
415 1951 578 2042 quartam
599 1949 641 2018 D.
668 1944 883 2019 Franciscus
902 1949 1058 2036 Gerena,
1083 1954 1165 2044 post
1184 1948 1289 2044 cujus
1312 1947 1423 2020 finem

102 2073 162 2144 duo
185 2069 389 2144 cardinales
415 2069 625 2143 assistentes
650 2094 735 2174 cum
758 2093 851 2144 novo
875 2073 1118 2146 ascenderunt
1140 2073 1186 2146 ad
1206 2075 1339 2169 Papam
1360 2072 1420 2168 qui

103 2195 224 2293 recepit
248 2195 425 2269 familiam
452 2194 533 2269 novi
557 2195 602 2268 nd
626 2195 791 2268 osculum
815 2197 930 2292 pedis,
958 2195 1199 2270 cardinalibus
1224 2199 1260 2268 et
1278 2195 1424 2294 prelatis

104 2319 255 2394 omnibus
273 2319 433 2410 interim,
460 2326 498 2392 ut
518 2320 632 2415 priua,
659 2319 696 2392 in
720 2319 811 2392 locis
834 2320 907 2393 suis
932 2320 1155 2394 sedentibus.
1183 2320 1356 2393 Omnibus
1379 2320 1424 2393 ad

104 2443 253 2518 osculum
285 2443 455 2541 receptis,
484 2444 640 2518 surrexit
662 2447 761 2540 Papa
782 2452 816 2516 et
838 2445 948 2518 rediit
971 2445 1016 2517 ad
1034 2467 1216 2518 eameram
1245 2443 1425 2540 Papagalli

105 2569 153 2642 ubi
179 2593 302 2644 sacras
329 2575 446 2642 vestes
473 2567 652 2665 deposuit.
684 2573 809 2642 Rmus.
843 2575 887 2644 Ι).
917 2568 1109 2642 cardinalis
1136 2593 1165 2641 s.
1197 2567 1366 2641 Praxedis
1390 2567 1424 2640 in

106 2693 238 2786 circulo,
260 2717 346 2767 cum
366 2697 463 2791 Papa
481 2701 600 2766 vestes
621 2693 834 2790 deponeret,
854 2693 1087 2791 interrogavit
1104 2717 1163 2768 me
1184 2717 1294 2790 quare
1315 2717 1427 2766 novos

106 2817 287 2892 cardinalis
314 2817 410 2892 solus
438 2816 596 2892 deterret
621 2841 774 2914 cappam
805 2817 971 2909 rubeam,
999 2825 1035 2892 et
1061 2816 1231 2915 respondi
1258 2842 1303 2890 ne
1335 2816 1426 2890 torte

107 2940 277 3016 videretur
306 2941 497 3038 religiosus
521 2965 615 3016 esse.
640 2945 702 3015 Est
726 2943 822 3016 enim
846 2943 944 3015 idem
970 2941 1162 3016 cardinalis
1187 2941 1318 3038 Borgia
1343 2965 1428 3040 pro-

106 3067 208 3141 tessus
222 3066 331 3140 miles
347 3091 376 3140 s.
389 3067 563 3140 Johannis
580 3066 912 3166 Hierosolymitani.
927 3066 1162 3155 Subriserunt
1173 3065 1428 3164 Neapolitanus

108 3189 147 3286 lat
163 3217 190 3265 s.
211 3191 396 3290 Praxedis]
416 3191 476 3289 (t),
498 3199 532 3264 ot
552 3191 620 3289 ipsi
637 3191 708 3265 hoc
726 3191 992 3290 intelligentes
1006 3193 1188 3288 Depositis
1208 3217 1274 3290 per
1295 3196 1428 3288 Papam

109 3315 336 3410 paramentis,
366 3314 568 3390 cardinales
596 3338 724 3389 omnes
757 3317 981 3390 associarunt
1008 3339 1139 3390 novum
1168 3317 1214 3389 ad
1242 3339 1427 3388 cameram

109 3439 285 3513 camerarii
311 3461 378 3538 pro
406 3462 450 3513 eo
482 3447 669 3538 paratam;
701 3447 737 3514 et
769 3465 813 3513 eo
840 3441 988 3515 dimisso
1023 3428 1252 3515 recesserunt
1287 3463 1425 3512 omnes.

111 3561 232 3636 Eadem
252 3564 312 3638 die
336 3570 418 3660 post
435 3564 639 3660 prandium,
659 3565 921 3662 proclamatum
941 3572 995 3638 est
1012 3588 1078 3661 per
1094 3565 1227 3638 Urbem
1251 3563 1346 3659 quod
1365 3562 1431 3636 sub

112 3709 193 3780 pena
212 3695 361 3762 centum
383 3689 598 3762 ducatorum
620 3712 747 3763 omnes
765 3689 921 3764 debeant
939 3689 1087 3764 obedire
1111 3687 1291 3760 mandatis
1310 3685 1431 3784 viginti

111 3833 164 3881 sex
182 3835 419 3907 personarum
446 3813 649 3909 provisores
676 3818 980 3910 nuncupatarum,
1007 3811 1251 3888 ordinatarum
1276 3833 1341 3908 per
1367 3813 1429 3884 SS.

114 3935 148 4004 Ι).
173 3937 213 4008 Ν.
243 3939 391 4033 Papam,
416 3945 453 4011 et
473 3937 517 4010 de
541 3938 620 4034 ejus
643 3939 828 4028 mandate,
858 3961 924 4034 pre
951 3937 1198 4011 ministrandis
1223 3935 1433 4009 victualibus

113 4057 270 4152 gentibus
292 4061 478 4158 gallicanis
500 4061 773 4136 advenientibus
796 4063 840 4135 ad
867 4061 1147 4160 expugnandum
1169 4083 1322 4158 regnum
1341 4063 1433 4134 Nea-

115 4181 319 4276 politanum,
354 4169 484 4281 quibus
519 4186 724 4260 ordinatum
760 4195 815 4260 est
849 4187 1144 4284 allogiamentom
1177 4190 1278 4258 extra
1310 4208 1434 4257 muros

116 4304 231 4394 Urbis3
250 4315 285 4381 et
303 4310 398 4404 quod
418 4309 594 4384 habentes
614 4316 788 4384 carrettas
805 4318 863 4384 aut
887 4333 1002 4406 equos
1019 4310 1075 4384 vel
1094 4309 1210 4384 mulas
1227 4333 1293 4406 pre
1313 4307 1435 4381 salmis

116 4428 261 4505 debeant
278 4455 342 4508 eos
360 4434 518 4508 revelare
537 4435 769 4532 gubernatori
794 4434 971 4523 Urbis‚,·ut
989 4435 1101 4532 possit
1126 4435 1177 4507 eis
1196 4434 1246 4507 uti
1266 4435 1311 4508 ad
1335 4433 1398 4507 del
1420 4475 1436 4486 -

118 4554 260 4628 randum
283 4556 450 4634 victualia
477 4559 583 4633 dictis
605 4560 794 4656 gentibus;
819 4565 855 4633 et
878 4559 975 4655 qood
1000 4559 1067 4631 sub
1085 4583 1180 4656 pena
1196 4559 1435 4631 ducentorum

117 4674 320 4754 ducatorum
343 4689 380 4757 et
401 4683 596 4756 amissione
619 4684 669 4756 rei
694 4690 827 4779 empto,
854 4683 973 4756 nullus
997 4681 1129 4757 audeat
1150 4705 1331 4778 quamque
1360 4703 1436 4752 rem

116 4799 156 4878 ab
174 4802 305 4878 eisdem
326 4807 493 4902 gentibus
512 4829 655 4895 emere;
683 4807 781 4903 quod
802 4831 867 4904 pro
891 4829 935 4880 eo
958 4805 1092 4880 lactum
1116 4805 1287 4901 estquod
1311 4797 1437 4901 gentes

117 4923 187 5021 ipsa
204 4919 373 5023 perviam
389 4930 566 5004 veniendo
580 4931 686 5004 furati
707 4936 789 5004 sunt
808 4954 932 5027 equos,
951 4932 1085 5018 asinos,
1105 4953 1270 5028 granum,
1290 4926 1436 5002 bladum

116 5055 148 5121 at
162 5051 329 5150 quidquid
349 5055 508 5153 arripere
527 5061 736 5152 potuerunt.

150 5199 173 5256 l.
193 5197 263 5258 Tuus
276 5205 314 5260 les
331 5221 398 5262 uns.
417 5207 539 5263 donnent
555 5224 561 5262 :
579 5229 592 5259 a
666 5207 839 5264 subriserunt
854 5205 1058 5281 Neapolitanus,
1070 5215 1097 5264 at
1112 5204 1165 5280 ipsi
1181 5207 1265 5264 hoc...
1283 5227 1296 5261 ι

252 5346 274 5383 τ.
295 5347 331 5386 vu.
494 5342 502 5358 ·
1265 5335 1298 5389 to
