3502 6036
299 553 351 608 tac
752 545 926 604 JOHANNIS
950 541 1172 614 BURCHARD1‚
1409 626 1411 632 Ι
1460 541 1545 605 [nult
1563 544 1630 606 uni]

297 704 343 778 lis
361 707 639 778 Beneventanus
656 701 717 798 qui
736 707 816 775 erat
833 701 971 798 primus
990 699 1087 774 inter
1109 701 1301 796 presentes
1321 695 1410 771 dixit
1427 699 1629 770 orationem

299 828 461 924 Respice,
485 834 554 902 etc..
570 827 649 900 Alia
665 849 766 900 more
785 826 905 900 solito.

348 953 506 1028 Sabbata
520 957 659 1041 sancto,
679 957 722 1026 lo
741 951 881 1048 aprilis,
903 955 1028 1024 Rmus
1050 954 1093 1024 l).
1116 948 1312 1023 cardinalis
1332 947 1553 1023 Gusentinus
1575 971 1630 1021 ce-

298 1079 450 1154 lebravit
476 1078 626 1151 missam
646 1076 828 1175 publicam
845 1077 882 1149 in
900 1075 1065 1174 predicta
1081 1075 1234 1172 capella,
1256 1077 1353 1172 Papa
1376 1078 1564 1172 presente.
1586 1075 1627 1147 o.

303 1203 507 1278 Bonifacius
530 1204 575 1275 de
598 1205 724 1276 Castro
748 1201 909 1294 Otherio,
937 1200 1180 1276 subdiaconus
1201 1199 1436 1297 apostolicus,
1457 1198 1632 1273 nuntiavit

301 1327 460 1402 Alleluia
488 1331 600 1424 Papa,
625 1327 721 1424 quod
748 1326 906 1400 cantavit
931 1325 1119 1400 celebrans
1142 1347 1244 1398 more
1269 1323 1389 1398 solito.
1414 1329 1527 1422 Papa,
1545 1323 1636 1398 intra

302 1453 467 1542 missam,
502 1452 598 1525 bona
627 1451 719 1542 vice,
752 1475 818 1549 per
843 1452 984 1526 socium
1020 1473 1143 1524 meum
1173 1447 1362 1522 admonuit
1385 1449 1633 1524 celebrantem

302 1577 399 1672 quod
414 1576 544 1649 melius
558 1575 715 1672 aperiret
730 1597 771 1649 os
782 1576 979 1666 cantand03
993 1580 1030 1648 et
1042 1576 1153 1648 missa
1167 1573 1283 1664 linita,
1299 1597 1382 1648 cum
1394 1577 1493 1671 Papa
1510 1597 1636 1647 ascen·

300 1700 414 1775 disset
431 1701 556 1774 sedem
574 1699 611 1772 in
636 1722 707 1795 qua
720 1705 885 1798 portetur
902 1699 1144 1774 celebransel
1160 1697 1399 1797 pertransiret
1411 1699 1517 1796 juxta
1534 1721 1632 1788 eum,

305 1824 395 1898 dixit
417 1823 537 1900 eidem
556 1823 631 1898 ella
649 1847 738 1899 voce
759 1827 857 1922 quod
873 1825 967 1898 male
986 1828 1180 1915 cantasset,
1201 1829 1238 1897 et
1255 1822 1334 1920 ipse
1353 1823 1390 1896 in
1407 1823 1493 1896 sede
1509 1825 1636 1920 porta-

304 1957 362 2022 tus
375 1949 555 2039 cantabat,
577 1948 639 2024 illo
656 1953 692 2022 et
706 1949 812 2024 nobis
828 1949 1060 2024 audientibus
1075 1949 1260 2047 quomodo
1278 1947 1638 2022 celebransdebebat

301 2083 480 2149 cantasse.

351 2199 543 2276 Dominica
567 2201 707 2274 Pascha
734 2201 1009 2275 resurrectionis
1035 2199 1231 2275 Salsaloris
1254 2201 1369 2276 nostri
1384 2205 1468 2274 lesu
1486 2197 1636 2288 Christi,

306 2331 344 2398 ll
365 2325 677 2423 aprilis'predicti,
698 2327 763 2400 SS.
792 2329 835 2399 l).
862 2329 989 2399 noster
1006 2327 1101 2400 venit
1120 2325 1437 2424 processionaliter
1453 2325 1499 2399 ad
1516 2323 1641 2398 basili-

302 2473 382 2525 cam
395 2449 570 2548 principis
587 2449 834 2548 apostolorum
849 2455 1068 2548 perporlam
1083 2449 1241 2524 mediam
1253 2451 1398 2524 solitam
1407 2438 1420 2541 ;Ι
1437 2473 1520 2546 que,
1538 2455 1640 2546 post-

300 2597 409 2672 quam
438 2579 537 2672 Papa
561 2597 644 2648 com
666 2573 903 2672 processione
929 2575 1137 2665 intraverat,
1172 2574 1240 2648 luit
1266 2575 1390 2649 clausa
1420 2597 1486 2673 per
1519 2579 1639 2648 lolam

301 2699 463 2790 missam,
494 2704 530 2774 el
560 2699 716 2797 primum
746 2707 883 2797 aperta,
913 2701 1057 2798 quando
1077 2707 1158 2798 post
1185 2700 1335 2775 missam
1357 2699 1547 2798 processio
1571 2723 1640 2798 per

302 2824 391 2924 eam]
404 2825 525 2898 redire
547 2846 621 2899 non
644 2823 784 2913 debuil;
814 2847 887 2898 non
915 2825 1062 2900 luerunt
1079 2824 1125 2900 ad
1144 2826 1414 2923 processionem
1431 2830 1515 2900 ante
1545 2825 1640 2898 mis-

302 2973 379 3024 sam
406 2954 548 3047 portata
569 2947 786 3023 candelabra
807 2954 843 3022 el
864 2950 1106 3042 thuribulum,
1136 2952 1219 3048 quia
1245 2975 1319 3026 non
1336 2952 1491 3050 ,luerunt
1509 2957 1641 3049 parata

301 3074 523 3173 negligentia
544 3074 782 3164 clericorum3
805 3063 903 3171 Papa
923 3079 1138 3151 tamennon
1159 3077 1314 3167 notavit;
1337 3081 1534 3176 propterea
1561 3099 1640 3150 non

302 3199 371 3273 luit
389 3199 615 3273 scandalum.
636 3199 787 3273 Diaconi
805 3200 917 3274 etiam
934 3201 1142 3276 cardinales
1152 3227 1226 3276 non
1237 3207 1343 3276 erant
1354 3201 1473 3301 parali
1489 3202 1641 3298 quando

302 3326 401 3422 Papa
418 3324 560 3422 accepit
579 3327 796 3422 paramenta
813 3323 849 3397 in
869 3326 1077 3424 papagallo,
1098 3329 1161 3400 sed
1176 3333 1306 3424 postea
1321 3351 1404 3402 cum
1421 3326 1640 3401 confusione

302 3455 339 3522 et
361 3449 552 3524 celeritate
575 3453 800 3546 acceperunt
823 3473 867 3523 ea
887 3450 925 3522 in
951 3473 1100 3525 camera
1120 3453 1341 3550 paramenti,
1368 3452 1516 3527 interim
1539 3447 1642 3548 quod

302 3577 402 3674 Papa
418 3575 515 3649 uenit
532 3575 619 3650 illuc
641 3575 686 3649 de
709 3597 859 3649 camera
880 3578 1078 3674 papagalli.
1104 3581 1229 3652 llmus.
1254 3583 1296 3652 D.
1321 3579 1520 3653 cardinalis
1545 3581 1642 3652 Nea-

303 3699 488 3798 politanus
510 3699 577 3775 luit
600 3702 796 3794 assistens3
821 3703 1019 3778 cardinalis
1046 3704 1262 3778 cusentinus
1290 3703 1382 3778 dixit
1407 3703 1641 3802 evangelium

303 3824 480 3914 latinum;
509 3825 703 3922 epistolam
729 3828 880 3901 latinam
908 3833 949 3902 D.
981 3828 1187 3902 Bonifacius
1215 3829 1461 3905 subdiaconus
1492 3837 1643 3928 aposto-

303 3949 418 4040 licus;
442 3951 670 4048 evangelium
703 3977 854 4051 grecum
885 3957 927 4026 ll.
957 3957 999 4026 D.
1032 3954 1193 4044 Alexius,
1226 3954 1420 4053 episcopus
1450 3955 1642 4054 Gallipoli-

303 4077 423 4164 lanus,
443 4074 638 4172 epistolam
658 4100 806 4176 grecam
823 4083 866 4153 l).
888 4078 1098 4153 Demetrius
1115 4079 1300 4153 Lucensis.
1323 4080 1485 4154 Primam
1503 4105 1639 4178 aquam

303 4199 471 4274 manibus
489 4203 586 4299 Papa
609 4201 709 4276 dedit
727 4203 877 4278 Carolus
896 4199 1072 4296 Ursinus;
1094 4205 1306 4296 secundam,
1334 4210 1462 4280 orator
1485 4206 1639 4280 Floren-

307 4322 491 4417 tinorum,
514 4327 677 4420 tertiam,
704 4333 832 4404 orator
854 4333 1082 4407 Venetorum
1101 4335 1137 4404 et
1155 4336 1339 4427 quartam,
1364 4335 1492 4406 orator
1510 4332 1641 4430 Hispa-

304 4447 462 4525 niarum.
476 4451 587 4526 Missa
601 4452 716 4542 finita,
732 4457 831 4551 Papa
839 4455 938 4528 venit
952 4454 1276 4552 processionaliter
1292 4457 1338 4530 ad
1354 4457 1475 4531 locum
1491 4457 1639 4554 publice

157 4577 159 4584 ⁴
307 4573 584 4668 benedictionis,
614 4578 771 4652 ostensis
799 4579 900 4675 prius
931 4579 1032 4655 terro
1058 4581 1186 4656 lancee
1217 4586 1253 4655 et
1277 4583 1379 4656 vultu
1409 4582 1570 4671 Domini,
1604 4581 1639 4654 in

306 4700 397 4774 locis
415 4707 452 4776 et
469 4725 573 4778 more
592 4702 721 4795 solilo;
741 4704 927 4778 benedixit
942 4705 978 4778 in
994 4704 1076 4781 loco
1093 4706 1262 4804 predicto
1279 4707 1416 4805 populo
1435 4711 1471 4780 et
1484 4707 1641 4782 interes·

308 4826 492 4921 sentibus3
516 4827 698 4903 concessit
721 4827 966 4925 indulgentias
991 4831 1174 4928 plenarias
1195 4855 1285 4930 quas
1307 4831 1642 4930 pronuntiaverunt

307 4951 431 5024 numi..
453 4956 528 5026 DD.
550 4954 756 5029 cardinales
774 4953 968 5028 Cesarinus
985 4956 1097 5030 latine
1117 4961 1153 5029 et
1170 4959 1215 5030 de
1233 4959 1408 5033 Farnesio
1427 4958 1464 5031 in
1480 4956 1639 5056 vulgari.

309 5073 391 5147 Alia
409 5098 512 5151 more
531 5079 651 5153 solito.
671 5077 914 5153 Gabriellelus
937 5103 1081 5170 scurra,
1106 5084 1207 5178 Papa
1228 5088 1384 5157 exeunte
1401 5084 1447 5156 de
1469 5083 1554 5156 loco
1581 5079 1644 5154 be

310 5197 532 5276 nedictionis
548 5204 731 5301 predicto,
752 5203 855 5277 linxit
871 5205 1041 5281 continue
1061 5207 1377 5304 predicarelatine
1389 5207 1641 5305 ethispanice,
