3520 6036
342 562 395 619 tce
796 550 971 611 JOHANNIS
995 550 1219 620 Buacaaflnr,
1457 551 1662 614 [monuistis]
1740 631 1741 644 χ

343 713 430 788 dare
446 735 513 810 pro
536 709 678 782 duobus
698 706 798 780 mille
815 705 969 780 ducatis.
989 704 1232 779 interfuerunt
1250 727 1314 777 sex
1334 703 1549 794 cardinales,
1566 704 1652 778 vide·

341 837 429 911 licet
447 861 476 910 s.
500 835 661 931 Georgii,
684 829 938 918 Bononiensis,
957 827 1232 918 volaterranus,
1254 852 1284 901 s.
1307 825 1405 902 Petri
1429 827 1476 900 ad
1489 827 1650 916 Vincula,

344 963 405 1058 qui
421 961 518 1036 venit
534 959 651 1056 pridie
666 960 712 1032 de
731 955 883 1044 Falerio,
903 953 1078 1029 Columna
1094 961 1131 1026 et
1146 952 1345 1050 Aragonia.

393 1091 505 1174 Luae,
529 1089 572 1158 15
588 1081 820 1180 septembrio,
839 1079 876 1151 in
903 1100 1025 1168 mane,
1053 1079 1151 1174 Papa
1175 1077 1329 1152 recessit
1351 1077 1395 1152 de
1418 1077 1564 1153 Civitate
1582 1081 1655 1152 Cas-

343 1198 490 1300 tellaria,
511 1216 547 1283 et
564 1232 647 1283 cum
666 1231 709 1282 eo
732 1228 860 1281 omnes
881 1200 1083 1277 cardinales
1105 1201 1273 1299 predicti,
1297 1207 1450 1299 excepto
1474 1227 1503 1276 s.
1530 1203 1654 1300 Georgii

343 1336 405 1434 qui
421 1341 567 1409 secutus
585 1341 641 1408 est
656 1354 753 1404 eum.
774 1334 872 1426 Papa
889 1325 1059 1424 equitavit
1081 1326 1260 1402 Faleriam
1282 1327 1343 1402 ubi
1368 1326 1455 1402 tecit
1478 1329 1654 1424 prandium

344 1459 512 1558 expensis
537 1457 731 1532 cardinalis
757 1452 1028 1528 Becanatensis.
1059 1451 1129 1526 Alii
1155 1451 1359 1526 cardinales
1394 1459 1656 1528 recesserunta
1741 1483 1742 1516 r

343 1589 440 1681 Papa
456 1609 523 1681 per
539 1583 632 1656 viam
658 1581 705 1656 ad
726 1579 868 1654 diversa
893 1583 1024 1651 castra.
1051 1579 1160 1651 Facto
1179 1575 1349 1673 prandio,
1381 1581 1481 1674 Papa
1502 1577 1657 1674 equitavit

343 1708 553 1799 Surianum,
572 1707 633 1780 ubi
652 1705 718 1779 luit
733 1703 938 1801 hospitatus
954 1701 992 1774 in
1008 1706 1130 1775 castro
1149 1724 1179 1773 s.
1198 1700 1296 1774 Petri
1314 1699 1360 1774 ad
1376 1701 1550 1794 Vincula3
1567 1702 1654 1798 equi-

342 1833 428 1906 tavit
445 1831 677 1929 Caprarolam
695 1828 756 1902 ubi
770 1827 903 1902 invenit
918 1851 948 1898 s.
966 1824 1110 1922 Georgii
1122 1832 1158 1898 et
1171 1824 1451 1900 Bononiensem.

390 1959 486 2032 lovis
507 1962 563 2046 18,
581 1955 618 2029 in
637 1977 757 2045 mane,
779 1956 878 2050 Papa
901 1950 1071 2049 equitavit
1089 1951 1135 2024 ad
1159 1948 1355 2024 ecclesiam
1372 1951 1479 2026 beate
1498 1952 1603 2026 Marie
1618 1951 1655 2026 de

343 2087 499 2172 Quercu,
527 2085 630 2154 extra
656 2078 863 2156 Viterbium
888 2099 959 2174 quo
992 2081 1173 2150 venerunt
1202 2097 1330 2149 omnes
1357 2077 1561 2152 cardinales
1587 2101 1655 2175 pre

342 2206 441 2298 dicti,
462 2205 592 2303 quibus
612 2203 782 2278 omnibus
801 2199 997 2276 cardinalis
1021 2225 1050 2272 s.
1076 2198 1223 2295 Georgii
1246 2197 1335 2274 tecit
1356 2200 1562 2297 prandium.
1586 2205 1657 2276 Post
1742 2187 1743 2266 l

341 2331 548 2429 prandium,
567 2335 676 2427 Papa,
696 2351 780 2402 cum
804 2325 973 2399 omnibus
997 2323 1243 2398 cardinalibus
1261 2325 1508 2421 presentibus,
1525 2331 1656 2425 paratus
1742 2353 1743 2430 j

341 2462 448 2552 prout
466 2455 503 2528 in
520 2454 670 2528 introitu
688 2451 847 2526 Civitatis
864 2449 1080 2539 Castellane,
1101 2447 1250 2523 intravit
1266 2449 1491 2542 Viterbium;
1510 2449 1656 2549 hospita·

340 2585 398 2653 tus
414 2587 469 2653 est
486 2579 523 2652 in
541 2586 674 2653 castro.

389 2703 558 2794 Sabbata,
581 2708 624 2776 Ἢ
643 2699 872 2799 septembriS,
892 2697 1018 2772 habite
1038 2697 1184 2771 luerunt
1206 2696 1357 2794 exequie
1377 2699 1474 2774 bone
1494 2700 1655 2776 memorie

340 2828 537 2902 cardinalis
555 2825 750 2900 Gurcensis
764 2826 802 2898 in
817 2824 973 2900 ecclesia
987 2821 1172 2897 Trinitatis
1187 2826 1386 2897 conventus
1405 2824 1655 2900 heremitarum

339 2975 368 3024 s.
390 2951 595 3047 Augustini.
622 2949 825 3025 Celebravit
847 2949 985 3024 electus
1003 2945 1304 3044 archiepiscopus
1327 2949 1535 3046 Dyrrachii,
1555 2973 1654 3025 novus

338 3075 492 3148 sacrista
510 3079 619 3172 Papa,
642 3074 804 3148 nondum
827 3077 1078 3162 consecratus,
1102 3072 1147 3146 de
1170 3071 1319 3168 speciali
1340 3073 1513 3150 mandato
1535 3079 1571 3151 et
1592 3075 1655 3148 dis-

338 3199 553 3295 pensatione
577 3203 687 3296 Pape.

385 3323 573 3415 Mercurii,
594 3330 608 3396 t
629 3323 802 3413 octobris,
823 3323 979 3395 inmane
994 3325 1092 3418 Papa
1106 3320 1261 3394 recessit
1275 3320 1320 3397 de
1337 3277 1503 3400 Viterbio
1522 3331 1558 3401 et
1571 3325 1656 3398 venit

338 3447 383 3520 ad
401 3448 653 3524 Tuscanellam
670 3448 731 3522 ubi
749 3447 884 3520 mansit
899 3447 963 3519 illa
978 3453 1011 3519 et
1026 3449 1202 3540 sequente
1221 3446 1295 3522 die.

386 3575 554 3663 Veneris,
582 3578 601 3647 3
625 3571 799 3660 octobris,
833 3573 871 3644 in
903 3593 1025 3662 mane,
1059 3570 1211 3645 recessit
1245 3572 1290 3646 de
1315 3575 1540 3666 Tuscanella,
1567 3573 1653 3647 venit

338 3700 549 3786 Cornetum,
569 3698 631 3769 ubi
647 3669 797 3770 sabbato
817 3700 1006 3792 sequente,
1023 3694 1156 3770 testum
1171 3720 1201 3770 s.
1217 3697 1415 3790 Francisci,
1431 3703 1474 3774 B.
1490 3698 1651 3772 Antonius

337 3821 531 3916 episcopus
563 3821 795 3915 EugubinuS,
822 3819 998 3918 magister
1023 3819 1154 3894 domus
1183 3845 1265 3912 sue,
1293 3822 1493 3897 celebravit
1519 3822 1650 3896 missam

337 3943 538 4017 solemnem
564 3944 825 4040 pontificaliter
850 3945 887 4017 in
903 3943 1061 4018 ecclesia
1080 3951 1280 4020 conventus
1300 3972 1330 4022 s.
1350 3947 1550 4039 Francisci,
1568 3949 1651 4040 Papa

335 4074 504 4164 presente
525 4075 560 4142 et
579 4091 709 4142 novem
727 4069 984 4160 cardinalibuS,
1006 4065 1175 4142 videlicet
1193 4090 1223 4138 s.
1246 4069 1406 4166 Georgii,
1427 4067 1645 4152 Bononiensi,

335 4191 590 4286 Volaterrano,
616 4193 789 4285 Adriano,
816 4219 846 4267 s.
877 4194 978 4267 Petri
1007 4192 1055 4266 ad
1077 4191 1245 4283 Vincula,
1271 4194 1459 4286 Columna,
1487 4195 1646 4279 Medices,

336 4318 508 4392 Farnesio
524 4325 560 4392 et
575 4320 773 4417 Aragonia.
792 4319 920 4393 Nescio
935 4317 1210 4416 particulariter
1227 4320 1410 4414 quomodo
1425 4343 1487 4396 res
1506 4327 1584 4396 acta
1599 4318 1646 4406 sit,

333 4441 421 4536 quia
444 4443 636 4517 Balthasar
655 4444 740 4518 tecit
755 4444 918 4517 officium
933 4442 978 4517 de
996 4466 1068 4540 quo
1085 4443 1174 4516 nihil
1189 4442 1291 4516 scivi.

383 4571 485 4641 Luna
496 4573 517 4640 6
529 4568 704 4658 octobris,
721 4572 818 4666 Papa
832 4569 919 4644 lecit
931 4567 1187 4643 consistorium
1202 4568 1240 4640 in
1255 4592 1328 4664 quo
1341 4569 1495 4666 prefecit
1508 4570 1647 4644 electum

334 4691 504 4765 Pisanum
527 4691 794 4790 patriarchatui
819 4691 1065 4768 Alexandrino
1092 4717 1100 4766 :
1123 4692 1369 4766 interfuerunt
1392 4717 1520 4770 omnes
1541 4690 1648 4770 cardi-

332 4816 435 4890 nales
452 4817 621 4914 predicti.

379 4943 518 5034 Martis,
540 4949 558 5015 7
578 4942 753 5034 octobris,
776 4946 874 5041 Papa
896 4943 1048 5018 recessit
1072 4943 1117 5016 de
1141 4946 1299 5018 Corneto
1320 4945 1358 5018 in
1375 4969 1482 5020 mane
1508 4951 1545 5020 et
1563 4941 1648 5018 venit

330 5065 377 5136 ad
398 5067 553 5160 Tolsam,
575 5067 635 5141 ubi
660 5067 747 5142 iecit
773 5070 968 5164 prandium
993 5091 1077 5142 cum
1102 5067 1209 5142 dictis
1234 5071 1500 5162 cardinalibus;
1531 5067 1650 5145 deiude

328 5191 485 5265 cumbis
501 5191 675 5290 equitavit
691 5192 881 5268 Civitatem
897 5199 1085 5271 Veterem.
