3520 6036
354 445 406 500 304
811 437 985 495 JOHANNIS
1008 438 1227 508 BURCHAHDI,
1438 439 1596 502 [Novembre
1611 444 1670 506 15111]

357 594 474 682 dieue,
510 591 718 665 Balthassar
749 589 911 680 Nicolai;
935 589 1089 663 clericus
1119 589 1375 680 viterbiensis
1414 591 1600 665 familiaris
1626 619 1670 668 sa-

358 721 488 806 criste;
505 715 906 803 AntoniusCheramer,
934 713 1088 788 clericus
1111 715 1294 811 Spirensis
1314 716 1481 809 diocesis,
1502 717 1668 793 familiaris

358 867 479 933 meus;
496 841 674 916 Antonius
699 842 745 916 de
778 839 958 928 Scalante,
981 839 1135 914 clericus
1166 839 1477 939 calagurritanus,
1500 843 1668 918 familiaris

357 969 444 1043 socii
460 967 545 1041 mei.
666 1005 667 1014 1

407 1092 594 1166 Publicato
620 1091 808 1176 scrutinio,
838 1090 1040 1164 cardinales
1066 1114 1194 1166 omnes
1221 1096 1452 1166 accesserunt
1477 1093 1524 1166 ad
1555 1117 1668 1167 novum

358 1217 569 1316 pontificem
599 1216 644 1289 ad
674 1215 999 1314 congratulandum
1036 1216 1081 1306 ei,
1120 1217 1180 1314 qui
1211 1217 1323 1315 elegit
1351 1217 1419 1290 sibi
1447 1221 1581 1292 nomen
1601 1219 1667 1291 sulii

357 1341 518 1416 secundi.
538 1345 614 1439 Ego
628 1340 745 1413 amovi
770 1341 802 1413 ei
829 1340 1016 1415 croculam
1038 1348 1073 1414 et
1094 1343 1299 1438 capucium,
1318 1341 1428 1415 etiam
1454 1344 1586 1416 amotis
1605 1366 1668 1416 sca-

355 1468 459 1541 bellis
473 1468 518 1540 de
534 1491 661 1539 mensa
673 1465 836 1540 scrutinii
856 1467 1007 1562 apposui
1021 1467 1146 1540 sedem
1165 1467 1335 1564 papalem
1353 1467 1388 1539 iu
1404 1491 1477 1564 qua
1493 1468 1584 1542 sedit
1604 1468 1667 1564 ipsc

357 1595 473 1689 Papa;
493 1597 527 1664 et
555 1589 811 1687 Neapolitanus
838 1590 1007 1686 apposuit
1033 1591 1066 1662 ei
1098 1589 1246 1662 anulum
1271 1591 1462 1686 piscatoris
1494 1592 1546 1664 Pii
1576 1595 1618 1664 lll
1641 1596 1669 1664 et

355 1717 525 1790 adstatim
551 1721 761 1812 apportatus
792 1739 875 1787 suus
902 1714 1029 1787 anulus
1056 1715 1138 1787 Julii
1165 1719 1195 1788 ll
1219 1715 1329 1788 etiam
1357 1716 1552 1812 piscatoris
1575 1741 1668 1812 quem

355 1843 420 1916 sibi
440 1839 563 1915 nescio
580 1841 660 1937 quis
676 1839 755 1912 lieri
774 1839 872 1929 lecit,
894 1839 978 1936 quia
993 1863 1015 1912 a
1032 1840 1173 1912 duobus
1190 1840 1244 1912 rel
1266 1841 1383 1913 tribus
1398 1840 1527 1914 diebus
1543 1842 1667 1914 scieba-

355 1975 412 2042 tur
427 1991 509 2041 eum
525 1967 686 2039 iuturum
706 1968 853 2061 Papam.
869 1969 913 2038 Et
935 1964 1006 2038 hoc
1033 1988 1153 2053 mane,
1176 1967 1325 2040 luerunt
1340 1966 1459 2063 posita
1479 1967 1557 2065 ejus
1582 1990 1667 2039 arma

323 2118 324 2121 ’
355 2092 497 2191 papalia
511 2089 674 2188 pluribus
696 2090 732 2161 in
749 2089 841 2162 locis
865 2114 931 2186 per
949 2091 1098 2178 Urbem,
1119 2097 1155 2163 et
1178 2090 1315 2187 incepit
1332 2091 1559 2165 subscribere
1580 2092 1665 2189 capi-

356 2217 447 2305 tula;
465 2222 501 2290 et
526 2214 740 2312 subscripsit
771 2215 889 2288 solum
923 2215 994 2288 tria
1023 2221 1060 2288 et
1085 2215 1141 2287 vix
1169 2215 1243 2305 illa,
1270 2215 1513 2290 cardinalibus
1541 2222 1662 2290 tanturn

354 2340 665 2428 accelerantibus;
685 2343 721 2412 et
729 2339 773 2413 de
785 2341 865 2436 ejus
878 2339 1143 2437 subscriptione
1158 2344 1255 2436 Pape
1267 2339 1400 2413 luimus
1411 2341 1520 2414 etiam
1533 2341 1660 2420 notarii,

355 2471 536 2564 utsupra,
562 2463 740 2561 requisiti,
766 2473 800 2536 et
827 2489 900 2538 non
933 2465 1084 2562 signavit
1107 2464 1265 2560 aliquam
1292 2465 1590 2562 supplicationem
1612 2465 1663 2537 sed

350 2613 478 2664 omnes
494 2589 580 2663 lecit
596 2590 685 2662 dare
704 2592 745 2662 D.
761 2589 871 2662 Fabio
889 2612 997 2687 quem
1011 2589 1095 2663 lecit
1106 2589 1287 2664 datarium
1303 2595 1339 2661 et
1354 2589 1522 2685 promisit
1538 2590 1663 2686 signare

350 2739 476 2788 omnes
493 2721 527 2788 et
547 2713 704 2786 rotulum
723 2713 885 2787 omnium
904 2715 1220 2788 conclavistarum.
1241 2715 1343 2788 Circa
1362 2713 1470 2786 finem
1496 2715 1665 2811 subscrip-

350 2839 469 2928 tionis,
500 2837 747 2912 cardinalias.
781 2838 941 2935 Georgii,
972 2847 1097 2936 aperta
1127 2862 1236 2936 parva
1266 2839 1489 2929 fenestrelle,
1516 2838 1668 2936 exposuit

348 2987 495 3037 crucem
515 2967 551 3036 et
569 2961 780 3036 exclamavit
794 2967 830 3035 et
843 2963 1103 3059 proclamavit:
1127 2966 1260 3061 Papam
1279 2963 1481 3036 habemus!

397 3085 512 3159 Finita
529 3083 810 3181 subscriptione,
833 3085 978 3158 intrarit
996 3085 1214 3176 sacristiam,
1240 3090 1287 3174 et,
1318 3085 1485 3182 deposito
1509 3085 1666 3161 roolretlo

350 3217 383 3282 et
399 3214 496 3283 veste
517 3233 627 3306 qnam
658 3231 726 3306 ego
749 3209 888 3306 accepi,
909 3233 982 3283 non
1010 3209 1175 3284 obstante
1198 3211 1489 3285 contradictione
1510 3212 1663 3286 sacriste.

350 3335 496 3408 indutus
512 3339 568 3408 est
585 3341 681 3408 veste
700 3335 782 3407 alba
799 3339 835 3406 et
852 3333 945 3424 aliis,
963 3359 1066 3410 more
1085 3335 1208 3425 solito,
1231 3340 1267 3408 et
1282 3335 1376 3422 iacta
1390 3336 1457 3409 sibi
1475 3336 1667 3410 reverentia

348 3461 384 3533 in
403 3460 509 3534 altari
526 3485 592 3558 per
609 3459 813 3534 cardinales
832 3466 868 3533 et
888 3459 997 3550 alios;
1021 3467 1056 3534 et
1076 3461 1112 3533 in
1131 3461 1260 3534 eodem
1277 3459 1379 3534 altari
1402 3461 1571 3556 promisit
1587 3459 1665 3532 mibi

348 3583 541 3659 ecclesiam
561 3589 777 3674 Hortanam,
800 3584 956 3658 Ascanio
979 3609 1044 3682 pro
1067 3608 1125 3658 me
1149 3591 1308 3681 petente.
1336 3588 1508 3659 Portatus
1533 3584 1611 3658 inde
1635 3583 1666 3655 in

350 3710 434 3782 sede
451 3709 496 3782 ad
514 3709 702 3782 basilicam
725 3734 753 3781 s.
782 3709 877 3782 Petri
903 3709 978 3795 ubi,
1002 3710 1097 3783 lacta
1115 3710 1293 3798 oratione,
1319 3715 1403 3783 ante
1423 3709 1539 3783 altare
1557 3709 1663 3782 sedit:

348 3857 459 3930 super
478 3833 579 3905 illum
606 3837 790 3906 cantatum
811 3838 866 3906 est
891 3862 897 3905 :
923 3833 971 3906 Tc
996 3834 1115 3907 Deum
1135 3834 1346 3922 laudamus·
1369 3835 1465 3908 laota
1493 3835 1560 3908 sibi
1581 3855 1665 3906 rere-

348 3958 468 4032 rentia
491 3982 512 4030 a
532 3958 776 4032 cardinalibus
804 3964 841 4033 et
861 3959 954 4034 aliis.
987 3959 1089 4034 Dicta
1115 3961 1280 4034 oratione
1305 3985 1371 4058 per
1395 3959 1614 4033 cardinalem
1634 3961 1662 4028 ct

347 4083 431 4156 data
447 4083 699 4157 benedictione
721 4108 785 4180 per
804 4087 953 4181 Papam,
969 4085 1077 4158 rediit
1095 4086 1142 4159 ad
1159 4085 1333 4183 palatium
1349 4093 1384 4158 et
1405 4084 1605 4158 cardinales
1624 4080 1662 4153 ad

346 4206 473 4281 domos
495 4230 575 4280 suas
601 4232 608 4280 :
630 4207 826 4280 cardinalis
846 4208 1161 4306 Rothomagensis,
1183 4235 1212 4282 s.
1237 4209 1400 4302 Severini
1417 4216 1452 4281 et
1475 4209 1593 4304 plures
1610 4202 1660 4279 alii

345 4329 490 4405 luerunt
508 4332 553 4406 ad
569 4330 765 4429 prandium
781 4355 863 4404 cum
883 4335 993 4429 Papa.
1028 4351 1030 4356 ’
1514 4328 1521 4342 “

396 4458 460 4531 Dic
483 4457 636 4546 veneris,
660 4461 679 4530 3
699 4456 915 4546 novembris,
940 4457 1012 4531 dux
1035 4457 1263 4546 Valentinus,
1288 4458 1390 4555 jussu
1408 4462 1519 4556 Papo,
1540 4453 1661 4552 incepit

344 4581 551 4656 inhabitare
569 4582 743 4680 palatium
763 4586 799 4654 et
817 4581 963 4656 luerunt
979 4583 1046 4656 sibi
1063 4583 1246 4679 assignate
1262 4607 1409 4658 camere
1421 4602 1550 4658 nouem
1564 4601 1660 4678 super

347 4707 590 4798 audientiam3
607 4711 643 4780 et
669 4711 767 4803 Papa
787 4706 944 4781 decrerit
966 4709 1063 4804 quod
1082 4708 1188 4781 uellet
1205 4709 1375 4782 coronari
1400 4709 1436 4782 in
1467 4709 1612 4782 basilica
1633 4729 1657 4776 s.

346 4833 456 4922 Petri,
478 4833 537 4906 die
553 4838 596 4906 18
612 4832 719 4930 hujus
746 4831 986 4906 dedicationis
1012 4833 1160 4907 basilice
1183 4837 1220 4908 et
1241 4832 1423 4908 dominica
1443 4840 1486 4908 19
1508 4832 1657 4932 ejusdem

344 4955 435 5028 velle
447 4957 608 5054 equitare
625 4957 670 5031 ad
686 4961 904 5031 Lateranum
918 4983 925 5047 ;
946 4957 1076 5032 deinde
1094 4959 1242 5033 mutavit
1254 4957 1482 5057 propositum
1494 4963 1530 5034 et
1543 4959 1657 5031 decre-

346 5075 395 5149 rit
407 5078 497 5152 velle
514 5080 681 5154 coronari
705 5085 747 5152 19
766 5079 801 5151 iu
818 5103 847 5152 s.
862 5083 967 5154 Petro
987 5087 1021 5154 et
1035 5081 1120 5154 lune
1138 5083 1360 5177 obequitare
1379 5081 1425 5154 ad
1437 5085 1654 5158 Lateranum,
