3506 6034
72 621 146 687 [nm
161 619 234 686 roa
408 623 536 684 nanuu
553 591 787 681 unaauaaun
811 621 1072 684 eouuaurnnu.
1356 630 1405 686 ur

71 777 282 854 tium'suum
302 779 399 878 apud
422 803 449 854 s.
478 783 639 868 Petrum,
664 801 731 875 per
750 785 894 876 portam
918 779 1015 854 horti
1038 781 1107 872 sui,
1134 787 1238 856 extra
1262 790 1404 880 portam

71 904 261 994 viridarii,
297 929 380 980 cum
416 928 479 980 sex
511 904 755 978 cardinalibus
788 905 1004 1002 supradictis
1038 912 1074 980 et
1109 908 1207 980 omni
1241 908 1400 1001 lamilia,

68 1029 228 1124 demptis
252 1025 323 1103 illis
344 1031 405 1126 qui
425 1029 590 1103 obierunt
610 1034 647 1104 et
673 1029 849 1126 perviam
875 1011 1009 1103 infirmi
1040 1043 1338 1128 permanserunt;
1368 1042 1404 1110 et

69 1175 174 1226 nemo
189 1155 292 1226 venit
317 1154 350 1228 ei
364 1154 519 1227 obviam.
541 1153 704 1228 Intellexi
723 1153 894 1228 veredica
913 1155 1088 1230 relatione
1105 1157 1203 1252 quod
1226 1159 1263 1231 in
1283 1159 1404 1234 Plum-

66 1277 161 1366 biuo,
190 1281 294 1374 Papa
309 1278 396 1352 lecit
416 1278 496 1352 fieri
520 1277 663 1374 publice
687 1278 723 1350 in
739 1277 861 1374 platea
883 1283 967 1353 ante
987 1280 1157 1376 palatium
1180 1306 1286 1358 suum
1311 1265 1402 1359 cho-

67 1424 160 1474 ream
179 1425 251 1499 per
268 1403 396 1476 omnes
411 1403 580 1501 pulchras
597 1404 770 1479 mulieres
793 1410 829 1478 et
847 1404 986 1501 puellas
1011 1419 1080 1503 q'ue
1098 1409 1135 1481 in
1156 1417 1277 1486 castro
1298 1419 1402 1488 erant

66 1525 108 1598 a'd
122 1527 254 1624 plures
269 1527 381 1602 horas
398 1527 459 1627 (l),
477 1536 512 1603 et
531 1530 630 1625 quod
649 1531 768 1626 major
787 1553 868 1626 pars
887 1543 1014 1605 eorum
1033 1533 1194 1628 quicum
1215 1537 1314 1632 Papa
1331 1537 1400 1612 ibi·

67 1653 144 1727 dem
167 1653 336 1745 fuerunt,
357 1654 593 1728 comederunt
611 1678 741 1729 carnes
762 1654 926 1730 similiter
945 1656 1064 1730 eundo
1085 1663 1122 1732 et
1137 1658 1338 1744 redeundo,
1362 1663 1398 1736 in

66 1780 350 1855 omnibuslocis.
1058 1865 1062 1875 ¹

111 1907 219 1980 Faria
236 1907 408 1997 secunda,
428 1915 447 1982 7
465 1907 550 1981 dicti
567 1908 704 1980 mensis
719 1907 853 1996 martii,
872 1907 964 1982 leslo
982 1934 1011 1985 s.
1027 1912 1165 1986 Thome
1181 1911 1226 1988 de
1240 1913 1396 2010 Aquino,

68 2039 103 2107 R.
124 2039 162 2109 P.
183 2039 229 2109 D.
248 2039 372 2125 Josue,
389 2035 579 2134 episcopus
593 2036 809 2120 Asculanos,
831 2038 1183 2114 celebravitmissam
1197 2039 1398 2116 solemnem

67 2163 100 2234 in
123 2161 287 2235 ecclesia
312 2162 418 2234 beate
444 2162 557 2236 Maria
579 2162 755 2252 Minervs;
784 2163 872 2238 dixit
901 2164 1035 2254 Gloria,
1060 2189 1169 2240 unam
1193 2167 1397 2244 orationem

66 2294 217 2378 lantum,
253 2285 380 2376 Crede,
413 2293 449 2360 et
477 2286 716 2384 prelationem
745 2263 1011 2364 communem:
1045 2295 1127 2386 post
1153 2293 1394 2392 evangelium,

65 2403 149 2486 dixit
180 2411 391 2485 orationem
413 2410 598 2485 laudatam
622 2411 793 2486 Camillus
814 2415 1017 2504 Porcarius,
1040 2415 1172 2489 nobilis
1197 2421 1392 2492 Romanus.

65 2537 139 2610 ‚llia
166 2559 275 2611 more
308 2537 425 2610 solito.
457 2536 702 2612 lnterluerunt
732 2539 915 2614 sexdecim
945 2541 1164 2634 cardinales,
1191 2543 1391 2620 videlicet:

66 2661 337 2760 Neapolitanus,
363 2664 651 2752 Beneventanus
672 2687 701 2736 s.
720 2665 905 2756 Praxedis,
931 2667 1094 2758 Ursinus,
1117 2669 1392 2762 Alexandrinus,

65 2813 91 2860 s.
111 2789 253 2880 Crucis,
272 2787 545 2887 agrigentinae,
563 2789 767 2880 Grimanus,
790 2791 1021 2882 Cusentinus,
1039 2790 1302 2882 salernitanus,
1324 2797 1393 2868 Ga·

69 2914 320 3011 putaqueusis,
352 2914 540 3004 Senensis,
571 2915 746 3004 MediceS,
775 2941 804 2990 s.
832 2917 992 2992 Severini
1017 2922 1054 2990 et
1077 2919 1287 3009 Cesarinus3
1316 2919 1390 3017 qui,

69 3037 163 3114 truita
178 3040 306 3129 missa,
332 3061 459 3114 omnes
480 3044 653 3114 venerunt
676 3040 722 3114 ad
744 3041 919 3138 capellam
948 3042 1141 3117 cardinalis
1163 3043 1392 3141 Neapolitani

68 3165 212 3260 predicti
232 3189 240 3237 :
264 3166 400 3238 chorus
417 3171 453 3238 et
469 3166 539 3240 alia
555 3171 679 3262 parata
696 3165 855 3256 luerunt,
877 3173 985 3265 prout
1004 3169 1252 3265 superioribus
1272 3171 1388 3246 annis.

111 3291 303 3366 [lominica
314 3291 439 3388 quinta
456 3291 745 3388 quadragesime,
764 3297 806 3368 13
825 3292 960 3367 mensis
973 3294 1108 3383 martii,
1127 3295 1188 3368 SS.
1209 3297 1251 3367 D.
1268 3302 1393 3370 noster

69 3417 198 3490 vocavit
213 3416 314 3491 adse
330 3439 458 3491 omnes
475 3416 676 3490 cardinales
694 3417 730 3490 in
747 3441 930 3492 cameram
946 3417 1140 3508 audientia,
1156 3425 1192 3492 et
1210 3443 1275 3491 nos
1289 3419 1392 3494 cleri-

68 3563 123 3612 cos
138 3541 434 3616 ceremoniarum
456 3546 536 3641 post
558 3564 634 3632 eos,
654 3549 690 3615 et
704 3542 792 3616 dixit
808 3565 846 3617 se
862 3566 942 3616 cras
957 3542 994 3616 in
1011 3541 1155 3639 publico
1173 3543 1389 3617 consistorio

69 3669 293 3763 recepturum
331 3669 475 3740 Rmum.
516 3668 559 3739 D.
597 3666 818 3741 cardinalem
848 3669 893 3742 de
925 3668 1099 3758 Alibreto,
1130 3675 1166 3744 et
1194 3677 1390 3766 propterea

70 3789 182 3864 audire
199 3814 245 3864 ex
262 3791 369 3865 nobis
388 3791 473 3888 quid
490 3791 685 3890 agendum.
711 3792 952 3867 Recitavimus
972 3793 1179 3890 omniaque
1198 3795 1388 3869 Sanctitati

69 3937 122 3989 sus
138 3916 355 4012 placuerunt
369 3922 407 3990 et
420 3916 532 3990 voluit
549 3925 592 3992 ea
610 3917 661 3991 sic
676 3916 769 4008 lieri,
791 3917 989 4015 suinciens
1003 3919 1100 4014 quod
1110 3919 1249 3994 venturi
1267 3928 1389 3996 essent

68 4039 107 4110 ad
121 4040 299 4137 capellam
320 4045 364 4114 Ι).
390 4041 595 4138 Philippus,
621 4043 831 4141 Monsignor
853 4042 898 4118 de
923 4044 1126 4135 Ravestani,
1155 4047 1196 4118 D.
1216 4048 1386 4138 lacobus,

67 4161 176 4237 inlans
209 4168 380 4256 Navarra,
409 4171 445 4240 et
474 4171 517 4241 D.
546 4166 730 4241 lohannes
764 4170 898 4260 Stuart,
929 4167 1001 4240 dux
1028 4168 1181 4244 Albanio
1209 4171 1387 4266 inregno

68 4289 191 4378 Scotie,
222 4290 353 4386 quibus
378 4291 561 4365 mandavit
587 4291 708 4366 locum'
737 4293 812 4366 dari
836 4293 871 4366 in
901 4293 1008 4389 plano
1034 4278 1209 4390 superiori
1227 4296 1309 4369 solii
1332 4298 1386 4372 sui

68 4413 183 4488 ordine
207 4439 278 4512 quo
298 4424 382 4490 sunt
398 4417 563 4512 ¹superius
581 4418 769 4492 nominati.
789 4418 902 4492 Exivit
915 4441 1100 4494 cameram
1120 4420 1333 4515 predictam,
1351 4427 1387 4496 et

67 4541 215 4637 acceptis
239 4543 462 4639 paramentis
485 4541 615 4632 salitio,
637 4543 733 4618 venit
754 4543 799 4618 ad
818 4543 1010 4641 capellam,
1035 4551 1072 4618 et
1091 4543 1250 4619 interluit
1275 4546 1386 4622 misso

98 4782 118 4834 l.
134 4781 170 4837 Le
184 4797 265 4855 pape,
279 4779 325 4854 qui
341 4779 447 4854 prenait
462 4778 487 4834 le
499 4779 561 4854 plus
572 4781 611 4838 vil
623 4781 716 4857 plaisir
729 4784 804 4856 dans
813 4783 839 4840 la
854 4783 955 4841 sociate
970 4784 1019 4841 des
1032 4784 1155 4854 lenimes,
1166 4783 1259 4842 aimait
1267 4785 1386 4859 particu-

68 4867 230 4926 culitrenrent
245 4869 285 4925 les
298 4869 355 4926 noir
381 4869 490 4925 danser.
513 4869 690 4942 Giustiniani,
706 4873 775 4930 dans
799 4891 844 4930 ses
861 4873 1004 4948 deptches,
1019 4873 1159 4948 tcmoigne
1174 4875 1207 4930 de
1221 4892 1252 4930 ce
1267 4878 1335 4947 gout
1349 4874 1386 4930 du

67 4946 135 5012 ‘Salat
149 4957 218 5015 Pare
234 4974 241 5014 ι
260 4979 274 5010 «
288 4956 353 5031 ogni
369 4957 466 5031 giorno
485 4958 513 5014 la
525 4959 613 5016 ballar
630 4967 717 5035 putte,
735 4967 763 5018 et
782 4961 849 5017 altre
862 4961 941 5031 leste,
959 4961 1029 5018 nelle
1051 4961 1114 5035 qual
1132 4975 1238 5036 sempre
1256 4963 1386 5021 intraria-

69 5061 128 5102 neno
142 5045 291 5107 damisella.
309 5069 323 5100 a
338 5049 467 5120 nuperae
489 5049 519 5104 dt
536 5051 573 5106 Α.
595 5053 776 5122 duisttatuar',
793 5059 813 5120 t,
831 5051 852 5120 l,
871 5069 899 5124 p.
914 5052 975 5108 118.
993 5051 1038 5122 (18
1053 5057 1127 5125 sept.
1147 5053 1237 5124 ¹502).
1255 5075 1306 5110 u...
1326 5054 1385 5112 lua

68 5149 125 5189 cena
137 5135 165 5190 in
180 5135 295 5192 Palazzo
314 5153 365 5192 con
380 5135 406 5192 la
420 5137 596 5195 Beatitudine
613 5137 681 5207 Sua,
698 5140 766 5196 dove
786 5145 869 5196 stette
883 5139 922 5196 lui
936 5158 1069 5215 oppresso
1087 5158 1168 5198 zorno
1183 5141 1247 5198 nelli
1262 5142 1385 5200 consueti

70 5221 154 5280 solani
180 5225 224 5282 del
249 5224 400 5295 Pentelice,
425 5224 677 5300 intravegnendore
705 5228 794 5297 dame,
820 5245 903 5284 senza
922 5227 946 5285 le
974 5229 1085 5303 qualia
1114 5237 1212 5304 questo
1235 5229 1385 5288 Palnzzoal

71 5313 148 5386 tempo
159 5321 285 5389 presente
300 5331 356 5371 non
372 5331 403 5371 se
417 5333 452 5373 na
466 5315 494 5372 la
506 5315 576 5374 leste
590 5317 641 5373 stre
656 5316 775 5374 diletti...
792 5339 806 5370 >r
824 5322 888 5380 eta,
904 5322 925 5388 t,
942 5318 965 5388 l,
980 5335 1008 5391 p.
1024 5319 1087 5374 295.
1104 5317 1150 5392 (30
1164 5319 1223 5376 dec.
1241 5321 1331 5392 1502.)
