3520 6036
289 561 377 623 rnvrn
396 560 469 620 rsus}
627 555 752 612 RERUM
777 547 1003 612 castaneum
1027 553 1290 614 cottniuutamt.
1573 563 1623 618 :sn

290 712 490 785 latitudiuis
522 712 724 808 palmorum
758 711 950 785 duodecim
979 711 1033 784 trel
1069 710 1182 800 circu,
1211 711 1410 786 altitudinis
1445 739 1507 787 seu
1543 739 1624 788 curn

289 837 454 933 pradella
475 835 547 908 lata
571 833 773 931 palmorum
799 859 874 907 sex.
907 838 946 908 ln
969 859 1040 931 quo
1067 835 1178 908 missa
1200 839 1423 911 consecrarit
1445 863 1506 913 sex
1533 841 1626 936 epis-

290 985 417 1058 copos,
447 959 612 1033 videlicet
641 959 888 1032 rtlltanensem
906 963 942 1034 et
967 963 1168 1034 Lucensem
1196 963 1409 1054 cardinales,
1442 989 1499 1037 me
1526 968 1628 1038 Orta-

293 1111 395 1171 narn,
425 1087 620 1160 Antonium
648 1087 880 1180 Napleusem,
903 1087 1135 1160 Franciscnm
1159 1088 1387 1160 Melitensem
1416 1097 1447 1161 et
1478 1091 1626 1162 Galuie-

291 1213 365 1285 lem
398 1213 702 1286 Urbinatensem:
733 1212 943 1285 assistentes
975 1213 1123 1285 suerunt
1153 1213 1352 1286 cardinales
1386 1239 1415 1286 s.
1453 1217 1623 1287 praxedis

290 1343 330 1409 et
347 1337 629 1423 Alexandrinum
656 1336 771 1410 nostri
797 1337 940 1412 suerunt
966 1338 1140 1433 Raplrael,
1163 1337 1353 1434 episcopus
1375 1339 1623 1434 ltelphitensis

291 1469 327 1535 et
350 1463 514 1534 ,duclreas
532 1463 765 1536 Crotoneusis
787 1463 983 1536 servientes
1002 1467 1096 1559 Papa
1118 1464 1161 1536 de
1184 1463 1357 1552 candela;
1380 1488 1422 1536 ex
1442 1464 1534 1537 libro
1551 1464 1626 1536 lue-

289 1597 373 1659 runt
405 1587 599 1660 cardinalis
630 1587 864 1676 dlimotensis,
891 1589 1083 1684 episcopus
1102 1588 1285 1660 Naulanns
1304 1595 1340 1661 et
1354 1591 1617 1664 Cesenatensis.

289 1712 487 1784 Credentia
518 1716 614 1809 Papc
647 1719 723 1787 erat
755 1715 791 1786 in
823 1714 954 1812 angulo
986 1716 1090 1811 juxta
1122 1713 1302 1808 capellam
1332 1715 1492 1810 ligneam
1528 1717 1622 1786 inter

289 1837 461 1909 eamdem
481 1841 517 1908 et
534 1838 646 1912 altare
671 1839 874 1936 predictum
896 1837 1072 1936 novum'n
1093 1840 1204 1911 latere
1224 1839 1319 1911 dicte
1338 1840 1477 1937 capelle
1501 1863 1624 1911 versus

290 1963 490 2036 fenestras:
516 1970 595 2038 erat
619 1963 852 2061 longitudinis
881 1962 1074 2036 duodecim
1108 1963 1310 2060 palmorum
1337 1964 1373 2036 iu
1401 1964 1516 2051 circa3
1548 1989 1625 2037 eru·-

290 2089 415 2160 deutia
438 2093 563 2160 nostra
587 2087 821 2184 longitudinis
840 2079 1046 2184 palmorum
1064 2089 1191 2161 decem
1213 2087 1268 2160 vel
1291 2089 1401 2178 eirca,
1421 2089 1621 2162 latitudinis

251 2201 255 2207 ⁵
289 2212 497 2308 palmorum
524 2219 678 2310 septem,
704 2214 819 2310 posita
838 2215 943 2311 juxta
959 2211 1138 2309 'angulum
1157 2235 1271 2308 prope
1289 2221 1432 2308 portam
1452 2213 1624 2287 introitus

292 2337 338 2408 nd
359 2360 523 2409 cameras
540 2341 649 2434 Papa,
667 2338 762 2411 inter
780 2339 946 2411 eamdem
962 2342 1107 2436 partam
1127 2343 1161 2408 ct
1178 2345 1342 2410 nostrum
1364 2337 1490 2410 altare.
1512 2340 1624 2412 Sedes

294 2465 390 2557 Papa
411 2463 483 2535 alta
501 2469 579 2536 erat
597 2487 618 2535 a
638 2465 755 2559 capite
775 2464 911 2552 altaris,
933 2468 1030 2558 Papa
1048 2487 1070 2536 a
1086 2486 1198 2535 cornu
1224 2463 1400 2557 evangelii
1425 2463 1562 2534 distans
1579 2467 1623 2534 ab

290 2586 422 2658 eodem
452 2587 557 2659 altari
588 2589 633 2659 ad
660 2613 768 2660 uuam
795 2612 947 2662 cannam
972 2588 1211 2686 perlongum
1239 2593 1274 2658 et
1304 2588 1432 2658 latum.
1456 2591 1625 2660 Paratum

290 2711 403 2782 oliam
421 2711 487 2783 luit
505 2711 742 2786 faldistorium
758 2737 825 2809 pro
846 2719 956 2810 Papa,
978 2713 1145 2785 videlicet
1164 2714 1268 2784 sedes
1290 2736 1360 2784 una
1379 2712 1571 2784 cameralis
1591 2721 1625 2786 et

291 2858 354 2906 sex
372 2835 442 2908 alie
465 2860 531 2932 pro
550 2845 674 2910 nostra
691 2839 979 2912 intronizatione.
1003 2843 1100 2934 Papa
1120 2837 1212 2910 sedit
1228 2837 1264 2908 in
1280 2861 1344 2909 sua
1363 2839 1449 2908 sede
1469 2838 1540 2908 sive
1559 2836 1626 2910 lul-

291 2957 446 3031 distorio
465 2984 543 3050 suo,
563 2965 744 3056 tempore,
758 2986 871 3058 usque
886 2964 930 3034 ad
946 2963 1079 3034 dictam
1096 2963 1319 3036 orationem:
1342 2963 1449 3051 Deris,
1468 2961 1624 3034 omittunt

283 3082 447 3178 fidetium
460 3097 596 3179 postor,
617 3097 704 3172 etc.,·
725 3088 856 3160 deiude
877 3089 1041 3161 ascendit
1060 3089 1104 3161 ad
1126 3089 1250 3161 sedem
1270 3089 1504 3160 eminentem.
1527 3091 1623 3182 Papa

287 3211 435 3302 paratus
452 3208 514 3280 luit
527 3209 793 3295 sandaliissuis,
810 3213 918 3307 pallio
933 3213 1177 3309 respondente
1193 3217 1228 3284 et
1245 3213 1322 3283 aliis
1335 3212 1503 3283 omnibus
1520 3235 1622 3306 para-

287 3329 421 3402 mentis
449 3333 737 3427 pontificalibus:
766 3335 898 3431 incepit
922 3336 1083 3408 oldoinm
1105 3336 1285 3423 absolute3
1313 3337 1474 3407 sedimus
1498 3359 1621 3406 eoram

289 3459 386 3551 Papa
403 3457 473 3530 hoo
493 3458 639 3531 ordine:
661 3460 876 3532 dinanensis
900 3485 919 3534 a
942 3461 1090 3548 dextris,
1119 3461 1290 3532 Lunensis
1314 3484 1334 3531 a
1359 3459 1525 3546 sinistris,
1551 3482 1619 3552 egro

288 3579 336 3651 ad
353 3580 536 3653 dexteram
558 3582 774 3654 Albauensis
794 3585 892 3656 etad
912 3584 1089 3656 sinistram
1108 3584 1297 3656 llilitensis
1318 3587 1349 3655 et
1375 3583 1420 3653 ad
1437 3581 1621 3652 sinistram

289 3705 476 3794 Lucensis,
498 3707 687 3778 Naulensis
703 3709 748 3779 ad
768 3708 860 3780 illins
875 3709 1137 3782 Urbinateusis.
1156 3709 1293 3780 Eodem
1310 3707 1436 3778 orrline
1454 3705 1621 3776 stetirnus

291 3829 328 3899 iu
348 3829 539 3918 altaribus;
561 3833 623 3903 sed
643 3831 688 3903 ud
706 3831 867 3904 litaniam
889 3833 1060 3929 prostrati
1083 3833 1216 3904 luimus
1238 3854 1302 3927 per
1325 3829 1505 3917 ordinem,
1522 3827 1624 3923 juxta

292 3957 443 4049 Papam,
463 3954 630 4029 videlicet
653 3957 867 4030 albanensis
891 3959 935 4029 ad
957 3957 1049 4030 illius
1069 3957 1265 4046 sinistram,
1291 3954 1463 4027 Lucensis
1483 3961 1622 4050 postea,

291 4101 373 4174 ego,
386 4085 463 4150 turn
478 4081 678 4168 Nauleusis,
694 4083 826 4154 aleinde
845 4083 1033 4160 lliliteusis
1052 4090 1086 4156 et
1108 4081 1369 4170 UrbiuatensiS,
1389 4089 1424 4152 et
1441 4079 1492 4153 ita
1509 4079 1625 4152 credi-

290 4226 386 4294 mus,
407 4207 679 4278 convenieutius
707 4208 833 4280 luisset
866 4216 959 4280 stare
986 4209 1020 4279 in
1052 4208 1164 4282 altari.
1188 4211 1270 4279 Post
1302 4231 1472 4294 exornari,
1503 4205 1623 4277 socius

290 4351 393 4400 meus
410 4331 587 4404 ordinavit
605 4333 701 4427 quod
718 4333 788 4434 drio
805 4333 1008 4406 cardinales
1025 4333 1276 4404 oscularentur
1291 4331 1402 4427 pedes
1420 4335 1452 4401 et
1472 4352 1618 4400 rnaruun

291 4459 327 4524 et
346 4476 385 4524 os
405 4457 517 4549 Papa,
536 4463 570 4526 et
587 4479 652 4528 nos
670 4463 823 4551 qurduor
841 4458 950 4554 [reales
970 4462 1122 4544 tantum,
1145 4457 1238 4551 quod
1258 4456 1431 4527 lecimus:
1454 4455 1514 4522 sed
1533 4453 1621 4521 milri

291 4601 364 4648 non
381 4578 569 4652 virleliatur
587 4582 778 4656 conuenire
800 4585 876 4673 sed,
900 4583 1147 4656 osculantibus
1166 4605 1294 4652 manus
1317 4579 1496 4663 omnibus,
1519 4575 1623 4646 reolus

293 4704 556 4777 contravenire.
578 4709 676 4802 Papa
702 4708 846 4782 tradidit
873 4709 994 4780 outnia
1015 4707 1224 4778 necessaria
1250 4711 1285 4776 et
1310 4703 1410 4774 unxit
1429 4700 1547 4794 capitu
1571 4699 1625 4772 vel

294 4849 422 4899 uranus
448 4837 485 4902 ut
512 4829 711 4927 imponeret
732 4834 857 4906 mitras
879 4835 934 4906 vel
962 4833 1192 4903 clrirotlreeas
1222 4852 1311 4924 narras
1338 4827 1414 4897 sine
1442 4824 1625 4896 intermis-

293 4953 395 5025 sione
428 4955 547 5028 daltat.
579 4960 759 5054 Surgebat
787 4967 821 5032 et
849 4959 886 5030 in
913 4958 992 5054 ejus
1027 4957 1149 5029 lucum
1176 4951 1440 5050 genrdleetebat
1471 4973 1626 5045 sequeus

294 5077 458 5152 similiter
487 5081 531 5152 ad
551 5082 790 5156 ollertorium.
818 5085 920 5156 ltieta
944 5083 1126 5155 oratioue:
1154 5079 1321 5166 Dandae,
1347 5077 1504 5148 (trienium
1530 5075 1621 5172 fide-

293 5202 394 5287 lium,
415 5207 509 5301 Papa
526 5208 686 5282 ascendit
706 5209 749 5281 ad
770 5209 893 5281 satan
914 5209 1147 5294 eminentem,
1167 5203 1379 5276 ¹tllraueusis
1398 5201 1494 5273 dedit
1512 5200 1623 5272 berre-
