3502 6036
326 536 377 592 1¹4
782 536 958 594 ΙΙΟΗΑΝΝΙΞ
984 535 1206 602 BURCHARDI,
1456 537 1572 600 [Ferrier
1590 539 1669 598 15⁰1]

327 687 530 762 officiorum
548 690 811 787 cujuscumque
830 689 1008 785 qualitatis
1024 687 1304 786 provinciarum,
1323 687 1506 762 civitatum
1528 697 1565 763 et
1585 693 1665 762 ter-

324 835 448 885 rarum
470 817 633 886 Romane
651 813 819 901 ecclesie,
844 836 987 888 necnon
1012 812 1107 887 alme
1127 811 1232 886 Urbis
1256 816 1292 884 at
1314 814 1476 884 Romane
1498 813 1601 886 curie
1623 835 1666 884 ac

324 937 617 1034 patriarchalium
634 937 1012 1036 metropolitanarum,
1030 936 1295 1012 cathedralium
1316 942 1352 1010 et
1370 936 1524 1010 aliarum
1540 937 1666 1010 eccle-

324 1062 476 1155 siarum,
490 1063 810 1155 monasteriorum,
828 1063 1064 1161 prioratuum,
1078 1060 1404 1160 prepositurarum,
1423 1045 1663 1158 dignitatum,

322 1212 575 1285 personarum,
591 1189 959 1278 administrationum,
980 1187 1197 1276 officiorum,
1220 1185 1667 1283 cantantiumetpreben·

322 1313 465 1404 darum,
483 1313 817 1388 ecclesiasticorum
837 1312 1055 1386 secularium
1073 1318 1108 1386 et
1127 1312 1237 1385 etiam
1257 1335 1286 1384 s.
1305 1311 1509 1401 Benedicti,
1531 1336 1562 1384 s.
1587 1314 1666 1384 Au-

321 1438 467 1534 gustini,
486 1438 748 1528 cislerciensis,
767 1437 1027 1525 Cluniaeensis,
1055 1435 1331 1525 Garthusiensis,
1355 1435 1662 1526 Camaldulensis,

321 1565 458 1636 Montis
477 1564 618 1654 Oliveti,
638 1564 932 1654 Humiliatorum,
952 1563 1312 1651 PremonstralensiS,
1333 1561 1446 1637 Vadis
1462 1562 1662 1652 Umbrose,

319 1689 600 1780 Crucilerorum,
621 1689 888 1764 monachorum
899 1688 1161 1762 heremitarum
1179 1713 1208 1761 s,
1225 1687 1438 1786 Hieronymi
1453 1687 1664 1762 etaliorum

318 1814 525 1908 quorumvis
536 1815 805 1904 ordinum,tam
815 1814 972 1888 virorum
984 1838 1093 1910 quam
1104 1812 1310 1902 mulierum,
1325 1813 1434 1887 etiam
1448 1811 1665 1886 mendican-

318 1939 408 2012 tium
419 1963 464 2014 ax
476 1939 662 2040 privilegio
673 1940 729 2016 vel
745 1939 833 2014 alias
844 1947 962 2014 certos
974 1939 1110 2012 reditus
1121 1939 1347 2028 habentium,
1362 1937 1663 2034 regulariumque

315 2064 538 2156 militiarum,
559 2065 697 2140 scilicet
712 2090 741 2140 s.
754 2065 937 2140 Jacobide
956 2063 1103 2162 Spatha,
1117 2065 1161 2138 de
1173 2063 1370 2154 Caletrava,
1389 2063 1434 2136 de
1445 2062 1659 2154 Aleantara,

315 2188 1661 2281 deMontesia,lesuChristi,deAvis,B.MarieTeutonicorumetaliarum

313 2337 624 2411 quarumcumque
646 2314 756 2388 etiam
777 2337 929 2410 quarum
956 2313 1095 2386 reditus
1115 2314 1161 2386 ad
1181 2313 1467 2412 hospitalitatem
1487 2311 1658 2410 deputati

311 2437 432 2513 lorent
451 2464 517 2537 per
539 2440 746 2513 universum
766 2435 892 2514 orbem
906 2437 1184 2512 consistentium
1203 2437 1424 2526 officiorum,
1445 2437 1621 2511 videlicet
1638 2461 1659 2510 a

309 2560 452 2658 legatis,
468 2562 783 2660 gubernatoribus,
803 2561 1017 2650 rectoribus,
1033 2561 1245 2658 capitaneis,
1260 2561 1502 2660 potestatibus
1521 2565 1560 2634 et
1576 2560 1659 2634 aliis

310 2689 808 2786 quibuscunqueolsrcialibus
821 2687 968 2778 nostris,
983 2687 1234 2786 dictorumque
1251 2692 1414 2762 Romane
1426 2688 1572 2762 curieet
1585 2691 1656 2762 Ur-

309 2813 364 2886 bis
379 2814 654 2887 redituumvero
666 2818 703 2886 et
711 2818 951 2910 proventuum
962 2812 1345 2888 ecclesiasticorumab
1354 2813 1567 2888 omuibuset
1580 2812 1655 2886 sin-

309 2937 403 3034 gulis
413 2938 708 3036 archiepiscopis,
724 2938 862 3028 electis,
878 2937 1068 3014 abbatibus
1079 2943 1116 3012 et
1127 2937 1331 3030 abbatissis,
1345 2937 1537 3036 prioribus,
1552 2939 1653 3036 prio-

309 3062 423 3150 rissis,
456 3062 665 3160 prepositiS,
697 3062 1063 3168 administratoribus,
1095 3063 1428 3154 commendatoriis,
1460 3063 1647 3160 capitulis,
1749 3115 1750 3121 η

308 3186 557 3276 conventibus,
571 3187 970 3284 guardianis,capitulis
982 3187 1184 3284 ceterisque
1195 3187 1645 3286 personisecclesiasticis,

306 3310 526 3384 secularibus
554 3315 591 3384 et
620 3311 857 3409 regularibus,
889 3312 1055 3385 ordinum
1081 3317 1118 3386 et
1143 3313 1356 3387 militiarum
1378 3313 1644 3410 predictarum,
1747 3311 1748 3323 ’

306 3435 603 3534 etiamsexemptis
614 3444 650 3512 et
661 3438 933 3534 nonexemptis,
944 3438 1189 3534 acmagistris,
1205 3439 1400 3536 prioribus,
1414 3438 1642 3528 castellanis,

304 3563 481 3662 bajulivis,
508 3562 785 3660 preceptoribus
811 3563 1036 3654 militiarum,
1063 3563 1304 3660 prioratuum,
1327 3562 1640 3654 castellaniarum,

304 3686 521 3786 bajuliarum
546 3711 589 3762 ac
613 3687 924 3785 preceptoriarum
947 3692 984 3760 et
1003 3688 1228 3780 militiarum,
1250 3689 1461 3788 hujusmodi
1479 3689 1637 3778 tructus,
1743 3725 1744 3731 ¹

304 3813 446 3886 reditus
476 3818 512 3884 et
545 3817 746 3909 proventus
776 3813 1055 3902 ecclesiasticos,
1094 3814 1257 3906 ubilibet,
1287 3815 1323 3888 in
1351 3815 1517 3890 universo
1546 3815 1639 3888 orbe
1741 3821 1743 3908 j

302 3936 587 4033 percipientibus
612 3941 648 4010 et
669 3938 895 4036 percepturis
918 3939 1180 4036 cujuscumque
1205 3940 1485 4036 preeminentie,
1515 3939 1639 4037 digni·

302 4060 396 4150 tatia,
418 4065 544 4150 status,
568 4063 714 4158 graduS,
737 4063 878 4138 ordinis
896 4063 951 4138 vel
975 4063 1190 4138 conditionis
1216 4066 1416 4138 existerent
1436 4088 1502 4162 per
1525 4089 1638 4160 quas-

303 4185 386 4258 dam
409 4186 529 4282 primo
560 4185 692 4259 deinde
720 4187 829 4260 etiam
850 4188 895 4262 ab
919 4188 1094 4262 universis
1117 4193 1154 4262 et
1177 4189 1327 4287 singulis
1341 4189 1479 4276 Judeis,
1502 4189 1541 4262 in
1560 4189 1638 4262 uni·
1737 4273 1738 4276 Ἴ

300 4331 407 4384 verso
433 4310 714 4384 christianorum
740 4313 827 4384 orbe
853 4312 1001 4388 ubilibet
1028 4314 1233 4387 constitutis
1257 4313 1469 4412 vigesimam
1491 4321 1635 4410 partem

301 4434 464 4509 omnium
482 4436 660 4509 bonorum
682 4461 845 4529 suorum,
876 4438 1060 4512 lructuum
1081 4463 1238 4536 quoque,
1260 4441 1456 4529 redituum,
1478 4464 1635 4538 proven-

299 4565 402 4634 tuum
421 4583 749 4657 quorumeumque,
770 4563 1038 4660 undecumque,
1058 4565 1414 4662 quomodocumque,
1437 4565 1547 4640 etiam
1566 4590 1634 4662 per

297 4685 499 4759 usurariam
517 4686 730 4783 pravitatem
749 4689 796 4762 ad
813 4690 1028 4762 eorumdem
1045 4689 1246 4764 ludaorum
1262 4715 1391 4764 manus
1409 4691 1632 4789 provenien-

296 4794 407 4900 tium;
430 4818 465 4884 et
488 4810 518 4882 si
536 4810 717 4906 predictos
734 4812 870 4888 ludens
888 4813 1054 4886 lraudem
1077 4815 1115 4888 in
1135 4815 1322 4912 premissis
1345 4815 1525 4890 committi
1542 4838 1632 4890 con·

293 4935 465 5032 tingeret,
488 4941 562 5024 aut,
584 4935 685 5034 lapso
709 4939 865 5012 termino
883 4943 1035 5030 statuto,
1055 4940 1265 5036 vigesimam
1284 4941 1498 5040 hujusmodi
1524 4941 1629 5020 exhi÷

291 5061 376 5133 bere
400 5060 642 5156 neglexerint,
662 5066 749 5136 tunc
767 5067 804 5137 et
820 5087 862 5137 co
885 5088 985 5154 casu,
1006 5065 1115 5138 etiam
1132 5065 1312 5140 decimam
1335 5067 1519 5164 integram
1544 5090 1625 5140 om-

215 5231 217 5240 ·
288 5183 391 5256 nium
415 5183 594 5258 bonorum
624 5209 770 5261 suorum
796 5189 1044 5285 predictorum
1067 5189 1145 5266 sine
1168 5191 1290 5290 aliqua
1312 5191 1529 5266 remissione
1559 5215 1625 5288 per
