3506 6034
101 555 260 621 [Septembre
275 555 344 615 15⁰3]
425 553 551 611 RERUM
576 553 803 612 URBANARUM
827 553 1087 612 connanrnnu.
1354 555 1423 612 '255

101 720 134 788 el
153 714 195 786 de
216 709 452 784 conducendo
476 715 662 784 tormenta
685 709 730 808 (l)
755 713 790 782 et
817 711 951 783 salmas
980 717 1016 784 et
1041 699 1330 784 administrando
1352 709 1418 782 sibi

101 836 228 910 cibaria
242 859 311 931 pro
327 833 490 932 pecuniis
508 835 582 907 suis
600 839 636 908 et
654 835 752 931 quod
765 836 962 932 collegium
977 835 1113 909 scribet
1130 836 1279 908 domino
1298 839 1418 911 Vene-

101 969 210 1036 torum
227 959 324 1057 quod
342 985 416 1034 non
441 960 562 1034 turbet
588 985 672 1034 eum
695 961 749 1034 vel
773 961 948 1058 impediat
970 960 1138 1035 interris
1161 961 1234 1033 suis
1259 965 1417 1034 Roman-

98 1087 183 1161 dolie
201 1087 298 1174 sitis;
318 1087 395 1160 vice
414 1111 520 1160 versa
539 1087 709 1183 promisit
727 1087 845 1160 dietus
864 1088 936 1159 dux
952 1111 1024 1161 non
1042 1086 1164 1160 ledere
1181 1091 1364 1159 Romanos
1382 1087 1419 1158 in

99 1212 191 1284 bonis
207 1235 275 1284 nec
291 1213 459 1308 personis
477 1217 540 1286 aut
556 1212 784 1300 animalibus,
800 1237 865 1310 per
883 1237 921 1284 se
938 1212 994 1285 vel
1010 1235 1108 1300 suos,
1126 1235 1194 1286 nec
1209 1211 1419 1285 Tiburtinos

98 1339 143 1410 rel
165 1361 413 1434 quoscumque
433 1337 522 1410 alios
551 1339 596 1410 de
614 1337 774 1410 dominio
802 1331 977 1428 Ecclesie,
1005 1343 1042 1412 et
1058 1337 1235 1412 recedere
1259 1335 1304 1410 ab
1323 1337 1418 1409 Urbe

98 1463 178 1536 intra
194 1463 358 1536 triduum
377 1469 413 1536 et
431 1467 588 1559 Prosper
604 1464 779 1538 Columna
793 1487 860 1560 per
875 1467 988 1537 lotam
1006 1463 1103 1536 diem
1121 1463 1317 1536 crastinam
1335 1485 1417 1534 cum

96 1587 254 1662 omnibus
277 1588 446 1685 gentibus
470 1589 545 1661 suis
573 1595 609 1662 et
637 1592 679 1661 D.
711 1594 837 1677 Lucos,
871 1595 996 1662 orator
1018 1589 1114 1684 regis
1142 1587 1413 1685 Hispaniarum.

98 1717 162 1784 tam
184 1735 247 1784 suo
275 1735 387 1807 quam
413 1735 542 1810 regum
568 1737 719 1786 suorum
742 1713 949 1786 nominibus
979 1721 1015 1787 et
1036 1717 1210 1810 tanquam
1236 1719 1414 1803 oratores,

97 1835 335 1931 promiserunt
353 1836 450 1931 quod
476 1836 547 1909 dux
573 1844 609 1910 et
626 1842 753 1933 gentes
779 1861 842 1909 sue
868 1843 903 1911 et
920 1839 1068 1935 Hispani
1091 1844 1127 1910 et
1157 1837 1417 1910 Golumneuses

96 1983 161 2032 nou
177 1959 323 2033 venient
341 1983 410 2035 neo
435 1960 604 2034 redibunt
621 1961 666 2033 ad
686 1960 822 2034 Urbem
842 1967 877 2034 et
903 1985 1017 2058 prope
1045 1985 1126 2035 eam
1154 1963 1199 2035 ad
1217 1963 1345 2035 decem
1362 1961 1418 2034 vol

97 2091 171 2160 octo
188 2086 375 2175 milliaria,
405 2091 441 2159 et
461 2090 503 2159 o.
530 2085 724 2173 Rubenius,
744 2085 936 2183 episcopus
960 2089 1199 2177 Redonensis‚
1218 2087 1418 2161 Lndovieus

97 2211 134 2284 de
151 2211 244 2288 Villa
260 2216 374 2304 Nove,
393 2211 479 2286 hero
495 2213 540 2284 de
559 2213 673 2284 Trans
695 2217 730 2285 et
749 2212 927 2310 Rogierus
943 2211 987 2286 de
1007 2213 1288 2301 Grandamonte,
1310 2211 1419 2286 eiam-

98 2336 220 2412 bellaui
258 2343 296 2411 et
322 2342 491 2411 oratores
517 2337 614 2434 regis
646 2337 796 2410 Francia
828 2346 863 2412 et
890 2341 932 2412 D.
967 2337 1144 2412 Antonius
1170 2337 1415 2427 dominianus,

98 2467 212 2535 orator
229 2463 383 2537 dominii
406 2469 642 2554 Venetorum,
667 2463 917 2560 promiserunt.
932 2464 1029 2560 quod
1058 2464 1239 2538 exereitus
1264 2467 1420 2538 Franco-

99 2610 171 2660 rum
188 2591 225 2662 et
238 2589 458 2662 Ursinorum
474 2595 509 2662 et
527 2588 594 2686 ipsi
614 2589 735 2663 Ursini
759 2589 813 2664 vel
829 2594 957 2686 gentes
976 2612 1106 2662 eorum
1121 2613 1194 2662 non
1208 2589 1353 2663 venient
1367 2589 1420 2663 vel

98 2711 276 2788 intrabunt
290 2715 429 2788 Urbem
449 2719 485 2787 et
501 2737 614 2812 prope
631 2739 713 2788 eum
730 2716 775 2788 ad
791 2717 920 2788 decem
935 2714 1085 2789 relecto
1102 2715 1280 2804 milliaria,
1300 2723 1334 2787 et
1350 2715 1419 2787 hec

98 2838 284 2933 promissio
303 2839 412 2914 debet
430 2841 577 2931 durare,
598 2841 683 2914 sede
702 2841 902 2938 apostolica
917 2849 1066 2915 vacante
1085 2840 1132 2940 (ἲ)

141 2965 272 3039 Eadem
298 2965 372 3056 die,
401 2965 474 3038 dux
500 2967 667 3063 promisit
696 2971 732 3040 et
757 2966 890 3066 Juruvit
917 2969 1041 3040 omnia
1067 2967 1232 3064 predicta
1261 2989 1416 3056 servare,

97 3097 262 3183 quantum
278 3089 402 3188 ipsum
413 3091 469 3164 vel
485 3098 611 3190 gentes
628 3116 712 3165 suas
731 3094 934 3166 concernit.
955 3093 1046 3166 item
1066 3093 1319 3168 ordinaverunt
1337 3115 1417 3165 car·
1527 3128 1530 3134 ·

97 3212 226 3290 diuales
242 3215 367 3290 adhuc
382 3216 480 3290 mille
496 3215 637 3312 pedites
654 3199 729 3314 pro
744 3219 909 3293 custodia
929 3217 1111 3292 conclavis
1130 3239 1287 3315 quorum
1312 3215 1418 3313 quin-

97 3339 184 3433 genti
200 3341 338 3416 debent
355 3365 436 3415 esse
456 3343 522 3416 sub
538 3347 581 3416 D.
596 3343 748 3416 Lucade
761 3343 940 3434 Rinoldis‚
954 3351 1097 3418 oratore
1118 3343 1366 3450 Imperatoris,
1382 3349 1417 3415 et

97 3461 151 3535 alii
167 3465 358 3564 quingenti
379 3469 445 3541 sub
464 3467 663 3566 capitaneis
674 3493 740 3567 per
751 3471 949 3542 RRmos.ll
953 3467 1202 3564 ontisRegalis
1215 3467 1415 3542 etsSeve-

97 3586 158 3660 rini
183 3591 391 3666 cardinales
410 3595 626 3692 deputandis
647 3601 683 3670 et
707 3595 916 3693 collegium.
934 3597 977 3668 Et
995 3593 1147 3668 Romani
1171 3593 1414 3690 promiserunt

97 3713 332 3791 cardinalibus
342 3717 511 3816 Hispanis
523 3721 619 3817 quod
631 3743 760 3795 secure
771 3723 921 3818 possent
936 3719 1071 3793 intrare
1082 3717 1253 3793 conclave
1269 3721 1305 3791 et
1315 3715 1411 3814 quod

96 3859 159 3910 non
173 3839 385 3918 lederentur
401 3844 439 3918 in
456 3845 633 3942 personis,
653 3847 762 3928 rebus
778 3845 834 3921 vel
850 3845 967 3919 bonis.
983 3849 1116 3919 Parum
1133 3851 1328 3941 antequam
1346 3841 1415 3916 hcc

96 3959 224 4058 tierent,
243 3973 413 4045 oratores
431 3971 584 4069 predicti
599 3971 697 4068 regis
719 3975 942 4045 Francorum
959 3969 1020 4067 qui
1035 3969 1113 4044 heri
1132 3969 1178 4044 ad
1197 3969 1332 4044 Urbem
1352 3991 1413 4043 ve-

95 4097 211 4166 nerant
225 4117 292 4190 per
315 4103 438 4194 postas
462 4097 736 4172 tabellariorum
758 4097 905 4172 nomine
930 4095 1027 4193 regis
1050 4095 1118 4187 sui,
1141 4095 1324 4194 petierunt
1345 4091 1411 4166 sibi

95 4213 288 4314 consignari
309 4223 471 4295 castrum
485 4222 732 4314 viterbiense
753 4221 850 4319 quod
869 4221 921 4295 eis
938 4219 1128 4319 acollegio
1139 4228 1312 4318 negatum
1332 4219 1409 4294 luit.

126 4435 147 4491 1.
166 4457 213 4494 ιι...
229 4445 258 4498 et
271 4441 306 4500 de
321 4443 499 4502 conducendo
514 4443 668 4503 ertillisrius
682 4467 707 4515 o,
720 4461 788 4502 mss.
806 4445 869 4504 156.

124 4526 147 4580 ⁶2.
169 4525 236 4603 Voy.
257 4531 434 4603 Giustinion1‚
450 4541 470 4592 t.
485 4535 519 4605 ΙΙ,
534 4553 563 4610 p.
580 4537 632 4592 too
649 4539 676 4592 et
694 4535 782 4605 suiv.;
805 4542 872 4608 etp.
890 4536 952 4606 462,
968 4534 1007 4591 les
1030 4556 1044 4586 o
1064 4531 1201 4605 chapitres
1213 4527 1325 4587 aconas
1340 4534 1414 4584 elstra

94 4617 270 4676 tresreeerend
282 4625 350 4693 pere
364 4640 396 4679 en
418 4626 494 4693 Dico,
510 4628 701 4696 monseipneur
715 4627 739 4682 le
752 4625 880 4682 cardinal
896 4627 929 4682 dc
944 4623 1162 4688 Scine-Seuere,
1176 4623 1214 4678 tes
1228 4619 1367 4688 selpncurs
1382 4617 1415 4674 dc

97 4701 183 4772 llam·
200 4709 233 4766 de
252 4713 549 4788 &commoneamque
570 4716 603 4771 dc
620 4717 716 4783 lterws,
738 4715 889 4772 chancolia·
907 4721 932 4771 et
946 4715 1056 4785 ponens
1078 4713 1111 4768 de
1126 4711 1227 4782 neptes
1249 4723 1323 4780 pour
1336 4711 1362 4763 et
1379 4721 1414 4762 en

95 4806 149 4846 orm
161 4795 197 4852 du
209 4800 267 4871 Roy
279 4802 314 4857 de
328 4805 431 4860 manee
446 4804 631 4873 mesomedes,
647 4803 728 4862 d'une
740 4811 820 4876 paru
835 4809 860 4860 et
873 4805 949 4860 bault
964 4809 989 4859 ot
1000 4804 1131 4875 petissent
1145 4803 1284 4872 sciamur,
1295 4796 1413 4852 monssi-

94 4887 208 4948 tbevrle
226 4889 325 4947 duecte
349 4893 517 4950 Valentinois
533 4901 558 4950 ct
574 4894 606 4950 de
628 4896 787 4964 Romoipne,
803 4893 941 4950 caeratio·
955 4893 988 4949 de
1012 4891 1112 4948 l'ordre
1128 4890 1165 4946 du
1186 4891 1254 4959 ltop,
1270 4891 1347 4943 notre
1371 4883 1412 4940 dit

94 4973 218 5041 erinnem,
235 4979 363 5039 d’cultre.
382 5005 396 5036 u
413 4984 467 5040 Par
481 5001 527 5040 ees
540 5005 556 5036 u
568 4982 706 5057 chapitres
716 5005 742 5052 u,
758 4981 840 5040 Leuis
851 4983 903 5038 Xll
913 4980 1021 5057 prenait
1035 4997 1100 5038 sous
1116 4973 1306 5054 saprotection
1320 4971 1345 5030 le
1360 4973 1413 5028 due

94 5061 118 5111 et
131 5076 160 5116 so
173 5061 277 5135 rumille,
300 5076 326 5128 et
347 5071 431 5131 Cesar
450 5072 622 5149 s’engegeuit
636 5072 670 5130 de
685 5069 771 5130 sanir
784 5070 810 5129 le
824 5071 864 5130 roi
883 5072 917 5128 de
931 5072 1034 5129 Franco
1048 5092 1063 5124 a
1078 5085 1176 5127 envers
1191 5075 1252 5125 tous
1273 5071 1300 5122 et
1321 5068 1414 5122 contre

95 5148 159 5242 ltus.
175 5170 237 5213 sans
251 5157 299 5216 nul
313 5169 450 5237 exceptas,
464 5163 488 5220 si
502 5181 558 5220 non
578 5163 604 5220 le
618 5180 688 5238 pape
703 5169 731 5220 et
753 5161 779 5220 le
798 5160 971 5236 sunt-siege
986 5159 1168 5237 apostolique.
1184 5181 1200 5211 ι)
1216 5157 1252 5216 Ge
1273 5153 1353 5214 traice
1367 5153 1409 5210 lul

94 5242 167 5308 ⁵¹an
179 5240 203 5299 le
217 5245 256 5302 1⁰⁸
272 5251 427 5324 septembre
439 5251 520 5314 1503.
