3520 6036
305 536 358 590 308
760 527 932 584 JOHANNlS
957 528 1180 598 BURCHAHDI,
1390 533 1551 595 {Novembris
1569 541 1622 590 isat

360 719 376 754 a
399 687 589 760 lotimetur
608 685 706 780 quod
729 687 791 758 SS.
818 689 866 758 ll.
896 689 1034 774 noster,
1059 687 1244 762 dominica
1270 692 1441 783 crastina,
1469 716 1541 788 que
1568 695 1634 766 erit

309 819 353 886 26
382 811 562 910 presentis
589 809 737 896 mensis,
767 808 1008 882 associabitur
1029 810 1065 882 in
1088 813 1213 909 cappis
1235 837 1256 886 a
1278 839 1425 892 camera
1453 817 1633 913 Papagalli
1740 861 1741 864 =

308 963 422 1035 usque
440 936 486 1010 ἃᾶ
502 935 679 1032 capellam
698 959 727 1005 s.
745 934 888 1006 Andree
907 939 943 1006 et
961 936 1130 1030 Gregorii
1150 937 1224 1024 ubi,
1248 939 1345 1012 sacta
1364 942 1559 1015 Sanctitati
1577 965 1635 1014 sue

308 1063 527 1144 reverentia,
548 1060 774 1156 recipientur
789 1063 1006 1154 paramenta
1022 1058 1059 1132 in
1077 1061 1207 1156 quibus
1229 1064 1559 1160 processionaliter
1578 1065 1637 1139 ibit
1740 1055 1741 1128 l

309 1187 355 1261 ad
369 1187 485 1260 altare
497 1185 614 1281 majus
625 1183 773 1256 basilice
790 1207 819 1253 s.
836 1182 932 1254 Petri
946 1184 980 1254 in
993 1185 1064 1279 q'uo
1077 1186 1258 1260 Sanctitas
1268 1213 1333 1262 sua
1346 1190 1550 1296 celebrabit
1560 1190 1638 1262 mis-

310 1337 411 1387 sam:
441 1334 512 1407 qua
534 1308 648 1399 finita,
677 1307 706 1379 si
731 1311 872 1403 tempus
895 1308 966 1380 crit
988 1309 1203 1404 pluviosam,
1222 1312 1265 1384 in
1282 1314 1388 1404 solio,
1407 1314 1436 1386 si
1453 1338 1635 1404 serenum,

311 1461 424 1535 supra
439 1437 561 1510 locum
578 1433 764 1530 publicum
784 1431 928 1529 publice
949 1431 1214 1508 benedictionis
1230 1439 1471 1512 coronabitur
1488 1443 1526 1511 et
1546 1439 1638 1511 dabit

317 1560 581 1658 indulgentiam
599 1557 819 1632 delictorum
840 1557 1041 1630 solemnem
1063 1565 1099 1632 et
1120 1559 1302 1656 plenarias
1321 1563 1616 1660 indulgentias.»

362 1685 427 1760 Dic
450 1682 651 1772 dominica,
673 1686 717 1756 ΞΘ
737 1679 954 1772 novembris
981 1683 1044 1756 suit
1068 1683 1145 1756 dies
1167 1709 1309 1760 serena.
1344 1690 1408 1761 SS.
1437 1691 1480 1760 D.
1507 1693 1637 1774 noster,

313 1817 476 1910 portatus
496 1810 531 1882 in
550 1831 698 1881 camera
715 1807 912 1904 Papagalli,
932 1830 1035 1880 more
1049 1809 1169 1900 solito,
1192 1811 1337 1907 pluviali
1354 1813 1469 1886 rubeo
1490 1819 1528 1885 et
1543 1812 1640 1884 mitra

313 1937 491 2035 precioso,
511 1932 846 2030 processionaliter,
868 1957 941 2006 non
961 1932 1133 2030 imposito
1155 1935 1320 2027 incenso,
1344 1938 1381 2010 in
1407 1939 1496 2010 sede
1520 1937 1640 2010 sedens

314 2063 382 2134 sub
400 2059 630 2146 baldachino,
651 2056 839 2130 descendit
855 2058 902 2130 ad
920 2057 1109 2132 basilicam
1129 2086 1157 2133 s.
1181 2061 1295 2134 Petri:
1320 2061 1386 2136 sub
1407 2063 1504 2136 ostio
1523 2061 1639 2159 palatii

315 2185 456 2283 recepit
482 2183 690 2270 canonicos
722 2181 961 2255 beneficiatos
990 2188 1026 2256 et
1049 2183 1204 2259 clericos
1233 2212 1262 2257 s.
1288 2187 1383 2260 Petri
1410 2187 1458 2261 ad
1483 2187 1639 2260 osculum
1740 2225 1741 2258 i

316 2312 419 2410 pedis
435 2338 442 2398 ;
460 2308 576 2384 oravit
595 2300 678 2404 post
698 2306 887 2380 introitum
906 2307 1059 2382 ecclesie
1079 2315 1114 2384 et
1134 2310 1172 2382 in
1193 2311 1333 2408 capella
1353 2337 1382 2384 s.
1407 2311 1590 2410 Gregorii,
1610 2315 1642 2384 et
1740 2369 1741 2372 ,

318 2437 442 2510 omnia
460 2434 652 2508 factasunt
668 2436 707 2505 ut
723 2431 760 2504 in
776 2431 916 2504 cedula.
939 2433 1079 2506 Primus
1097 2459 1229 2531 aquam
1250 2437 1417 2510 manibus
1435 2440 1534 2534 Pape
1550 2434 1639 2509 dedit

320 2567 442 2637 orator
457 2564 633 2646 Venetus,
644 2556 822 2631 secundus
834 2561 876 2630 D.
893 2557 937 2631 dc
951 2561 1075 2648 Trans,
1086 2567 1210 2634 orator
1228 2561 1373 2647 Gallus;
1390 2562 1533 2652 tertios,
1547 2563 1644 2632 Fran·

320 2687 439 2760 ciscus
457 2685 501 2758 de
514 2688 650 2770 llonle,
669 2688 795 2755 orator
811 2680 905 2778 regis
931 2687 1196 2773 Romanorum;
1216 2690 1380 2782 quartus,
1402 2686 1476 2759 dux
1496 2685 1643 2760 Urbina-

320 2811 446 2884 tcnsis.
474 2808 695 2881 Assistentes
720 2807 924 2880 cardinales
942 2807 1200 2904 Neapolitanus
1219 2811 1460 2908 evangelium,
1479 2809 1643 2883 Columna
1740 2815 1741 2820 ’

327 2933 521 3032 epistolam
537 2932 722 3019 dixerunt,
743 2929 927 3004 lohannes
939 2931 983 3004 de
999 2933 1152 3028 Burgus,
1167 2934 1228 3030 qui
1244 2935 1342 3008 solus
1361 2935 1547 3021 interluit;
1568 2954 1643 3028 gre-

322 3082 405 3133 cum
422 3055 648 3152 evangelium
659 3055 929 3152 Argyropolus,
941 3055 1133 3151 epistolam
1149 3059 1356 3131 Demetrius
1372 3058 1433 3154 qui
1450 3059 1558 3132 etiam
1570 3077 1642 3152 por·
1740 3079 1741 3152 p

324 3183 410 3256 tavit
434 3203 581 3254 crucem
606 3183 724 3276 Papc;
754 3179 955 3274 precedens
979 3180 1224 3254 subdiaconus
1249 3183 1472 3278 apostolicus
1500 3179 1643 3255 debebat
1740 3189 1741 3208 ¹

325 3311 470 3405 portare
505 3303 639 3378 librum
669 3303 941 3400 evangeliorum
975 3307 1098 3400 Pape:
1130 3313 1369 3380 occurrerunt
1397 3303 1641 3404 Legioncnsis‚

325 3430 507 3504 Adrianus
524 3433 560 3502 et
575 3427 775 3502 Casanova.
798 3431 896 3524 Papa
913 3432 998 3500 ante
1022 3429 1138 3502 altare
1157 3453 1230 3504 non
1253 3431 1366 3504 orarit
1387 3436 1423 3504 et
1444 3430 1560 3516 bene;
1580 3431 1645 3500 tres
1740 3405 1741 3500 i

327 3555 514 3628 orationes
548 3576 659 3649 super
694 3555 830 3648 Papam
864 3551 1036 3624 dixerunt
1073 3555 1350 3643 RecanatensiS,
1390 3549 1642 3632 Ulixbonensis,

327 3679 599 3776 Neapolitanus
638 3680 681 3750 D.
714 3674 991 3750 Bartholomeus
1025 3675 1093 3748 suit
1125 3678 1291 3752 videlicet
1323 3679 1421 3751 ultra
1451 3675 1645 3751 nominatos

329 3809 498 3902 receptus
517 3803 553 3876 in
572 3801 802 3875 assistentem
818 3826 826 3891 ;
846 3801 918 3875 alia
935 3824 1039 3876 more
1058 3802 1179 3876 solito.
1200 3807 1291 3878 Data
1305 3803 1557 3877 benedictione
1576 3798 1647 3894 post
1740 3817 1741 3844 r

330 3930 494 4018 missam,
515 3926 720 4023 Papavenit
749 3925 795 3998 ad
812 3925 932 3998 locum
956 3925 1099 4022 publice
1118 3929 1384 4002 benedictionis
1409 3928 1468 4000 obi
1492 3927 1644 4024 paratum
1740 3933 1741 4012 3

330 4054 397 4127 luit
409 4052 589 4149 pulpitum
608 4073 718 4147 super
733 4050 829 4146 quod
849 4049 1014 4124 ascendit
1032 4051 1131 4124 solus
1148 4055 1246 4149 Papa
1262 4055 1297 4125 in
1314 4053 1399 4126 sede
1416 4052 1479 4125 illa
1494 4075 1562 4148 qua
1577 4067 1648 4144 por·
1740 4055 1741 4118 ἒ

333 4178 479 4254 labatur
498 4173 581 4250 cu'm
598 4175 849 4272 Neapolitano,
869 4201 897 4248 s.
912 4177 1073 4274 Georgii,
1090 4177 1266 4252 Columna
1282 4184 1317 4252 et
1331 4178 1492 4251 Medicas
1508 4179 1543 4248 et
1557 4168 1646 4244 nobis
1740 4153 1741 4236 i

334 4304 626 4380 ceremoniarum
642 4303 828 4400 magistris
848 4308 883 4375 et
902 4303 1139 4377 servientibus
1158 4309 1193 4377 et
1210 4302 1470 4400 paraircnariis
1487 4297 1606 4398 paucis
1618 4296 1646 4363 et
1740 4313 1741 4338 ³

334 4431 401 4505 luit
420 4435 628 4528 coronatus.
649 4433 741 4502 Data
756 4430 973 4518 reverentia,
993 4437 1029 4502 et
1043 4430 1133 4502 alias
1147 4433 1258 4526 prcot
1277 4429 1314 4500 in
1337 4427 1477 4519 cedula,
1501 4429 1536 4500 ct
1548 4425 1646 4516 impo-

335 4558 405 4631 sita
425 4556 492 4630 sibi
515 4579 652 4630 corona
672 4579 737 4652 per
755 4553 979 4626 cardinalem
1000 4579 1028 4626 s.
1052 4554 1214 4652 Georgii,
1229 4558 1360 4628 'sonata
1376 4553 1468 4627 hora
1492 4546 1646 4648 iigesima
1740 4583 1741 4632 t

336 4683 510 4771 secunda,
532 4680 632 4756 dedit
649 4679 851 4754 solemnem
870 4678 1164 4754 benedictionem
1188 4684 1225 4752 et
1248 4677 1452 4776 plenariam
1473 4673 1645 4768 indulgen·
1740 4729 1741 4734 ,

336 4809 434 4896 liam,
466 4813 502 4880 et
524 4806 591 4880 luit
613 4808 810 4879 coronatus
832 4826 948 4899 regno
975 4799 1131 4901 pulchro'
1158 4826 1240 4878 eum
1264 4828 1336 4900 quo
1359 4802 1470 4876 rediil
1493 4803 1537 4876 ad
1560 4792 1644 4870 Pala·
1740 4857 1741 4870 ,

336 4933 449 5022 tiu1n;
474 4937 510 5005 ct
533 4937 788 5006 remanserunt
809 4951 893 5001 cum
915 4953 958 5001 co
981 4930 1026 5003 ad
1051 4931 1247 5026 prandium
1270 4929 1474 5002 cardinales
1503 4933 1644 5000 ltecana-

337 5057 463 5148 tensis,
482 5083 511 5130 S.
528 5056 672 5153 Georgii
691 5060 726 5129 et
742 5075 811 5152 ego
827 5075 910 5127 cum
933 5055 1084 5127 secretis
1105 5053 1349 5128 cubiculariis.
1373 5053 1528 5126 Prandio
1550 5045 1642 5126 lacto

338 5186 582 5256 convenerunt
599 5185 768 5256 cantores
784 5177 923 5276 capelle
942 5186 977 5254 et
998 5185 1232 5256 cantaverunt
1247 5187 1330 5254 ante
1352 5199 1536 5254 cameram
1550 5176 1642 5263 rape
