3520 6036
109 595 166 679 [nat
181 613 248 677 15⁰5]
442 610 567 667 RERUM
593 609 819 666 URBANARUM
843 610 1105 670 commentatio.
1385 615 1438 670 389

109 767 232 842 dinalis
250 764 469 863 [camerarii]
490 764 663 862 sigillatas
680 765 866 861 processio
884 789 950 862 per
970 766 1083 838 horas
1102 765 1146 836 dc
1164 764 1276 838 verbo
1295 767 1341 838 ad
1356 791 1437 840 ver-

110 895 203 980 bum,
223 895 333 988 prout
358 912 454 962 anno
476 889 651 986 preterito
667 889 727 987 (l),
750 897 786 962 et
809 889 889 962 beri
910 889 1057 963 luerunt
1072 889 1264 963 distribute
1288 890 1340 964 vie
1371 915 1438 988 per

106 1039 238 1090 caunas
254 1013 499 1088 cardinalibus
513 1011 764 1110 persorrerios
784 1013 903 1112 Pape(
929 1012 953 1112 ).

154 1139 336 1226 Mercurii,
357 1144 398 1211 at
430 1137 530 1228 maii,
553 1137 701 1211 luerunt
726 1161 879 1234 vespere
900 1139 1048 1236 papales
1073 1139 1110 1211 in
1128 1139 1271 1235 capella
1292 1139 1434 1237 majori,

112 1269 204 1362 Papa
220 1262 392 1352 absente;
414 1266 539 1335 Rmus.
555 1261 750 1336 cardinalis
766 1287 796 1336 s.
817 1263 915 1337 Petri
931 1264 977 1336 ad
993 1263 1150 1338 Vincula
1162 1263 1245 1336 lecit
1258 1263 1434 1355 officium,

112 1389 188 1486 quia
205 1391 284 1461 erat
309 1386 575 1461 celebraturus.

154 1513 266 1602 lovis,
300 1515 346 1585 22
372 1511 478 1598 maii,
509 1510 642 1584 festum
669 1509 906 1583 sacratissimi
932 1510 1105 1608 Corporis
1122 1510 1273 1601 Christi,
1299 1514 1362 1586 SS.
1389 1517 1432 1586 D.

113 1641 228 1712 noster
249 1635 347 1710 venit
366 1636 412 1708 ad
436 1635 708 1732 processionem
734 1635 834 1707 circa
853 1636 984 1708 horam
1007 1635 1237 1709 undecimam
1260 1636 1315 1710 vel
1339 1642 1435 1733 post,

113 1764 182 1859 ipse
197 1761 295 1834 solus
311 1783 395 1832 cum
411 1759 551 1833 duobus
562 1759 742 1856 episcopis
758 1758 1013 1848 cardinalibus
1034 1759 1198 1834 videlicet
1214 1784 1243 1832 s.
1264 1761 1436 1834 Praxedis

115 1895 145 1961 et
159 1911 187 1959 s.
208 1884 370 1981 Georgii,
389 1888 426 1957 et
442 1883 584 1956 duobus
599 1883 762 1956 diaconis
781 1881 1034 1974 cardinalibus,
1053 1883 1208 1957 Ascanio
1225 1888 1262 1956 et
1278 1909 1307 1956 s.
1328 1887 1438 1958 Seve-

115 2012 192 2100 rini;
210 2009 358 2084 intravit
373 2031 519 2105 parvam
536 2008 711 2105 capellam
729 2008 900 2104 pedester
918 2032 985 2104 per
1000 2009 1136 2082 ostium
1152 2008 1323 2098 laterale;
1343 2009 1439 2082 lacta

116 2135 287 2218 oratione,
318 2142 416 2206 stans
441 2139 525 2208 ante
550 2133 678 2222 altare,
701 2132 874 2229 imposuit
898 2133 1087 2207 incensum
1115 2133 1152 2205 in
1179 2133 1380 2208 turibulum
1402 2139 1439 2207 et

117 2259 317 2356 genuflexit,
356 2263 391 2332 et
422 2258 469 2332 ad
498 2241 685 2331 desieram
717 2257 913 2331 cardinalis
947 2281 976 2330 S.
1018 2257 1191 2330 Praxedis
1223 2258 1437 2355 genuflexus

117 2385 306 2458 incensavit
344 2391 631 2474 sacramentum,
668 2383 753 2478 quia
783 2386 889 2479 Papa·
910 2389 1061 2479 propter
1090 2383 1294 2480 chiragram
1327 2407 1436 2478 quam

117 2509 262 2584 babebat
285 2510 320 2582 in
337 2509 455 2582 indice
466 2532 596 2582 manus
611 2508 761 2582 dextero
778 2513 814 2582 et
832 2513 1014 2581 catarrum
1025 2507 1072 2606 (3)
1088 2507 1126 2579 in
1140 2507 1289 2579 brachio
1307 2506 1437 2582 dextro

118 2659 183 2708 non
199 2636 317 2732 poluit
329 2634 487 2708 retinere
503 2633 702 2706 turibulum
713 2637 749 2706 et
761 2633 967 2706 incensare.
987 2635 1177 2705 lncansato
1193 2641 1437 2722 sacramento,

119 2757 279 2855 imposita
308 2757 452 2832 tobalea
476 2757 523 2832 ad
550 2758 696 2848 collum,
720 2757 897 2831 Ascanius
921 2756 1021 2857 dedit
1039 2763 1324 2845 sacramentum,
1354 2779 1438 2830 cum

118 2907 181 2978 quo
195 2885 287 2958 sedit
305 2885 344 2957 in
368 2883 454 2957 sede
470 2906 548 2970 sua,
566 2887 603 2958 et
616 2859 693 2956 sine
708 2883 816 2956 mitra
825 2883 933 2956 exivit
944 2881 1139 2979 capellam;
1160 2887 1322 2978 portans,
1336 2887 1441 2954 extra

120 3008 284 3104 capellam
303 3009 444 3106 accepit
455 3009 610 3098 mitram,
633 3009 822 3082 descendit
837 3015 872 3082 et
884 3007 1046 3105 perlecta
1061 3015 1116 3080 est
1132 3006 1319 3103 processio
1338 3003 1439 3078 more

15 3191 18 3202 .
120 3131 227 3206 solito.
248 3134 448 3209 Cardinalis
464 3158 492 3206 s.
514 3134 685 3206 Praxedis
703 3134 765 3208 ivit
783 3135 829 3208 ad
846 3133 1038 3222 ecclesiam
1056 3157 1085 3205 s.
1108 3131 1206 3205 Petri
1225 3131 1285 3204 ubi
1301 3131 1440 3228 accepit

121 3263 325 3352 paramenta
337 3282 438 3332 more
455 3259 573 3348 solito,
593 3261 630 3333 et
647 3283 720 3332 non
738 3259 802 3332 luit
819 3260 854 3332 in
871 3258 1118 3356 processione.
1139 3261 1180 3330 D.
1198 3257 1439 3354 Hieronymus

119 3382 297 3472 Arrianus,
330 3388 517 3458 corrector
540 3384 688 3483 majoris
709 3383 861 3481 justitie,
886 3382 1013 3456 habuit
1037 3383 1158 3455 locum
1184 3383 1230 3454 ad
1256 3381 1439 3453 sinistram

120 3504 391 3583 locumtenentis
415 3509 735 3599 contradictarum,
765 3507 1004 3582 demandato
1028 3511 1148 3603 Pape.
1165 3509 1357 3580 Presentas
1379 3505 1442 3577 ali·

121 3633 323 3725 quantulum
344 3657 383 3708 se
400 3641 667 3731 opposuerunt;
688 3609 904 3731 magna'luit
925 3625 1112 3706 altere‘atio
1132 3631 1228 3705 inter
1245 3631 1440 3726 scriptores

122 3757 363 3850 penitentiarie
390 3765 426 3833 et
452 3759 719 3833 abbreviatores
746 3760 792 3832 de
816 3757 964 3846 minori3
996 3762 1032 3830 et
1055 3755 1178 3852 prima
1198 3755 1274 3828 rice
1297 3753 1440 3828 volebat

123 3879 285 3978 magister
303 3883 434 3956 domus
461 3887 557 3980 Pape
577 3883 638 3980 qui
663 3882 729 3956 luit
751 3905 816 3980 pro
841 3883 1086 3979 gubernatore
1111 3879 1257 3953 infirmo
1275 3878 1438 3967 absente,

124 4005 210 4098 quod
235 4007 430 4104 scriptores
455 4007 550 4082 irent
578 4031 600 4080 a
626 4008 774 4096 dextris,
797 4007 1069 4082 abbreviatores
1095 4029 1117 4080 a
1144 4003 1314 4094 sinistris,
1344 4002 1441 4099 quod

124 4129 307 4226 scriptores
345 4133 542 4206 noluerunt
579 4141 785 4232 acceptare.
823 4134 984 4207 Tandem
1022 4135 1256 4206 recesserunt
1290 4133 1441 4226 propter

155 4299 178 4352 1.
197 4298 265 4375 Voy.
281 4301 500 4376 precedemment
513 4319 585 4376 page
599 4305 660 4360 357.

155 4387 179 4442 2.
199 4389 230 4445 P.
245 4391 279 4447 de
298 4390 409 4448 Grassis
424 4391 471 4466 qui
483 4392 573 4450 donne
587 4391 612 4448 le
625 4398 699 4450 texte
713 4391 747 4448 de
766 4407 812 4448 ces
826 4389 910 4460 brcfs,
929 4389 970 4446 les
984 4389 1033 4446 tait
1047 4388 1138 4446 snirre
1153 4387 1187 4444 de
1201 4393 1270 4444 cette
1282 4401 1441 4459 remarque:

127 4495 140 4523 κ
152 4474 179 4530 ln
201 4495 252 4551 quo
268 4481 396 4538 mandato
411 4481 465 4538 duo
478 4488 552 4550 noto,
568 4479 693 4538 videlicet
713 4481 786 4554 quod
803 4479 854 4536 sibi
877 4479 928 4536 soli
947 4479 1093 4554 episcopus
1114 4480 1233 4537 Ortauus
1248 4484 1276 4534 et
1293 4494 1347 4534 non
1370 4475 1443 4532 socio

127 4562 167 4634 qui
183 4583 230 4638 ego
245 4585 316 4639 sum,
333 4569 392 4626 rult
411 4569 591 4644 representari
610 4569 673 4627 lista
691 4569 812 4626 omnium
832 4568 986 4626 officialium
1006 4567 1216 4626 contumacium.
1239 4565 1366 4622 Secundo
1388 4581 1443 4620 nou

127 4649 188 4711 bene
199 4666 338 4717 enumerat.
350 4659 481 4717 officiales
496 4668 524 4718 et
538 4677 593 4734 quo
607 4659 701 4716 ordine
713 4657 832 4733 pessimo
847 4665 874 4714 et
887 4658 1012 4730 indigno.

160 4765 173 4794 «ι
182 4745 235 4803 lsta
248 4749 410 4809 mandata...
426 4768 480 4807 non
495 4750 604 4806 luerunt
618 4747 732 4822 alicujus
743 4764 824 4802 manu
840 4745 1005 4818 subscripta,
1019 4762 1074 4802 uon
1089 4744 1177 4800 solum
1191 4760 1252 4798 curn
1263 4756 1346 4814 parvo
1355 4737 1445 4812 sigillo

129 4836 261 4894 cardinalis
273 4839 413 4896 camerarii
428 4839 561 4913 sigillatae,
577 4855 630 4910 que
643 4837 701 4911 ipsa
717 4837 862 4910 episcopus
873 4821 993 4912 ortanus
1005 4834 1096 4890 socius
1108 4849 1184 4888 meus
1197 4831 1274 4888 dedit
1288 4828 1446 4885 cursoribus

131 4931 277 5002 exequenda
295 4931 340 4987 dia
362 4929 457 4986 martis
476 4947 531 5003 qua
555 4929 604 4986 luit
623 4925 793 4993 cancellaria,
810 4932 840 4981 ut
860 4942 892 4980 ea
913 4930 1103 4996 presentarent
1123 4919 1286 4978 officialibus
1306 4917 1446 4991 deputatis

132 5013 321 5096 iuunoquoque
335 5019 434 5077 allicio.
450 5041 465 5072 u
481 5020 513 5078 P.
529 5020 563 5075 de
578 5017 698 5086 Grassis,
718 5014 770 5072 cite
791 5031 839 5087 pur
858 5014 892 5069 de
906 5013 1076 5086 Brtquigny,
1093 5013 1156 5070 Not.
1172 5018 1197 5068 et
1211 5015 1266 5068 eat.
1282 5011 1330 5065 ctas
1344 5024 1445 5071 msa...

135 5111 152 5159 t.
168 5105 199 5174 ll,
214 5127 239 5182 p.
254 5112 316 5179 ott,
327 5110 435 5184 d'apres
449 5109 475 5167 le
489 5127 557 5165 mss.
577 5109 614 5163 du
627 5105 758 5174 vaticam
775 5104 798 5161 le
813 5121 933 5178 passage
948 5101 1163 5176 correspondant
1177 5104 1327 5174 manquant
1338 5097 1407 5154 daus
1422 5097 1446 5153 le

133 5209 192 5252 nss.
207 5198 336 5276 deUParis.

164 5285 187 5340 3.
206 5290 361 5368 Synouymo
375 5293 409 5349 do
421 5292 625 5350 rtumrtismua.
