3506 6034
777 553 953 610 JOHANb'lS
977 553 1199 623 BURCHARDI‚
1489 551 1566 615 [tout
1581 553 1643 614 15111]

499 708 628 782 Vendit
643 708 851 782 Alexander
867 732 996 792 cruces,
1020 707 1160 798 altorio,
1184 706 1382 797 Christum

567 834 720 908 Emere!
734 834 791 906 ille
802 834 916 930 prino,
931 834 1079 908 vendere
1093 833 1176 929 jure
1186 843 1299 929 potet.

372 1053 436 1126 Die
467 1049 662 1136 dominica,
693 1053 738 1122 ao
765 1049 921 1143 augusti,
963 1049 1031 1122 suit
1071 1048 1232 1122 secunda
1265 1046 1500 1145 congregatio
1534 1044 1569 1116 in
1592 1045 1646 1117 lli-

321 1201 444 1264 nerva,
464 1176 501 1247 in
520 1173 697 1261 sacristia,
718 1173 775 1246 cui
798 1172 1036 1247 interfuerunt
1056 1171 1185 1246 decem
1203 1181 1240 1246 et
1262 1177 1346 1246 octo
1364 1169 1571 1244 cardinales
1591 1167 1644 1264 (l).

321 1302 487 1376 videlicet
527 1298 800 1395 Neapolitanus,
843 1297 1115 1389 Ulixbonensis,
1154 1297 1426 1386 necanatensia
1470 1293 1644 1392 episcopi;

321 1425 596 1514 Alexandrinus,
624 1449 653 1496 s.
680 1422 816 1510 Crucis,
845 1422 1050 1511 Grimanus,
1077 1423 1307 1513 ArborensiS,
1335 1421 1568 1508 Cusentinus,
1592 1419 1647 1492 Sa-

322 1553 537 1638 lernitanus,
562 1548 810 1636 Surrentium,
837 1546 988 1637 FlisouS,
1018 1547 1279 1646 Legioniensis,
1302 1545 1506 1645 presbyteri
1519 1573 1536 1634 ;,
1548 1543 1648 1618 1113111-

325 1700 399 1756 ces,
419 1701 447 1748 s.
466 1673 639 1762 Severini,
665 1671 869 1761 desanaus,
893 1671 1106 1762 Alibrettus,
1130 1673 1273 1770 Borgia,
1297 1672 1478 1760 Elnensis,
1496 1667 1646 1756 diaconi;

325 1802 387 1899 qui
405 1825 488 1875 cum
505 1804 626 1882 essent
644 1797 869 1895 congregati,
888 1797 984 1870 venit
1001 1796 1047 1869 ad
1064 1797 1220 1894 plateam
1236 1797 1395 1871 blinerve
1415 1794 1646 1892 unasquadra

327 1928 492 2024 equilum
527 1928 569 1998 D.
600 1923 787 1997 Michaelis
822 1946 904 1996 cum
930 1921 1067 1995 lanceis
1099 1928 1137 1995 et
1173 1921 1308 1996 balistis
1338 1922 1398 2020 qui
1431 1922 1649 1997 incusserunt

327 2074 501 2150 magnum
521 2049 689 2123 timorem
710 2047 881 2121 Romanis
905 2046 1044 2138 vicinis,
1067 2047 1126 2143 qui
1144 2055 1385 2121 cucurrerunt
1409 2071 1496 2121 cum
1517 2067 1649 2120 conser-

327 2183 449 2252 vatore
474 2175 597 2248 statim
629 2173 674 2246 ad
704 2172 1039 2269 congregationem,
1073 2180 1341 2269 conquerentes
1366 2173 1412 2247 de
1434 2171 1597 2270 periculo
1618 2175 1647 2242 et

328 2301 522 2375 offerentes
545 2322 583 2372 se
610 2297 805 2396 prohibere
837 2321 944 2395 posse
975 2303 1011 2371 et
1035 2297 1126 2371 velle
1150 2299 1227 2372 sine
1251 2298 1418 2396 impensa
1444 2295 1599 2394 collegii,
1625 2294 1649 2365 si

328 2426 482 2524 collegio
504 2423 676 2522 placeret.
709 2423 910 2518 Collegium
933 2421 1021 2495 dixit
1041 2422 1138 2518 quod
1162 2447 1235 2496 non
1258 2424 1428 2497 timerent
1453 2427 1492 2497 et
1513 2422 1646 2496 ordina·

328 2560 457 2624 verunt
496 2549 685 2647 capitaneo
720 2548 881 2644 collegii,
916 2548 1042 2622 Carolo
1075 2549 1237 2638 Thaneo,
1272 2549 1424 2646 despoto
1459 2549 1507 2622 de
1537 2550 1646 2631 Harta,

330 2677 401 2750 duo
420 2675 531 2748 millia
554 2675 718 2772 peditum
735 2697 826 2770 quos
842 2673 920 2746 lieri
939 2673 1200 2747 commiserunt
1217 2699 1282 2771 per
1302 2675 1467 2747 custodia
1488 2671 1605 2758 Urbis;
1621 2673 1651 2740 el

331 2802 460 2877 eadem
483 2800 540 2873 die
568 2800 712 2873 luerunt
736 2798 898 2872 sbarrate
919 2821 1047 2871 omnes
1067 2799 1122 2871 vie
1145 2799 1249 2873 Urbis
1274 2799 1325 2874 ita
1351 2800 1448 2894 quod
1472 2797 1555 2895 equi
1581 2817 1652 2892 per·

332 2926 485 3000 transire
503 2947 576 2998 non
601 2928 762 3022 possent.
787 2923 942 2997 Diversis
965 2924 1083 2996 modis
1104 2924 1222 3020 aliqua
1245 2924 1317 2998 huc
1340 2923 1496 3014 atinde,
1522 2929 1560 2996 ut
1581 2918 1650 3016 equi

331 3074 396 3148 per
422 3056 668 3122 transversum
684 3026 903 3136 transirent,
935 3049 1056 3146 aliqua
1080 3049 1255 3138 totaliter,
1279 3049 1517 3146 aliquaquod
1539 3047 1651 3120 inuno

332 3175 449 3272 capite
475 3174 558 3272 equi
581 3175 657 3248 sine
679 3197 862 3248 assessore
885 3174 1093 3266 transirent,
1114 3181 1150 3248 et
1167 3175 1287 3272 aliqua
1310 3199 1393 3248 cum
1417 3175 1652 3268 trabibusque

334 3301 379 3375 ab
397 3325 468 3374 uno
486 3300 603 3398 capite
620 3299 846 3374 levabantur.
867 3302 909 3370 Et
922 3299 1068 3373 luerunt
1082 3299 1241 3396 deputati
1257 3299 1459 3376 cardinales
1476 3325 1505 3373 s.
1529 3295 1651 3378 Crucis,

335 3426 494 3500 lledices
519 3432 554 3500 et
580 3426 776 3499 Cesarinus
805 3425 850 3498 ad
877 3424 1127 3516 castellanum,
1158 3433 1192 3498 ut
1220 3450 1303 3499 eum
1329 3450 1373 3501 eo
1400 3429 1593 3501 tractarent
1616 3421 1653 3493 de

335 3559 467 3628 castro.
501 3555 553 3625 De
583 3557 703 3625 castro
732 3551 877 3625 luerunt
905 3548 949 3623 ab
978 3550 1072 3623 bora
1102 3551 1287 3624 tertiarum
1314 3553 1421 3626 tracti
1448 3552 1551 3626 multi
1576 3550 1654 3622 ictus

336 3677 618 3752 bombardorum
634 3700 699 3774 per
715 3676 810 3750 viam
833 3683 971 3748 rectam
994 3675 1091 3748 ultra
1106 3683 1268 3773 pontem,
1291 3685 1326 3751 et
1346 3703 1368 3751 3
1383 3678 1560 3776 principio
1576 3696 1653 3748 unus

336 3803 556 3892 interiectae,
582 3803 640 3876 alii
663 3801 774 3875 amoti
797 3801 934 3874 rtuticlte
960 3801 1022 3873 dol
1045 3802 1136 3890 crito,
1158 3802 1290 3877 deinde
1311 3827 1420 3878 nemo
1443 3803 1596 3877 audebat
1611 3799 1653 3870 ire

337 3951 401 4025 per
414 3927 512 4000 illam
530 3926 644 4000 viam:
662 3927 824 4000 leserunt
839 3925 874 3998 in
891 3925 967 4000 acie
987 3926 1134 3999 demum
1151 3927 1347 4002 lllattorem
1359 3926 1419 4029 (2).
1441 3931 1528 4004 Post
1543 3927 1654 4000 horam
1736 3909 1737 3920 ¹

338 4053 549 4150 vigesimam
571 4053 725 4149 primam
750 4051 808 4124 isti
835 4056 912 4126 tres
934 4052 1135 4126 cardinales
1161 4053 1411 4150 equitaverunt
1440 4055 1485 4130 ad
1509 4049 1656 4128 castalla-

339 4201 426 4251 num
458 4178 518 4274 qui
552 4200 590 4251 se
624 4177 695 4250 illis
723 4177 1001 4266 commendavit,
1033 4188 1217 4252 assectans
1245 4203 1284 4254 se
1307 4203 1506 4278 pauperem
1535 4200 1608 4254 esse
1628 4177 1655 4246 al

338 4303 494 4400 prestitit
513 4301 672 4400 homagii
688 4303 937 4399 juramentum
962 4301 998 4374 in
1021 4303 1141 4377 lorma
1163 4304 1458 4396 castellanorum,
1484 4311 1518 4380 et
1538 4297 1655 4402 juravit

340 4428 477 4501 dictum
499 4427 688 4501 castellum
711 4451 794 4501 cum
814 4427 982 4503 omnibus
1006 4429 1079 4502 suis
1104 4430 1208 4502 bonis
1231 4429 1267 4502 in
1290 4454 1334 4505 eo
1357 4431 1591 4504 existentibus
1609 4425 1654 4497 lu·

342 4560 420 4626 turo
435 4551 597 4650 pontifici
614 4552 797 4644 daturum,
817 4559 853 4626 et
868 4559 991 4626 orator
1009 4555 1264 4651 Hispaniarum
1280 4555 1328 4628 ibi
1343 4579 1507 4652 presenS,
1526 4551 1654 4629 nomine

340 4678 439 4775 regis
456 4683 492 4751 ot
516 4677 639 4773 regino
658 4677 927 4773 Hispaniarum,
952 4679 1118 4775 promisit
1141 4685 1175 4752 et
1203 4679 1301 4752 dedit
1325 4704 1363 4753 se
1388 4705 1456 4778 pro
1474 4678 1654 4755 castellam

340 4803 438 4898 quod
465 4812 625 4878 servaret
645 4803 837 4900 promissa,
866 4810 902 4877 31
924 4804 1141 4878 castellanus
1164 4805 1241 4880 vice
1263 4829 1366 4880 versa
1388 4805 1553 4903 promisit
1574 4802 1654 4877 rele-

377 5065 401 5120 l.
423 5085 437 5114 «
454 5063 552 5119 Decem
577 5067 604 5119 et
627 5077 725 5118 novem
742 5081 755 5112 n
772 5077 806 5116 en
828 5066 919 5118 toules
935 5059 1039 5132 lettres,
1056 5062 1125 5120 dans
1140 5063 1180 5121 les
1193 5079 1274 5132 mss,
1291 5063 1353 5122 bien
1368 5063 1450 5139 qu’ils
1474 5066 1536 5123 n'en
1552 5061 1654 5121 doment

342 5169 395 5224 que
410 5151 538 5210 dix-buit.

376 5243 402 5298 2.
424 5241 462 5296 De
477 5240 587 5299 l'itolien
604 5262 619 5293 u
629 5243 734 5313 platone
750 5261 764 5292 n
783 5257 789 5296 :
806 5238 832 5296 la
846 5239 930 5298 lorme
945 5243 1057 5313 tttotista
1069 5251 1112 5300 est
1125 5243 1189 5318 plus
1203 5245 1354 5321 frequente.
