3520 6036
343 591 396 647 382
798 583 974 640 lOHANNlS
999 539 1226 655 educatum,
1515 585 1592 650 {llere
1604 591 1669 650 15⁰5]

340 761 406 838 per
421 737 626 810 sacristam.
658 739 733 830 Ege
759 733 932 831 replicavi
959 735 1055 830 qued
1081 735 1255 809 daremus
1284 737 1414 812 decem
1440 739 1606 828 ducatos,
1637 749 1666 812 et

342 868 441 961 Pape
457 861 596 936 annuit.
615 862 778 932 Fuerunt
794 859 831 931 in
847 837 988 931 summa
1007 859 1155 933 circiter
1176 863 1407 960 septuaginta
1424 864 1563 955 ducati,
1587 864 1666 937 item

340 994 423 1064 ecte
440 996 476 1061 et
490 986 731 1084 quadraginta
747 984 783 1057 iu
802 1007 907 1057 aure.
936 987 1035 1058 Inter
1060 984 1262 1060 cardinales
1287 991 1324 1061 et
1352 987 1563 1086 collegium,
1588 989 1666 1061 item

342 1122 423 1188 ecte
439 1117 476 1186 et
493 1112 617 1210 viginti
638 1109 731 1207 largi
756 1113 793 1184 et
811 1109 882 1184 due
909 1118 945 1183 et
977 1109 1100 1207 viginti
1126 1111 1249 1184 ducati
1271 1113 1316 1186 de
1342 1136 1506 1204 camere;
1537 1113 1666 1186 cerleni

337 1239 419 1312 nevi
435 1241 581 1312 centum
599 1239 636 1310 et
656 1234 782 1330 viginti
800 1239 836 1307 et
851 1234 991 1330 antiqui
1009 1236 1196 1331 octoginta
1213 1242 1249 1311 et
1264 1237 1410 1310 circiter
1425 1237 1497 1313 due
1516 1239 1553 1312 in
1571 1262 1665 1338 gres-

339 1363 387 1438 sis
406 1361 624 1436 llerentinis.
644 1359 776 1434 Clerici
796 1358 934 1456 capelle
957 1359 1164 1434 habuerunt
1183 1361 1331 1436 circiter
1348 1387 1461 1436 unum
1479 1363 1663 1454 ducatum3

337 1513 405 1588 ege
424 1487 535 1561 habui
549 1487 585 1559 in
602 1484 706 1584 parte
722 1507 805 1558 mea
820 1485 971 1557 ducales
988 1483 1112 1581 largos
1130 1485 1271 1574 decem,
1293 1486 1463 1560 carlenos
1478 1509 1591 1560 neves
1608 1489 1665 1560 tri-

337 1615 451 1712 ginta,
486 1613 654 1708 antiques
671 1619 753 1684 ecte
772 1615 807 1682 et
826 1609 954 1683 decem
980 1609 1171 1705 quatrines
1200 1607 1343 1702 d'ecem,
1366 1633 1432 1708 pre
1446 1611 1666 1686 Belthassere

336 1740 488 1813 ducales
507 1738 635 1810 decem
654 1736 699 1808 de
722 1757 882 1826 camera,
903 1758 995 1831 ques
1021 1735 1099 1832 ipse
1128 1734 1252 1824 veluit,
1283 1739 1320 1808 et
1345 1737 1446 1809 Paris
1473 1737 1612 1832 pariter
1634 1743 1665 1810 et

335 1887 473 1954 meam3
489 1885 557 1961 pre
574 1885 645 1959 qua
664 1860 839 1958 imposuit
857 1859 894 1933 in
920 1883 978 1932 me
1002 1883 1132 1933 manus
1158 1859 1349 1950 violentae,
1377 1862 1521 1958 rogavit
1545 1862 1665 1959 magis·

337 1999 434 2066 trum
454 1987 635 2062 demusin
652 1986 806 2084 prandio
820 1993 859 2060 ut
876 1985 1165 2060 communicaret
1180 2010 1263 2060 cum
1282 1989 1393 2084 Pape,
1424 1988 1484 2083 qui
1513 1988 1551 2060 id
1567 1989 1661 2076 fecit;

335 2121 384 2208 et,
403 2119 443 2189 ut
458 2113 631 2212 magister
649 2111 778 2186 demus
795 2111 886 2185 mihi
905 2111 1043 2201 retulit,
1063 2114 1162 2209 Pape
1178 2113 1364 2186 mandavit
1379 2113 1477 2208 qued
1495 2113 1663 2186 darentur

336 2237 556 2315 Baltbessari
572 2239 700 2311 decern
719 2236 858 2311 ducati.
883 2235 974 2310 Dedi
992 2235 1104 2333 igitur
1121 2236 1189 2334 ipsi
1210 2237 1388 2335 magistre
1401 2238 1533 2310 decem
1560 2239 1661 2312 duca-

334 2371 404 2459 tos,
423 2365 513 2438 dues
531 2363 655 2461 larges
670 2385 738 2460 pre
757 2365 862 2459 perte
880 2385 975 2453 mea,
994 2365 1033 2435 ut
1050 2361 1154 2435 daret
1179 2361 1413 2453 Beltbessuri,
1439 2363 1661 2458 presentibus

335 2491 457 2566 multis
474 2489 511 2563 in
528 2487 610 2563 aula
628 2511 738 2584 supra
762 2491 912 2585 pentem
933 2485 1074 2584 palatii.
1095 2491 1255 2585 Rogatus
1278 2487 1345 2559 luit
1362 2487 1517 2561 llichael
1539 2493 1660 2564 sartor.

333 2621 371 2692 ln
391 2639 471 2690 sere
489 2615 637 2688 luerunt
653 2591 830 2686 matutine
848 2613 978 2708 quibus
997 2615 1095 2708 Pape
1109 2635 1180 2684 non
1197 2611 1374 2700 interluit,
1406 2617 1442 2685 et
1469 2613 1659 2688 cardinalis

335 2765 365 2816 s.
386 2739 533 2836 Georgii
547 2737 638 2812 dixit
650 2737 856 2810 orationem
874 2736 1040 2832 Respice3
1059 2736 1130 2809 alia
1145 2760 1249 2809 mere
1268 2736 1388 2810 solite.

382 2861 1657 2958 sabbatosaneto,aamartii,cardinaliseurgensiscelebravitmissam
1748 2867 1749 2874 ’

331 2991 528 3089 publicem,
555 2991 654 3083 Papa
672 2993 841 3083 presente
860 2979 1034 3060 Canteres
1052 2986 1220 3060 dixerunt
1242 2987 1454 3083 prophetias
1473 2997 1509 3061 et
1536 3013 1601 3086 per
1618 2992 1655 3061 u.

328 3116 510 3188 lulianum
528 3113 572 3186 de
599 3111 690 3186 Cibo
718 3113 983 3186 subdiaconum
1007 3116 1105 3208 Pape
1133 3111 1390 3186 annunciatum
1418 3118 1473 3186 est
1497 3113 1657 3189 Alleluia.

328 3244 428 3337 Papa
443 3261 528 3314 vere
561 3237 675 3312 uoluit
700 3237 881 3327 intonare,
901 3235 965 3309 sed
997 3237 1185 3310 celebrans
1212 3237 1369 3312 cantavit
1392 3237 1516 3312 emnia
1541 3239 1656 3312 triaet

326 3365 437 3456 bene;
458 3363 581 3439 emnia
599 3386 701 3437 mere
718 3363 839 3437 solite.

374 3489 565 3565 Dominica
593 3489 746 3579 Pascha,
782 3487 1086 3580 Resurrectionis,
1119 3492 1164 3562 23
1196 3489 1332 3580 martii,
1369 3491 1432 3563 SS.
1469 3493 1511 3563 e.
1541 3497 1655 3564 nester

325 3618 421 3692 venit
437 3615 761 3715 processionaliter
776 3615 842 3687 sub
859 3637 972 3710 regne
999 3614 1044 3688 ad
1072 3613 1261 3688 besilic'em
1285 3639 1319 3687 s.
1350 3616 1464 3704 Petri,
1494 3615 1554 3688 ubi
1580 3615 1655 3688 mis·

326 3767 402 3818 sem
421 3740 614 3817 celebravit
635 3745 672 3814 et
690 3740 971 3814 communicavit
998 3739 1187 3837 populum.
1215 3742 1356 3838 Aquam
1380 3741 1536 3836 primaru
1562 3740 1654 3814 dedit

327 3866 705 3957 oratorulerenunus,
726 3867 924 3940 secundam
949 3871 1073 3940 orator
1099 3868 1338 3956 Venetorum,
1363 3866 1511 3940 tertiam
1536 3871 1653 3940 ereter

324 3993 421 4091 regis
439 3991 603 4081 Pelenie,
622 3993 790 4086 quartem
806 3992 989 4088 prefectus
1011 3991 1135 4080 Urbis;
1157 3991 1382 4088 evangelium
1402 3991 1561 4066 cantavit
1578 4016 1653 4065 car·

324 4117 453 4191 dinalis
470 4115 658 4206 ascanius,
684 4115 876 4212 epistelam
901 4119 945 4190 D.
971 4115 1134 4189 Julianus
1159 4117 1245 4190 Cibo
1272 4117 1529 4208 subdiaconus,
1555 4139 1653 4192 evan·

325 4243 461 4342 gelium
489 4263 641 4340 grecum
669 4243 712 4313 l).
739 4241 918 4333 Cesimus,
939 4242 1133 4339 episcopus
1162 4241 1366 4332 Arretinus,
1392 4242 1584 4339 epistolem
1611 4247 1649 4315 u.

322 4368 452 4443 lsalius
469 4365 718 4465 Argyropolis.
738 4365 856 4440 Finita
874 4366 997 4458 misse,
1020 4371 1118 4463 Pape
1133 4389 1216 4440 cum
1236 4366 1344 4464 pallio
1361 4371 1396 4440 et
1407 4367 1498 4440 tiara
1514 4391 1651 4465 preces

323 4494 509 4570 sienalite'r
540 4490 730 4583 descendit
760 4491 807 4564 ad
833 4491 955 4566 lecum
980 4492 1125 4590 publice
1151 4491 1431 4582 benedictionis,
1461 4493 1649 4567 ostendens

322 4620 388 4695 sibi
404 4618 681 4694 ferrumlancee
700 4623 736 4692 et
748 4616 888 4690 vultum
904 4617 1067 4708 Domini3
1084 4617 1209 4692 nescio
1225 4617 1307 4715 quis
1323 4619 1520 4714 publicavit
1531 4618 1648 4715 plena-

320 4745 411 4821 riam
423 4743 699 4842 indulgentiam.

369 4870 646 4948 Feriasecunda
670 4867 817 4965 pasche,
849 4873 894 4942 tl
921 4870 1054 4960 martii,
1082 4873 1207 4943 Rmus.
1235 4871 1430 4945 cardinalis
1458 4867 1647 4970 Gurgensis

320 4996 514 5072 celebravit
531 4995 568 5068 in
582 4993 723 5090 capella
738 4993 893 5089 majore,
910 4998 1009 5091 Papa
1026 5003 1215 5092 presente;
1235 4995 1308 5092 qui,
1329 5001 1525 5093 antequam
1542 4995 1647 5068 exiret
1743 4997 1744 5016 ¹

319 5145 502 5198 cameram
528 5118 725 5217 Papagalli,
754 5120 913 5216 acceptis
945 5121 1182 5217 paramentis,
1218 5121 1405 5195 benedixit
1435 5122 1472 5195 in
1507 5141 1648 5196 camera

317 5272 439 5324 rosam
471 5251 508 5323 et
538 5245 696 5344 pertavit
729 5243 775 5318 ad
803 5245 994 5343 capellam,
1027 5251 1137 5345 prout
1165 5246 1203 5319 in
1231 5247 1415 5324 dominica
1431 5239 1647 5322 Leterelieri
