3590 6042
94 563 230 623 [natrano]
423 560 548 618 RERUM
575 560 799 617 URBANARUM
819 559 1080 619 COMMENTARll.
1377 567 1411 619 47

95 715 231 789 modum
266 723 303 790 et
335 715 525 788 utilitatem
556 737 749 808 procurare
779 713 1003 804 studuimus,
1031 719 1183 810 urgente
1212 714 1408 811 reipublice

94 841 277 916 christiane
294 839 512 913 necessitate
527 845 563 912 et
578 837 779 911 orthodoxe
795 837 879 911 fidei
895 837 1107 913 defensione
1128 839 1351 912 consulimus
1368 863 1410 911 ac

96 965 294 1062 opportunis
311 963 450 1036 auxiliis
464 969 500 1036 et
515 962 696 1036 favoribus
712 961 954 1058 providemus,
972 964 1023 1038 ita
1037 965 1104 1062 ipsi
1120 989 1186 1062 pro
1199 964 1411 1039 defensione

95 1115 167 1162 rere
183 1091 264 1162 fidei
279 1091 398 1186 quein
415 1087 508 1162 sacri
521 1088 751 1184 susceptione
768 1088 994 1185 baptismatis
1006 1095 1133 1186 sponte
1143 1089 1298 1187 prolessi
1312 1098 1407 1175 sunt,

96 1222 127 1288 et
147 1215 336 1312 reipublice
363 1213 558 1286 christiane
579 1214 855 1287 necessitatibus
884 1213 1108 1287 sublevandis
1138 1238 1211 1287 non
1231 1214 1340 1287 modo
1367 1214 1411 1287 li-

97 1341 221 1428 benter,
239 1340 305 1413 sed
328 1361 444 1436 prono
467 1345 504 1412 et
529 1338 670 1413 ardenti
695 1339 816 1412 animo
842 1362 969 1412 eorum
996 1339 1207 1436 impendant
1235 1338 1407 1430 subsidia,

97 1489 238 1561 suasque
268 1465 471 1538 extendant
500 1464 669 1539 dexteras
698 1465 878 1539 liberales.
907 1467 997 1536 Cum
1031 1465 1151 1560 itaque
1176 1463 1411 1560 perfidissimi

97 1591 211 1677 lurco,
228 1589 362 1663 Christi
385 1589 541 1662 nominis
565 1589 703 1678 hostes,
737 1589 975 1662 christianum
1007 1589 1221 1684 sangninem
1253 1587 1410 1684 quotidie

98 1713 243 1787 sitientes
259 1739 302 1789 oc
316 1715 416 1788 omni
430 1715 849 1788 conatuchristianorum
861 1722 975 1787 terras
991 1737 1055 1787 sue
1065 1713 1245 1810 tyrannidi
1256 1735 1298 1785 ac
1310 1737 1413 1809 spur-

98 1839 226 1913 cissime
242 1847 344 1914 secte
360 1840 542 1937 subjicere
557 1844 766 1936 querentes,
785 1841 961 1936 superiori
979 1847 1014 1913 et
1030 1839 1187 1936 presenti
1206 1839 1311 1911 annis
1326 1837 1412 1910 vali-

99 1963 268 2038 dissimam
282 1964 440 2039 classem
451 1965 685 2053 maritimam,
703 1963 972 2063 maximumque
989 1971 1199 2040 terrestrem
1213 1962 1412 2040 exercitum

99 2092 136 2163 ad
159 2090 436 2186 expugnandum
462 2097 609 2182 statum,
630 2096 743 2164 terras
768 2097 875 2187 atque
899 2087 1060 2161 dominia
1082 2087 1296 2161 dilectorum
1320 2089 1414 2162 filio-

100 2239 168 2288 rum
188 2214 380 2310 Augustini
405 2215 608 2306 Barbadioi,
627 2215 742 2306 ducis,
760 2223 797 2291 et
819 2214 968 2289 dominii
992 2211 1218 2288 Venetorum
1235 2211 1415 2287 instruxe-

100 2340 171 2428 rint,
190 2340 420 2435 dirersasque
442 2341 668 2415 incursiones
689 2341 874 2415 civitatum
892 2337 1092 2427 effecerint,
1112 2337 1281 2410 et'multa
1305 2337 1415 2411 millia

100 2463 281 2536 animamm
309 2462 540 2556 abduxerint,
563 2465 660 2540 etin
686 2463 930 2538 miserabilem
957 2461 1164 2536 servitutem
1191 2461 1411 2558 redegerint,

101 2587 254 2684 villasque
289 2591 328 2660 et
355 2586 437 2660 loca
464 2587 620 2684 plurima
648 2590 732 2688 igne
754 2592 923 2686 ferroque
947 2586 1182 2676 vastaverint,
1209 2593 1245 2659 et
1269 2586 1415 2660 tandem

102 2714 309 2808 h'eopactnm
337 2713 541 2803 civitatem,
569 2713 689 2808 aliqua
715 2714 847 2812 oppida
869 2719 905 2787 ot
928 2713 1010 2786 loca
1042 2710 1223 2784 maritima
1259 2711 1416 2784 circum-

102 2836 221 2927 ricina,
248 2837 514 2927 munitissima,
537 2837 569 2911 ri
592 2846 628 2913 et
655 2840 764 2912 armis
792 2839 973 2936 ceperint,
994 2837 1199 2912 christianis
1224 2837 1413 2928 omnihus,

104 2961 195 3035 etiam
212 2963 392 3054 ecclesiiS,
412 2971 447 3036 et
467 2963 645 3060 religiosis
666 2965 852 3062 utriusque
874 2989 994 3055 sexus,
1013 2963 1123 3037 etiam
1143 2961 1342 3059 pontificali
1363 2963 1416 3034 di-

104 3087 221 3181 gnitate
243 3088 415 3186 preditiS,
438 3095 475 3161 et
493 3089 755 3186 pregnantibus
779 3114 862 3163 cum
887 3089 1062 3162 semiviris
1083 3087 1307 3185 corpusculis
1329 3087 1418 3160 inibi

105 3213 240 3306 repertis
255 3213 509 3287 crudelissime
530 3215 623 3288 cesis
648 3225 683 3290 et
703 3216 924 3308 interiectis,
952 3239 994 3288 ac
1019 3214 1099 3287 aliis
1124 3215 1161 3286 in
1187 3213 1418 3287 durissimam

105 3341 298 3415 servitutem
314 3341 483 3431 redactis,
503 3341 646 3437 templis
663 3341 846 3416 salvatoris
859 3341 971 3417 nostri
987 3342 1134 3439 pollutis
1152 3365 1194 3416 ac
1217 3341 1357 3431 dirutis,
1373 3339 1420 3412 ad

106 3484 196 3536 suum
219 3465 359 3538 malum
382 3473 419 3538 et
441 3463 606 3561 iniquum
627 3466 852 3563 propositum
879 3467 1050 3542 continuo
1074 3466 1269 3542 ferventius
1293 3487 1419 3562 prose-

106 3599 264 3682 quentes,
296 3598 335 3665 et
361 3590 453 3664 nihil
477 3591 575 3664 aliud
600 3591 657 3665 die
679 3599 862 3688 noctuque
887 3600 1082 3690 querentes
1118 3596 1153 3666 et
1172 3589 1419 3686 excogitantes

106 3737 200 3808 quam
215 3717 380 3790 omnium
396 3716 676 3791 christianorum
690 3717 851 3791 dominia
866 3741 930 3814 sue
946 3717 1123 3818 tyrannidi
1139 3721 1173 3791 et
1187 3712 1418 3813 spurcissime

106 3845 191 3912 secte
207 3841 403 3940 subjicere,
421 3847 458 3914 et
471 3839 592 3937 legem
606 3840 736 3915 Christi
749 3841 863 3915 nostri
880 3841 1108 3934 subvertere,
1131 3843 1250 3917 denuo
1274 3841 1420 3916 validio-

107 3985 172 4036 rem
191 3967 347 4042 classem
371 3967 590 4040 maritimom
612 3967 864 4064 majoremque
887 3974 1096 4043 terrestrem
1122 3968 1322 4042 exercitum
1346 3967 1421 4040 ins-

107 4093 224 4182 truant,
242 4099 282 4166 ut
301 4091 425 4166 omnia
441 4091 622 4166 maritima
635 4093 717 4166 loca
734 4099 842 4190 atque
865 4097 989 4190 portus
1010 4093 1290 4166 christianorum
1311 4115 1422 4167 occu-

107 4222 194 4304 pent,
209 4221 404 4313 pateatque
430 4217 482 4291 eis
507 4215 636 4290 deindo
661 4215 802 4288 facilius
819 4216 864 4288 ad
879 4219 1040 4292 Romane
1059 4217 1212 4292 ecclesie
1234 4222 1361 4307 terras,
1380 4241 1421 4290 ac

108 4327 282 4434 presertim
299 4342 346 4415 ad
361 4341 455 4414 hanc
471 4341 605 4414 almam
621 4341 756 4414 Urbem
782 4345 956 4430 nostram,
979 4341 1014 4413 in
1036 4365 1107 4437 qua
1127 4341 1221 4414 Petri
1243 4339 1349 4414 sedes
1369 4345 1422 4413 est

108 4461 225 4558 locata,
244 4476 280 4541 et
292 4491 366 4563 quo
385 4465 495 4565 (quod
515 4470 612 4539 Deus
628 4464 795 4564 avertatt)
816 4471 1035 4563 expugnata,
1054 4489 1092 4539 se
1110 4467 1219 4539 totius
1237 4465 1334 4539 orbis
1354 4465 1423 4537 im-

108 4591 234 4683 perium
250 4593 356 4666 lacile
373 4615 555 4690 occupare
568 4614 675 4688 posse
692 4612 766 4663 non
785 4589 950 4664 dubitant
970 4613 1158 4681 accessus;
1175 4595 1210 4663 et
1234 4589 1302 4662 nisi
1327 4589 1424 4663 cele-

110 4713 186 4790 riter
207 4725 432 4810 occurratur,
457 4724 565 4816 prout
590 4740 647 4788 res
675 4714 889 4812 expostulat,
920 4713 1189 4788 formidandum
1216 4714 1261 4786 sit
1287 4737 1333 4785 ne
1358 4711 1426 4808 ipsi

110 4839 465 4932 perfidissimiance,
483 4839 630 4926 victorie
645 4838 815 4933 superbia
825 4839 922 4930 elati,
933 4839 1096 4914 videntes
1110 4838 1307 4913 catholicos
1319 4860 1424 4934 reges

111 4967 140 5030 et
156 4963 331 5063 principes
357 4973 392 5037 et
416 4971 616 5062 potestates
638 4963 733 5036 inter
753 4987 791 5037 se
815 4963 1047 5056 dissidentes,
1064 4963 1209 5063 privatis
1226 4962 1427 5064 commodis

111 5083 268 5182 intentos,
280 5114 471 5164 commune
483 5089 620 5164 bonum
629 5088 829 5186 negligere,
844 5090 1024 5188 majoraet
1037 5088 1285 5188 irreparabilia
1293 5090 1426 5165 damna

111 5205 254 5289 interant
269 5215 486 5306 christianis,
498 5219 607 5311 prout
620 5213 670 5287 ita
686 5213 937 5311 superioribus
952 5215 1056 5290 annis
1072 5222 1107 5290 et
1123 5216 1159 5290 in
1172 5215 1322 5292 diversis
1335 5215 1426 5293 locis
