3612 6064
296 801 717 926 JOHANNIS
762 803 1261 928 BURCHARDI

423 1132 856 1191 nuutsrru,.cunauoumuun
874 1135 1140 1188 nrosrotlcnduu

102 1503 631 1661 llbllllllllldllll
675 1507 940 1660 uultu
987 1509 1456 1663 leldlldelll

253 2019 355 2091 SUB
391 2021 731 2112 Pouumlcuru
766 2021 1065 2092 ALEXANDRI
1097 2023 1225 2094 ΡΑΡΕ
1257 2027 1308 2096 VI

738 2972 818 3040 llll).

164 3207 267 3276 Anno
284 3228 307 3276 a
325 3202 510 3276 nativitate
530 3203 673 3275 Domini
694 3207 761 3276 MD
781 3177 935 3275 feliciter
951 3201 1159 3295 inchoante,
1181 3205 1239 3279 die
1264 3209 1447 3298 mercurii,

124 3334 163 3404 25
187 3330 327 3404 mensis
356 3327 574 3416 decembris,
606 3327 698 3400 sesto
723 3327 915 3400 nativitatis
940 3327 1104 3424 ejusdem
1129 3331 1286 3421 Domini,
1314 3334 1376 3404 SS.
1405 3335 1446 3404 D.

122 3460 239 3528 noster
262 3459 415 3560 paratus
442 3454 478 3526 in
507 3437 653 3526 camera
680 3453 873 3549 papagalli‚
901 3476 974 3526 non
1003 3453 1186 3526 benedixit
1212 3477 1338 3528 ensem
1368 3457 1452 3550 quia

122 3579 226 3653 abbas
251 3579 407 3652 sacrista
426 3600 499 3651 non
523 3577 680 3651 habebat
705 3577 837 3652 librum
863 3585 1027 3674 paratum
1052 3601 1168 3674 neque
1191 3602 1320 3675 aquam
1343 3581 1452 3655 bene-

123 3704 272 3792 dictam3
307 3704 385 3792 sed,
417 3708 459 3776 l).
495 3708 659 3780 Ventura
693 3704 865 3776 Benassai
898 3704 1030 3780 clerico
1060 3727 1204 3778 camere
1234 3705 1334 3778 illum
1368 3713 1450 3780 ante

122 3854 261 3904 crucem
285 3853 390 3904 more
412 3829 517 3902 solito
535 3834 713 3925 portante,
733 3833 830 3924 Papa
844 3829 940 3904 uenit
959 3830 1276 3927 processionaliter
1294 3831 1452 3918 adbasi-

124 3956 223 4028 licam
243 3981 274 4028 s.
303 3953 397 4028 Petri
419 3977 526 4050 quam
549 3977 614 4050 per
639 3953 797 4028 mediam
822 3961 964 4052 portam
993 3955 1135 4028 solitam
1160 3955 1314 4028 intravit.
1341 3959 1453 4030 Ante-

125 4105 225 4176 quam
264 4079 383 4153 exiret
417 4101 599 4152 cameram
630 4079 843 4175 predictam,
872 4080 1010 4153 vocarit
1039 4079 1084 4152 ad
1117 4105 1155 4153 se
1182 4087 1454 4154 conservatores

126 4227 262 4281 camere
290 4203 454 4302 predicte
484 4203 589 4278 Urbis
615 4211 650 4276 et
676 4203 727 4276 eis
752 4203 839 4276 dixit
864 4203 975 4298 quod,
1005 4212 1154 4300 propter
1183 4206 1453 4280 contentionem

128 4355 227 4426 quam
248 4355 335 4404 cum
354 4329 522 4404 omnibus
543 4328 746 4425 principum
772 4328 977 4402 oratoribus
997 4329 1175 4404 habereut
1196 4355 1305 4428 super
1326 4355 1454 4428 prece·

130 4455 255 4542 dentis,
271 4462 356 4530 ante
371 4479 453 4528 eum
466 4437 677 4528 incederent
692 4461 774 4550 post
790 4453 1008 4544 cardinales;
1023 4453 1119 4549 quod
1135 4455 1240 4528 nimis
1256 4457 1453 4530 absurdum

133 4579 202 4654 luit.
228 4585 329 4656 Bene
357 4587 476 4652 tamen
502 4578 709 4676 hujusmodi
738 4585 1011 4652 conservatores
1035 4603 1107 4652 non
1136 4579 1342 4654 habuerunt
1370 4581 1455 4675 quia

132 4706 243 4779 socius
272 4729 378 4782 meus
408 4704 493 4778 tecit
523 4727 585 4777 eos
614 4710 758 4802 portare
790 4703 1045 4778 baldachinum
1073 4729 1180 4802 supra
1210 4711 1361 4802 Papam,
1394 4685 1476 4799 qui

131 4855 278 4929 regnum
303 4856 368 4906 seu
394 4833 520 4907 tiaram
549 4829 714 4928 portavit.
745 4833 920 4902 Pervento
953 4830 999 4902 ad
1022 4830 1133 4904 altare
1162 4831 1279 4926 majus
1305 4828 1453 4902 basilice

132 4959 299 5052 predicte,
328 4957 411 5032 dedi
438 4979 565 5032 ensem
587 4979 669 5030 cum
691 4955 828 5052 capello
851 4955 909 5028 uni
932 4979 975 5028 ex
996 4956 1227 5029 servitoribus
1254 4977 1451 5044 armorum,

133 5084 187 5177 qui
207 5085 308 5156 illum
325 5083 360 5156 in
381 5103 493 5156 cornu
515 5081 715 5179 posteriore
736 5080 888 5177 epistole
903 5080 1008 5178 juxta
1031 5079 1237 5154 columnam
1258 5103 1323 5176 per
1344 5085 1455 5154 totam

134 5207 273 5283 missam
293 5207 547 5296 manutenuit,
571 5229 654 5279 cum
674 5228 747 5278 non
765 5211 888 5301 posset
906 5204 993 5277 alies
1008 5205 1142 5277 ibidem
1161 5204 1315 5279 firmiter
1328 5203 1452 5279 locari.

267 5376 291 5417 τ.
308 5378 345 5416 nr.
1300 5357 1312 5411 1
