3506 6034
85 575 276 638 [Octobrattdl]
391 573 516 630 RERUM
541 572 768 628 UHBANAHUM
793 572 1055 654 COMMENTARll.
1344 581 1395 632 287

86 730 168 800 diem
187 727 379 800 crastinam
401 701 716 799 laceretcastrum
743 725 893 814 doloris,
915 728 960 800 ad
977 751 1184 802 mensuram
1202 737 1311 826 prout
1331 729 1396 802 luit

85 859 227 926 castrum
242 853 436 926 Alexandri
455 875 519 948 pro
539 849 669 923 eodem
685 851 801 946 pretio
820 851 881 948 (l).

127 977 183 1049 Die
196 977 301 1072 jovis,
321 981 363 1050 19
380 975 552 1064 octobris,
573 975 734 1048 marchio
752 975 909 1063 Saliceti,
925 999 1039 1072 nepos
1059 981 1166 1072 Papa,
1185 981 1397 1074 capitaneus

83 1101 204 1198 palatii,
221 1101 332 1175 rediit
349 1102 396 1176 ad
414 1102 563 1174 domum
577 1101 690 1196 patris
703 1105 812 1196 pape,
824 1102 912 1174 olim
924 1101 1119 1174 cardinalis
1136 1104 1319 1176 Senensis,

124 1227 182 1298 bie
199 1227 356 1314 veneris,
380 1232 425 1300 20
443 1225 614 1313 octobris,
640 1225 703 1298 luit
729 1226 963 1322 congregatio
987 1227 1024 1297 in
1049 1226 1181 1321 palatio
1206 1231 1301 1323 Pape
1318 1253 1397 1301 om-

81 1351 166 1422 ninm
180 1351 418 1423 cardinalium
430 1350 627 1422 volentium
638 1351 762 1421 venire
776 1375 783 1438 ;
796 1359 830 1422 et
842 1350 931 1422 alias
941 1349 1146 1422 ordinatum
1160 1353 1258 1446 quod
1270 1377 1396 1426 omnes

80 1481 192 1569 gentes
208 1473 421 1547 Ursinornm
440 1473 651 1546 recederent
667 1498 711 1546 ex
728 1469 863 1569 Burgo,
879 1479 913 1546 ct
929 1473 1027 1568 quod
1043 1473 1244 1548 cardinales
1261 1501 1289 1548 e.
1305 1480 1396 1550 Cru-

81 1599 135 1686 cis,
153 1598 304 1686 Fliscus,
323 1599 481 1671 lledices
501 1601 538 1668 et
559 1597 752 1671 Cesarinus
780 1599 988 1694 reciperent
1011 1600 1259 1695 juramentum
1279 1599 1396 1674 tideli-

81 1724 150 1795 tatis
165 1747 185 1795 a
198 1724 399 1796 castellano
412 1747 441 1794 a.
454 1723 582 1818 Angeli
598 1722 744 1794 nomino
760 1723 902 1819 collegii
914 1711 1037 1818 ,qnod
1053 1723 1163 1794 iidem
1177 1724 1393 1804 cardinales,

80 1847 169 1920 finita
191 1847 487 1944 congregatione,
516 1847 561 1918 ad
591 1852 753 1920 castrum
771 1847 987 1941 equitantes,
1017 1848 1062 1919 ab
1076 1871 1119 1920 eo
1146 1859 1392 1944 acceperunt:

80 1979 214 2068 rogatus
233 1973 300 2045 luit
315 1971 499 2044 lohannes
517 1971 709 2060 Desiderii,
727 1972 890 2045 notarius
911 1995 1070 2045 camere.

121 2097 181 2169 bie
199 2099 354 2184 sabbati,
376 2105 415 2170 21
440 2098 615 2186 octobris,
634 2121 727 2193 aqna
748 2097 897 2195 Tyberis
912 2097 962 2170 ita
978 2097 1138 2170 excrevit
1153 2099 1249 2194 qnod
1267 2123 1397 2172 ascen-

80 2221 174 2294 debat
198 2246 307 2318 super
336 2223 460 2296 sellam
492 2224 574 2318 eqni
602 2223 806 2294 communis
822 2210 924 2295 inter
953 2223 1146 2296 ecclesiam
1179 2247 1208 2293 s.
1244 2224 1336 2295 Celsi
1361 2230 1398 2297 et

80 2345 194 2416 domos
212 2346 506 2419 bancheriornm.
527 2346 724 2442 Oportebat
740 2351 933 2442 propterea
949 2348 1083 2419 ducere
1101 2371 1214 2443 equos
1230 2353 1266 2420 et
1279 2350 1396 2422 mulos

81 2492 136 2564 per
149 2469 357 2558 ecclesiam3
376 2475 411 2543 el
427 2494 509 2567 ego,
529 2470 589 2542 illa
606 2469 678 2558 die,
696 2495 778 2542 cum
796 2472 894 2542 rnulo
910 2471 1030 2565 sepius
1042 2473 1273 2566 pertransivi.
1293 2478 1395 2569 Aqua

80 2593 199 2689 incepit
224 2593 480 2666 intromissam
497 2594 724 2667 decrescere.
750 2594 829 2666 Fuit
845 2593 940 2666 dicta
956 2595 1072 2690 prima
1095 2597 1206 2669 missa
1228 2599 1395 2694 exequia-

82 2741 150 2788 rum
175 2718 287 2790 lelicis
307 2719 569 2790 recordationis
590 2718 640 2790 Pii
659 2741 752 2812 pape
779 2721 838 2804 lll,
854 2742 962 2813 qnam
981 2721 1179 2794 celebrarit
1193 2723 1230 2794 in
1245 2723 1395 2796 basilica

81 2865 104 2911 s.
122 2844 208 2916 Petri
234 2843 427 2916 cardinalis
458 2867 487 2913 s.
524 2841 622 2913 Petri
645 2839 688 2912 ad
721 2841 886 2914 Vincula.
918 2843 1163 2918 Interlnerunt
1191 2846 1395 2919 cardinales

82 2968 288 3059 quindecim,
324 2970 489 3042 videlicet
509 2993 516 3040 :
538 2967 802 3052 Ulixbonensis,
835 2971 1106 3060 Recanalensis,
1143 2993 1172 3042 s.
1206 2973 1393 3062 Praxedis,

82 3091 344 3184 Alexandrinos,
371 3121 399 3166 s.
425 3095 562 3180 Crucis,
593 3093 866 3188 Agrigentinus,
891 3091 1099 3180 urimenus,
1121 3097 1326 3186 Cesariuus,
1352 3098 1395 3169 de

83 3219 236 3291 larnesio
248 3227 285 3292 et
300 3219 343 3292 de
359 3219 551 3291 Alibretto.
572 3221 657 3289 Post
672 3216 821 3288 missam
838 3217 1070 3289 absolverunt
1088 3243 1171 3291 cnm
1187 3221 1395 3294 celebrante

83 3341 333 3432 l'lixbonensiS,
361 3369 389 3416 s.
425 3342 612 3428 Praxedb,
640 3341 905 3413 Alexandrinus
932 3347 969 3413 et
997 3366 1025 3413 s.
1059 3346 1196 3416 Crucis.
1230 3348 1308 3417 Non
1329 3345 1394 3419 luit

82 3469 193 3556 oratio,
211 3469 354 3564 quial).
373 3469 518 3563 Crispus
535 3467 595 3562 qui
612 3489 693 3538 eam
707 3471 781 3538 erat
798 3465 971 3555 iacturae,
987 3491 1058 3538 non
1076 3468 1140 3538 luit
1156 3469 1281 3542 adhoc
1294 3494 1394 3542 reso-

82 3591 175 3682 lutus,
202 3593 267 3666 sed
292 3593 471 3666 ordinavit
496 3615 575 3664 eam
595 3590 674 3662 lieri
704 3614 768 3686 pro
794 3589 919 3662 ultima
948 3591 1005 3663 die
1035 3593 1284 3687 exequiarum.
1313 3597 1396 3666 Cas-

84 3723 165 3787 trum
190 3717 339 3804 doloriS,
361 3718 488 3805 lectus,
515 3715 712 3800 credentia,
744 3714 926 3786 intorticia
951 3738 991 3786 ac
1021 3717 1144 3789 omnia
1162 3717 1232 3789 alia
1252 3717 1396 3792 luerunt
1515 3801 1519 3820 ι

84 3841 161 3913 sicut
183 3843 302 3939 prime
325 3843 382 3914 die
414 3841 647 3936 exequiarum
675 3839 869 3911 Alexandri
891 3843 952 3928 Vl,
982 3849 1133 3936 excepto
1161 3843 1257 3937 quod
1285 3867 1395 3939 super

83 3964 163 4038 lecto
178 3967 322 4040 luerunt
340 3970 495 4061 quatuor
514 3964 648 4038 cussini
672 3965 716 4036 de
744 3963 895 4051 talietta,
917 3963 986 4036 duo
1006 3965 1051 4036 ad
1067 3971 1176 4062 caput
1200 3973 1235 4040 et
1260 3969 1332 4041 duo
1352 3970 1396 4041 ad

85 4093 180 4183 pedes
205 4099 241 4166 et
257 4099 415 4188 quatuor
439 4089 594 4162 llabella.
622 4087 831 4160 Cardinales
851 4088 941 4160 Gelli
968 4093 1004 4160 et
1033 4090 1181 4184 llispani
1203 4093 1398 4167 noluerunt

83 4211 188 4290 re'nire
206 4218 251 4290 ad
270 4217 454 4310 exequias,
475 4215 675 4287 asserendo
694 4237 766 4286 non
787 4213 922 4286 habere
942 4219 1060 4286 tntum
1077 4238 1264 4288 accessum
1285 4243 1396 4316 prop-

85 4346 280 4435 tergentes
319 4340 417 4412 Pauli
451 4338 617 4412 Perusini
651 4346 686 4409 et
722 4337 940 4408 Ursinornm
966 4338 1002 4408 in
1030 4340 1150 4434 Burgo
1184 4343 1393 4417 existentes.

86 4464 212 4538 Funesti
231 4465 381 4538 luerunt
402 4462 564 4560 episcopi
593 4461 836 4549 ZamorensiS‚
863 4463 1072 4550 SaonensiS,
1105 4463 1397 4560 Biscignanensis

85 4591 113 4658 et
135 4589 306 4679 datarius;
329 4596 417 4685 post
435 4612 497 4661 eos
517 4591 591 4660 DI).
621 4586 777 4659 lacobus
797 4595 832 4658 et
856 4586 1030 4675 Andreas,
1053 4587 1185 4660 tratres
1209 4593 1305 4686 Papa
1333 4593 1398 4664 de-

84 4709 193 4804 luncti,
215 4715 329 4786 etalii
348 4714 464 4786 restiti
485 4713 635 4808 triginta
658 4711 713 4784 vel
731 4712 846 4799 circa;
863 4718 899 4784 et
924 4712 984 4784 alii
1011 4713 1171 4784 nondum
1193 4715 1401 4791 habuerunt

113 4879 133 4934 l.
153 4905 166 4930 α
179 4899 274 4956 ...pru
299 4882 394 4937 eodem
407 4879 514 4953 pretio;
538 4879 610 4950 qnod
634 4895 688 4932 non
712 4877 762 4932 luit
781 4877 958 4938 conveniens.
974 4877 1040 4952 quia
1056 4883 1122 4934 tunc
1136 4889 1193 4936 erat
1210 4880 1348 4955 obligatus
1365 4885 1400 4940 ad

82 4966 218 5027 laciendum
233 4988 345 5027 scamna
360 4987 408 5042 pro
422 4968 493 5024 mille
512 4975 621 5024 centurn
643 4967 768 5039 personis
789 4973 817 5022 et
836 4967 916 5022 modo
938 4984 986 5040 pro
1001 4967 1125 5023 ducentis
1152 4970 1362 5044 quinquaginta.
1385 4995 1400 5023 »

82 5053 148 5115 care
163 5077 303 5134 remarque
315 5059 362 5133 qni
375 5059 447 5115 n'est
461 5059 567 5113 donnae
583 5073 636 5128 que
650 5073 699 5129 par
720 5054 743 5110 le
762 5073 832 5112 mss.
849 5056 882 5112 de
902 5056 1041 5125 Florence‚
1061 5075 1157 5114 asans
1175 5059 1256 5115 doute
1271 5064 1313 5116 ete
1330 5061 1400 5118 mise

82 5160 110 5199 cn
123 5166 210 5223 marga
226 5168 274 5224 par
293 5148 371 5204 Paris
387 5149 420 5204 da
436 5146 546 5204 Crassis
559 5163 607 5204 sur
622 5145 646 5200 le
660 5161 728 5202 mss.
744 5144 862 5221 original
875 5145 908 5200 de
922 5145 1063 5202 Burchard
1078 5153 1105 5203 et
1116 5147 1204 5226 jointe
1217 5165 1253 5204 au
1268 5166 1347 5226 corps
1361 5149 1397 5205 du

81 5235 144 5291 texte
159 5257 205 5312 par
223 5239 247 5296 le
261 5238 381 5312 copiste.
