3502 6036
357 663 408 720 154
814 658 990 716 Jellnuuts
1015 657 1239 726 BURCHARDI,
1499 661 1597 723 {luillet
1610 670 1667 732 llll]

356 838 445 891 zano
468 814 513 888 ad
541 815 797 888 Sermonetam
822 812 932 886 etiam
955 835 1040 886 cum
1065 811 1225 886 maxima
1248 811 1368 910 pluvia
1391 817 1429 889 et
1454 823 1662 914 tempestate.

357 942 420 1014 SS.
440 942 482 1014 D.
502 946 629 1015 noster
643 961 872 1030 recessurus
893 941 931 1012 ut
949 937 1148 1036 prefertur,
1168 939 1213 1011 de
1234 939 1346 1030 Urbe,
1364 941 1548 1018 commisit
1564 967 1663 1020 came·

355 1087 436 1138 ram
454 1088 557 1138 suam
575 1073 611 1140 et
627 1069 744 1139 totum
764 1061 941 1161 palatium
964 1085 1006 1138 ec
1027 1062 1183 1161 negocia
1202 1065 1434 1138 occurrentia
1455 1069 1498 1140 D.
1521 1069 1665 1144 Lucretio

357 1186 429 1260 tilie
456 1211 518 1261 sue
545 1213 630 1285 que,
656 1187 865 1286 hujusmodi
891 1186 1057 1260 absentia
1083 1186 1250 1276 durante,
1279 1186 1497 1262 inhabitavit
1521 1213 1665 1268 cameras

357 1313 451 1412 Pape
470 1319 506 1388 et
528 1313 628 1389 dedit
655 1312 689 1386 ei
713 1311 1009 1387 commissionem
1034 1311 1223 1409 aperiendi
1246 1311 1389 1386 litteras
1410 1315 1598 1390 Sanctitati
1614 1341 1665 1390 sue

220 1487 223 1494 ·
354 1437 514 1513 directas
532 1438 613 1512 etsi
630 1435 993 1534 occurreretaliquid·
1010 1433 1126 1526 ardui,
1144 1436 1299 1512 baberet
1317 1435 1512 1513 eonsilium
1530 1440 1614 1514 ltmi.
1630 1444 1662 1515 n.

353 1562 550 1636 cardinalis
571 1561 851 1661 Ulissiponensis
871 1567 907 1635 et
929 1559 1084 1636 aliorum
1105 1558 1359 1651 cardinalium,
1380 1585 1474 1658 quos
1494 1571 1665 1660 propterea

355 1692 480 1783 posset
494 1685 541 1760 ad
556 1711 595 1761 se
613 1709 754 1760 vocare.
773 1687 994 1761 Occurrente
1014 1685 1138 1759 nescio
1155 1707 1228 1780 quo
1249 1708 1348 1774 casu,
1367 1686 1449 1783 ipsa
1464 1691 1507 1762 D.
1527 1689 1665 1762 Lucretia

355 1811 488 1886 dicitur
505 1811 648 1886 misisse
671 1834 737 1908 pro
759 1814 863 1884 Rmo.
891 1813 933 1883 u.
962 1809 1138 1884 cardinali
1162 1809 1449 1907 Ulissiponeuse,
1479 1813 1664 1910 exposuisse

356 1937 422 2012 sibi
457 1936 754 2013 commissionem
787 1939 884 2033 Papa
916 1939 953 2010 et
987 1958 1113 2009 casum
1146 1940 1429 2009 occurrentem:
1464 1937 1666 2036 quibus-per

356 2065 501 2135 ltmum.
529 2065 573 2136 D.
603 2059 912 2158 Ulissiponensem
940 2057 1147 2150 intellectis,
1175 2081 1260 2134 cum
1284 2059 1352 2133 sibi
1376 2060 1559 2138 videretur
1579 2083 1664 2135 casus

355 2209 551 2260 occurrens
566 2209 639 2260 non
655 2209 735 2259 esse
752 2185 906 2283 alicujus
919 2183 1165 2282 importantia,
1183 2183 1273 2257 dixit
1291 2187 1333 2258 D.
1350 2185 1530 2277 Lucretio,
1545 2185 1663 2282 quando

357 2309 521 2386 Pontifex
541 2309 578 2386 in
595 2309 810 2385 consistorio
830 2309 1002 2409 proponit
1022 2309 1207 2400 materias,
1228 2331 1308 2384 esse
1327 2309 1378 2384 ibi
1398 2313 1445 2386 D.
1470 2309 1664 2385 vicecancel-

354 2434 485 2508 larium
500 2434 555 2509 vel
570 2457 635 2534 pro
652 2457 696 2510 eo
710 2434 821 2508 alium
837 2433 1062 2508 cardinalem
1078 2433 1299 2508 scribentem
1315 2436 1506 2532 pmposita
1519 2443 1553 2510 et
1566 2434 1664 2530 singu-

355 2559 473 2633 lorum
492 2565 595 2650 vote;
617 2563 789 2658 oportere
808 2563 1014 2657 propterea,
1036 2557 1148 2633 etiam
1168 2559 1361 2634 convenire
1380 2559 1482 2658 quod
1501 2560 1663 2634 interesset

357 2683 418 2780 qui
440 2682 538 2758 dicte
558 2689 725 2776 notaret;
751 2689 788 2758 et
812 2682 999 2780 respondit
1022 2683 1191 2758 Lucretia
1217 2705 1256 2757 se
1281 2683 1374 2760 scire
1396 2685 1493 2758 bene
1517 2682 1661 2756 scribere.

355 2809 596 2908 Interrogavit
621 2807 925 2907 Ulissiponensis:
950 2839 967 2876 u
1002 2808 1069 2883 Ubi
1093 2813 1149 2882 est
1169 2831 1290 2908 penna
1309 2809 1456 2886 vestra?
1474 2838 1490 2875 u
1513 2801 1663 2882 intellexit

358 2933 527 3010 Lucretia
545 2933 740 3009 cardinalis
758 2942 918 3009 mentem
938 2941 974 3008 et
993 2934 1176 3028 facetiam.
1200 2933 1354 3010 Subrisit
1377 2941 1414 3009 et
1435 2929 1663 3009 conclusemnt

359 3081 565 3134 sermonem
579 3083 685 3133 suum
701 3061 968 3134 convenienter.
988 3063 1040 3134 lle
1054 3059 1111 3132 bis
1124 3083 1198 3134 uon
1212 3059 1264 3134 lui
1279 3083 1347 3158 ego
1363 3069 1525 3158 rogatus.

408 3184 626 3281 Supradicta
642 3184 714 3274 die,
728 3189 772 3258 27
782 3183 875 3282 julii,
891 3185 989 3259 circa
1006 3185 1135 3260 horem
1155 3183 1368 3282 vigesimam
1383 3207 1497 3258 unam
1516 3179 1596 3256 obiit
1610 3181 1662 3250 Lu-

360 3309 490 3398 oretia,
517 3306 592 3381 lilia
612 3311 656 3382 D.
678 3307 852 3382 lobannis
874 3307 1039 3399 Brendis,
1061 3309 1263 3406 compatris
1283 3307 1369 3398 mei,
1389 3333 1462 3406 que
1481 3307 1598 3382 eodem
1617 3300 1661 3374 die

359 3457 441 3509 sero
458 3433 525 3507 luit
544 3433 687 3532 sepulta
703 3435 740 3507 in
759 3433 914 3510 eeclesia
930 3433 1120 3533 hospitalis
1137 3434 1266 3508 nostri.

405 3559 510 3634 Ferte
528 3565 644 3651 sexta,
665 3561 710 3634 30
729 3559 814 3634 dicti
833 3559 969 3633 mensis
984 3559 1081 3658 julii,
1100 3557 1236 3634 lllmus.
1258 3559 1491 3650 Frederieus,
1513 3581 1570 3632 rex
1586 3555 1660 3628 Nee-

355 3683 551 3782 politanus,
582 3683 641 3783 qui
666 3685 711 3757 ad
739 3691 897 3780 quatuor
921 3707 1067 3758 menses
1093 3682 1189 3758 eirca
1215 3683 1331 3758 tenuit
1354 3685 1391 3758 in
1413 3681 1606 3760 carceribus
1626 3697 1659 3748 cx

348 3808 458 3882 certis
487 3807 607 3882 causis
634 3808 842 3905 principem
880 3807 1077 3906 Bbignani,
1107 3807 1260 3906 receptis
1278 3809 1337 3897 ,eb
1364 3810 1497 3886 eodem
1522 3799 1657 3904 principe

353 3930 529 4012 tredeoim
542 3931 703 4006 millibus
721 3931 952 4023 ducatorum,
969 3933 1134 4008 liberavit
1149 3956 1232 4009 eum
1249 3932 1287 4008 in
1304 3934 1454 4008 nomine
1474 3925 1615 4008 Domini.

401 4055 507 4129 Faria
530 4061 668 4151 quarta,
689 4060 710 4127 4
727 4056 883 4154 augusti,
905 4061 948 4130 l).
967 4057 1012 4129 de
1033 4057 1163 4155 Ubigni
1178 4056 1389 4156 capitaneus
1409 4057 1567 4154 gentium
1582 4043 1657 4142 regis

353 4181 576 4253 Francorum
594 4203 677 4252 cum
698 4179 865 4277 gentibus
887 4181 961 4254 suis
980 4181 1122 4255 intravit
1142 4181 1322 4257 civitatem
1345 4182 1656 4280 Neapolitanamex

353 4304 549 4378 eoncordia
567 4327 651 4380 oum
672 4329 759 4402 rege
782 4305 975 4381 Frederico
997 4307 1099 4398 inite,
1127 4291 1284 4382 stiuam
1305 4308 1515 4406 capitaneus
1533 4323 1572 4376 en
1590 4313 1657 4367 con·

350 4427 475 4502 cordia
489 4427 700 4527 hujusmodi
715 4429 841 4504 babuit
856 4431 979 4506 omnia
994 4428 1113 4505 c'astra
1128 4429 1279 4530 Neapoli
1298 4431 1491 4506 existentia
1506 4425 1569 4499 hac
1585 4437 1655 4491 con-

350 4553 486 4628 ditione
513 4555 608 4650 quod
636 4579 698 4629 rex
726 4553 940 4630 Frederious
969 4555 1101 4630 debeat
1130 4554 1291 4630 residere
1320 4555 1357 4628 in
1386 4555 1513 4640 lscbie,
1546 4543 1587 4620 ed
1607 4556 1655 4608 ⁵0¹
1725 4595 1726 4625 t

351 4701 509 4768 menses,
531 4679 612 4752 etsi
631 4680 773 4756 interim
793 4679 927 4754 babeat
943 4679 1144 4754 subsidium
1160 4679 1324 4778 alicujus,
1344 4679 1443 4777 quod
1462 4675 1561 4752 liceat
1574 4675 1653 4745 tune

352 4810 388 4878 et
402 4803 436 4877 vi
452 4811 487 4878 et
503 4803 613 4878 armis
629 4827 668 4878 se
685 4804 894 4895 defendere,
913 4809 950 4880 et
962 4805 1060 4901 quod
1073 4803 1187 4902 possit
1200 4781 1654 4910 interimexportereomnie
1724 4829 1725 4897 ἑ

354 4931 451 5005 bone
478 4953 556 5020 sua,
581 4952 810 5028 quecumque
837 4929 922 5019 sint,
951 4929 1107 5028 demptis
1132 4929 1307 5004 artiliaria
1332 4937 1369 5003 et
1399 4921 1597 5004 victualibus
1619 4905 1653 4979 dt

353 5054 517 5151 Neapoli,
544 5061 581 5129 et
607 5055 741 5128 ducere
765 5054 922 5128 lschiam
946 5055 1002 5129 vel
1024 5079 1096 5152 quo
1118 5055 1234 5152 magis
1263 5055 1329 5130 sibi
1354 5051 1543 5154 placuerit3
1566 5043 1597 5114 el
1616 5030 1650 5105 Si·

355 5175 487 5270 elapsis
502 5176 608 5250 dictis
625 5201 689 5252 sex
704 5177 904 5270 mensibus
921 5202 994 5252 non
1014 5177 1183 5254 babuerit
1203 5177 1406 5252 subsidium
1422 5173 1649 5274 opportunum,

357 5305 442 5372 tunc
458 5298 534 5394 ipse
553 5322 618 5372 rex
635 5305 804 5372 teneatur
818 5301 1003 5397 resignare
1025 5301 1137 5375 libere
1157 5300 1313 5376 lschiam
1334 5301 1565 5376 et'Selernum
1585 5297 1649 5376 ΡΝ·
