3520 6036
342 585 395 642 332
789 582 966 640 tonsurus
991 580 1213 652 suncusnnv,
1470 584 1664 652 russanen]

342 736 452 812 luerit
467 736 544 834 ipse
563 738 652 826 dux;
671 743 708 812 et
725 738 770 810 de
788 737 859 810 hoc
877 735 1043 832 promisit
1069 736 1164 811 idem
1182 736 1423 811 cardinalias.
1444 739 1569 814 Crucis
1586 742 1658 814 duci

344 887 410 960 pro
428 866 536 959 Papa,
557 865 593 934 et
611 861 639 934 si
657 863 730 934 dux
746 861 837 934 inira
854 860 1094 957 quadraginta
1107 862 1185 934 dies
1198 884 1271 934 non
1288 863 1473 936 curaverit
1491 863 1658 962 assignare

343 987 439 1060 dicta
464 991 597 1072 castra,
616 985 714 1060 idem
733 985 804 1058 dux
833 984 966 1058 debeat
983 985 1106 1058 reduci
1131 990 1282 1058 Romam
1299 991 1335 1060 et
1358 985 1406 1058 ibi
1427 993 1597 1084 perpetuo
1615 989 1661 1061 in·

341 1113 521 1186 carcerari
542 1114 552 1208 (
560 1111 603 1208 t).

394 1237 460 1310 Die
480 1237 638 1326 veneris,
660 1243 681 1310 2
699 1236 885 1327 februarii,
914 1235 1045 1310 sestum
1061 1234 1323 1332 purificationis
1341 1235 1446 1310 beate
1463 1236 1577 1309 Marie
1598 1237 1660 1310 vir-

345 1362 453 1458 ginis,
477 1366 574 1458 Papa
593 1361 776 1436 benedixit
795 1367 831 1436 et
845 1360 1028 1435 distribuit
1043 1361 1213 1434 candelas
1227 1360 1264 1432 in
1279 1359 1419 1457 capella
1431 1361 1561 1458 majori
1575 1384 1660 1434 more

351 1486 482 1560 solito:
513 1485 586 1559 dux
612 1484 800 1558 Adriensis
824 1510 846 1558 a
873 1485 1008 1558 dextris
1036 1491 1071 1559 et
1096 1485 1280 1558 Johonnes
1309 1483 1448 1558 Pisauri
1476 1507 1498 1558 a
1522 1485 1661 1558 sinistris

349 1615 548 1686 tenuerunt
576 1610 745 1684 candelas
772 1613 881 1706 Pape.
912 1609 1128 1706 Capitaneus
1154 1614 1258 1706 porte
1283 1609 1405 1706 palatii
1429 1612 1527 1706 Pape
1551 1608 1660 1682 habuit

346 1735 469 1811 locum
503 1741 586 1832 post
610 1735 748 1809 dictum
773 1738 816 1808 D.
844 1735 889 1808 de
912 1735 1061 1808 Pisauro
1088 1735 1162 1831 qui,
1187 1739 1382 1831 antequam
1412 1734 1599 1808 accederet
1623 1733 1660 1808 ad

348 1859 537 1933 sinistram
558 1863 653 1956 Pape
665 1883 730 1956 pro
750 1859 906 1934 tenenda
922 1859 1086 1950 candela,
1108 1859 1322 1934 Franciscus
1341 1857 1384 1930 de
1402 1861 1539 1947 Monte,
1557 1863 1661 1933 orator

349 1983 448 2079 regis
477 1987 723 2057 Romanorum
750 1983 849 2058 dedit
866 2007 998 2080 aquam
1016 1985 1183 2057 manibus
1208 1987 1321 2081 Pape3
1340 1986 1464 2056 timus.
1488 1985 1530 2055 D.
1550 1981 1661 2054 itima-

346 2107 457 2180 tensis
478 2107 674 2182 celebravit
692 2108 840 2182 missam
853 2108 1074 2184 solemnem:
1097 2111 1196 2205 Papa
1210 2113 1246 2182 et
1263 2107 1322 2180 olii
1342 2129 1470 2180 omnes
1484 2110 1660 2182 tenuerunt

339 2229 531 2306 candelam
556 2255 751 2306 accensam
769 2233 814 2306 ad
830 2233 1072 2332 evangelium,
1095 2232 1205 2307 etiam
1232 2233 1278 2306 nd
1295 2231 1536 2306 elevationem
1553 2252 1659 2302 sacra-

342 2355 469 2442 menti,
501 2363 537 2432 et
559 2357 670 2448 bene;
700 2362 795 2455 Papo
818 2359 914 2433 venit
941 2357 1089 2432 insede
1117 2359 1152 2430 in
1179 2356 1443 2454 processione:
1473 2355 1546 2428 alia
1573 2375 1657 2427 mor·
1744 2369 1745 2460 ζ

347 2479 465 2553 solitu.
1744 2487 1745 2564 1

394 2605 603 2695 Dominica,
633 2612 671 2678 11
703 2607 890 2696 februarii,
922 2614 1004 2704 post
1026 2606 1234 2703 prandium,
1267 2612 1512 2680 cucurrerunt
1531 2603 1660 2678 Judeia

348 2732 485 2824 Campo
508 2730 616 2804 Flore
639 2731 685 2803 ad
708 2731 841 2804 turrim
864 2731 974 2805 castri
1002 2757 1031 2804 s.
1061 2731 1190 2827 Angeli
1216 2735 1366 2826 pontem
1397 2729 1657 2827 respicientem,

348 2856 445 2948 Papa
464 2853 500 2926 in
520 2877 666 2927 camera
683 2855 777 2928 horti
794 2856 951 2930 vidente.

402 2977 468 3049 Die
503 2983 544 3052 11
571 3002 640 3074 que
660 2977 726 3052 tuit
751 2979 849 3068 lune,
878 2985 1120 3054 cucurrerunt
1138 2980 1280 3076 pueria
1307 2980 1442 3054 slavica
1468 2975 1658 3053 cancellarii

355 3101 401 3174 od
419 3101 555 3176 dictam
573 3103 715 3193 turrim,
735 3107 833 3200 Papa
849 3105 1005 3180 vidente.

402 3225 466 3300 Die
492 3227 632 3316 martia,
665 3232 720 3316 13,
741 3237 984 3303 cucurrerunt
1005 3231 1157 3330 juvenes
1181 3255 1202 3304 a
1225 3235 1360 3327 Campo
1382 3229 1490 3302 Flore
1514 3227 1557 3302 ad
1575 3246 1660 3296 eam-

352 3353 435 3426 dem
455 3353 595 3444 turrim,
618 3357 713 3450 Papa
730 3355 884 3430 vidente.

397 3478 535 3552 Eodem
553 3479 624 3567 die,
646 3479 797 3570 insero,
822 3483 894 3555 dux
914 3483 1142 3572 Valentinus,
1169 3491 1304 3556 etcum
1327 3479 1442 3580 1011).
1470 3483 1510 3551 F.
1530 3476 1574 3575 (2)
1598 3473 1659 3546 the·

349 3605 537 3678 saurarius
563 3609 659 3702 Pape
678 3610 714 3678 et
731 3607 838 3702 pauci
857 3607 920 3680 alii
941 3608 1138 3682 servitores
1153 3609 1406 3705 equitaverunt
1423 3606 1468 3678 ad
1498 3603 1617 3700 Ripam
1632 3605 1658 3670 et

350 3727 395 3800 ibi
416 3730 640 3802 intraverunt
657 3732 807 3804 barcam
826 3736 862 3804 ot
879 3733 1141 3829 navigaverunt
1160 3734 1206 3808 ad
1225 3733 1376 3806 Ostium.

396 3851 460 3924 Die
477 3854 661 3942 mercurii,
686 3859 728 3925 11
745 3853 935 3945 februarii,
954 3863 1194 3930 cucurrerunt
1204 3858 1355 3954 juvenes
1374 3857 1420 3928 de
1439 3854 1575 3928 slavica
1585 3850 1660 3922 virc-

350 3977 561 4048 cancellarii
588 3979 633 4050 ad
659 3979 787 4050 turrim
811 3980 1060 4075 supradictam
1083 4005 1150 4077 pro
1169 3982 1295 4078 pallio,
1325 3985 1424 4078 Papa
1447 3978 1598 4052 vidente.

397 4101 462 4173 Die
473 4100 580 4198 jovis,
601 4101 735 4176 festum
752 4103 787 4175 in
807 4107 945 4202 Agone.

396 4225 462 4298 Die
481 4226 634 4316 sabbati,
660 4233 716 4318 17,
740 4237 821 4324 post
846 4231 1058 4325 prandium,
1083 4231 1237 4306 recessit
1256 4236 1381 4304 Rmus.
1407 4233 1450 4304 D.
1482 4225 1658 4304 cardinalis

346 4371 374 4420 s.
397 4350 534 4439 Crucis,
556 4351 674 4424 iturus
694 4353 832 4426 Ostiam
850 4378 914 4450 pro
934 4357 1100 4430 custodia
1117 4357 1220 4430 ducis
1237 4355 1433 4434 Valentini.

394 4473 462 4546 Die
480 4475 666 4550 dominico
688 4481 744 4566 18,
766 4476 898 4550 tostum
916 4478 953 4551 in
971 4481 1169 4553 Testaccio.

395 4599 460 4672 Die
479 4600 576 4690 luno,
598 4607 641 4674 19
660 4602 849 4692 februarii,
871 4610 953 4678 ante
971 4606 1178 4701 prandium,
1200 4612 1384 4703 portatum
1408 4607 1475 4680 fuit
1491 4603 1602 4702 sepul-

347 4732 465 4798 turam
487 4725 561 4799 sive
581 4727 789 4823 depositum
814 4729 859 4800 de
878 4728 987 4803 domo
1005 4731 1211 4827 patriarche
1238 4731 1473 4806 Alexandrini
1492 4733 1528 4806 in
1551 4734 1654 4828 Agone

384 5012 410 5066 1.
425 5009 504 5153 dttoy.
521 5010 591 5066 dans
608 5010 783 5082 Giustiniani,
799 5017 819 5069 t.
836 5013 871 5082 11,
885 5031 912 5086 p.
925 5015 987 5084 109,
1002 5014 1027 5070 ta
1042 5016 1162 5088 depeche
1177 5017 1214 5073 du
1225 5017 1261 5073 28
1272 5017 1380 5092 janvier
1396 5019 1474 5088 1501,
1489 5015 1655 5074 relativetcet

344 5115 423 5153 secor
446 5138 452 5153 .

382 5189 409 5241 2.
433 5189 489 5255 Sic,
507 5187 575 5243 dans
588 5193 650 5244 tous
663 5188 702 5244 les
717 5208 785 5246 mss.
806 5191 827 5246 Il
845 5192 903 5249 snut
918 5193 965 5250 lire
982 5211 988 5248 ε
1005 5195 1167 5252 Franciscus
1186 5197 1214 5252 di
1234 5197 1324 5254 Castel
1343 5197 1386 5254 del
1404 5198 1466 5258 Rio.
1487 5197 1556 5272 Voy.
1573 5191 1656 5254 Giusti·

349 5273 434 5342 niani,
450 5281 472 5332 t.
494 5275 529 5342 li,
545 5293 572 5347 p.
591 5278 653 5343 138,
669 5279 733 5350 dep.
750 5280 786 5333 du
809 5281 842 5334 t5
861 5281 924 5350 sev,
945 5287 971 5338 et
986 5281 1011 5338 la
1026 5290 1088 5340 note
1102 5286 1120 5336 2
1134 5285 1168 5342 de
1188 5285 1292 5342 vitiari.
