3554 6042
40 599 213 664 [annaeoa]
392 598 521 659 RERUM
544 586 772 657 URBANARUM
795 595 1059 660 COMMENTARH.
1347 603 1401 686 ,⁴2⁷

105 753 312 830 Dominica
328 760 517 852 sequente,
535 775 670 851 corpus
692 777 758 827 seu
774 753 882 828 funus
903 755 1069 854 ejusdem
1088 753 1155 828 tuit
1172 755 1332 830 delatum
1353 758 1399 831 ad

45 881 332 956 monasterium
356 905 385 954 s.
411 880 525 954 Marie
547 881 593 954 de
624 880 776 978 Populo,
807 881 903 955 unde
924 880 993 955 fuit
1024 879 1156 954 debitis
1180 883 1399 956 ceremoniis

44 1007 264 1107 sepultum.
284 1007 412 1086 Vocati
428 1007 578 1082 luerunt
598 1010 797 1082 conventus
813 1029 842 1081 s.
863 1006 1069 1104 Augustini,
1088 1006 1245 1098 Areceli,
1266 1007 1311 1082 de
1329 1011 1399 1082 Po-

44 1132 165 1232 pulo,
200 1132 420 1208 camerarius
447 1130 533 1208 cleri
565 1130 684 1224 Urbis,
714 1129 966 1230 parochiarius
989 1131 1182 1232 presbyter
1208 1131 1398 1231 hospitalis

43 1335 175 1405 ideitur,
193 1353 250 1393 non
261 1335 321 1393 vult
333 1339 529 1393 testamentum
543 1332 642 1400 valere,
660 1338 688 1392 et
700 1333 739 1392 sic
763 1333 824 1410 ipse
843 1335 920 1409 Papa
936 1338 1086 1409 exequutor
1101 1351 1164 1392 esse
1174 1333 1309 1407 creditur;
1326 1337 1399 1411 quod

47 1433 157 1484 tamen
172 1443 231 1482 nou
243 1431 287 1483 est
300 1425 391 1484 adhuc
402 1425 516 1483 clarum.

87 1516 166 1574 Item
186 1514 239 1572 feci
258 1532 356 1572 vocare
376 1532 471 1573 omnes
494 1513 691 1572 referendarios
710 1513 746 1570 de
767 1530 883 1588 quornm
908 1531 1022 1572 numero
1046 1514 1107 1590 ipse
1130 1519 1189 1571 erat
1212 1513 1400 1574 fraudulenter

44 1605 163 1674 factus,
179 1605 235 1662 boc
248 1605 339 1675 modo,
354 1604 482 1662 videlicet
497 1623 504 1663 s
521 1623 582 1662 cum
597 1605 668 1661 duos
686 1603 805 1679 prelatos
825 1605 901 1679 Papa
918 1604 1030 1662 ferisset
1045 1623 1132 1662 novos
1146 1603 1354 1675 referendarios,
1370 1613 1398 1665 et

45 1694 110 1769 ipsi
125 1711 164 1750 ex
180 1711 257 1752 more
268 1693 368 1752 vellant
383 1694 501 1752 osculari
515 1695 613 1769 pedem
627 1695 711 1767 Papa,
727 1692 787 1768 ipsc
802 1693 920 1751 Ortanus
935 1694 1059 1768 quicum
1074 1696 1169 1753 ederet
1183 1695 1286 1754 detexit
1299 1697 1396 1772 pedem

46 1791 80 1842 et
97 1785 236 1857 jocando,
256 1801 317 1840 cum
340 1783 426 1841 multo
441 1783 498 1840 risu
518 1785 560 1858 (ut
577 1782 730 1857 deceptorie
750 1781 866 1855 solebat)
889 1783 968 1858 petiit
986 1801 1022 1842 aa
1039 1785 1100 1860 ipse
1116 1785 1198 1843 etiam
1218 1805 1279 1845 esse
1304 1794 1399 1862 posset

47 1891 132 1930 unus
150 1891 187 1930 ex
203 1873 243 1931 eis
260 1891 267 1930 :
283 1891 344 1930 cum
359 1874 444 1949 Papa,
459 1891 514 1930 non
529 1873 686 1949 intelligens
706 1884 818 1948 propter
836 1874 921 1931 risum
941 1875 1010 1949 ejus,
1031 1874 1112 1930 etiam
1132 1875 1225 1933 ridens
1245 1877 1315 1935 dixit
1326 1879 1401 1953 quod

47 1963 93 2020 sic
110 1963 201 2020 etsie
215 1962 276 2038 ipsa
290 1968 380 2020 astute
393 1962 549 2038 primarios
559 1963 703 2037 ingressus
715 1963 886 2038 signaturam
899 1981 956 2022 non
971 1965 1045 2032 Pape
1060 1965 1108 2020 sed
1121 1964 1269 2022 cardinalis
1282 1965 1400 2024 Alexan-

46 2052 141 2109 drini.
158 2053 231 2109 Tum
246 2070 307 2108 cum
322 2053 447 2110 uertisset
459 2053 494 2110 ad
510 2053 693 2127 signaturam,
712 2055 789 2129 Papa
807 2053 936 2112 turbatus
956 2053 991 2110 de
1005 2053 1065 2127 ejus
1079 2054 1235 2113 temeritate
1249 2055 1402 2130 expulisset

45 2143 133 2200 illum
150 2141 211 2199 nisi
226 2139 374 2199 cardinalis
388 2141 602 2214 Alexandrinus,
621 2144 738 2202 multum
757 2143 886 2202 instando
904 2143 1058 2200 laborasset
1071 2148 1102 2200 ut
1116 2144 1193 2219 Papa
1206 2144 1334 2202 toleraret
1348 2145 1402 2202 sal·

48 2241 110 2294 tem
126 2249 184 2309 pro
195 2234 301 2290 honore
321 2230 412 2307 ipsius
431 2231 593 2304 cardinalis;
612 2237 639 2291 et
653 2233 693 2290 sie
712 2233 772 2309 ipse
790 2235 867 2310 Papa
883 2232 1009 2292 toleravit
1027 2231 1119 2307 ipsum
1137 2232 1274 2292 Ortaoum
1288 2233 1316 2290 in
1329 2235 1401 2293 refe-

48 2323 233 2382 sensianum.

88 2415 167 2471 Item
184 2411 236 2470 feci
256 2429 352 2469 vocare
370 2429 465 2470 omnes
488 2410 651 2470 assistentes
674 2413 749 2488 Papa
773 2413 807 2470 de
829 2429 945 2488 quorum
968 2429 1082 2471 numero
1106 2411 1231 2470 similiter
1252 2413 1305 2472 fuit
1327 2431 1400 2472 unus

48 2505 151 2561 faetus
163 2520 224 2560 non
239 2519 302 2560 cum
315 2501 415 2559 minori
427 2508 486 2560 arte
500 2501 556 2558 nisi
568 2503 660 2576 potins
673 2503 796 2561 fraudem
811 2502 942 2578 appelles,
955 2502 1076 2577 quicum
1090 2503 1150 2578 ipse
1164 2507 1239 2560 esset
1253 2503 1401 2577 episcopus

49 2599 81 2648 et
105 2593 250 2666 magister
269 2591 492 2662 ceremoniarum,
515 2590 596 2666 petiit
618 2591 727 2668 aPapa
750 2611 787 2650 an
807 2591 928 2667 placeret
950 2593 1024 2666 quod
1048 2591 1108 2668 ipsa
1126 2597 1200 2648 esset
1227 2593 1299 2666 apud
1318 2593 1402 2651 altare

50 2681 238 2758 propriorum
254 2683 314 2754 (stc)
330 2681 365 2738 ad
375 2681 479 2756 Papam
494 2681 699 2740 ministraturus
713 2681 739 2739 ei
752 2687 884 2757 tanquam
900 2682 1040 2758 magister,
1057 2687 1084 2740 et
1096 2683 1172 2755 Papa
1186 2681 1313 2739 toleravit
1328 2701 1334 2740 :
1351 2683 1400 2740 scd

49 2773 125 2846 quia
152 2771 196 2828 sic
219 2775 294 2828 esset
316 2769 428 2828 ultimus
455 2777 520 2846 post
542 2770 649 2846 aliquos
677 2771 825 2846 episcopos
848 2771 1013 2830 assistentes
1035 2771 1083 2845 qui
1106 2777 1184 2828 erant
1207 2769 1333 2845 juniores
1355 2788 1398 2844 eo,

50 2861 132 2919 dixit
147 2860 229 2935 Papa
244 2864 303 2916 'nou
323 2877 386 2917 essa
409 2861 575 2918 conveniens
596 2867 626 2919 ut
649 2860 710 2936 ipse
733 2861 825 2918 senior
847 2861 992 2936 episcopus
1015 2866 1090 2918 esset
1109 2861 1162 2918 sub
1182 2859 1243 2918 aliis
1262 2861 1399 2938 episcopis

46 2951 235 3025 junioribus;
254 2956 280 3006 et
295 2948 335 3006 sic
349 2967 412 3006 cum
431 2949 507 3025 Pape
526 2949 584 3008 risu
603 2955 631 3008 et
648 2949 818 3024 malignitate
836 2950 955 3007 bominis
974 2949 1111 3008 concessit
1131 2955 1162 3007 ut
1176 2957 1250 3008 esset
1264 2950 1400 3010 assistens

51 3049 81 3098 et
89 3039 240 3113 magister.
255 3039 349 3113 ltaque
359 3038 399 3096 sic
409 3037 541 3098 remansit
550 3039 621 3097 inter
633 3038 796 3097 assistentes
808 3041 881 3116 Pape
891 3039 1023 3098 indirecte
1032 3045 1114 3115 prout
1124 3039 1206 3099 etiam
1215 3040 1318 3098 fecerat
1329 3041 1400 3098 inter

48 3129 276 3198 referendarios,
297 3134 325 3185 at
347 3127 411 3184 binc
430 3135 504 3186 recta
525 3129 718 3202 oportunitate,
743 3128 810 3187 libet
830 3147 915 3186 unum
937 3129 1040 3187 factum
1064 3129 1168 3186 dietum
1191 3130 1267 3204 Pape
1287 3130 1321 3188 de
1338 3130 1399 3205 ipso

49 3219 195 3294 episcopo
205 3219 307 3276 Ortano
322 3217 369 3292 qui
390 3217 481 3294 ipsum
505 3218 608 3293 Papam
629 3218 658 3274 in
677 3219 786 3276 duobus
807 3217 972 3293 supradictis
990 3217 1097 3292 decepit
1116 3225 1215 3276 utnon
1227 3219 1308 3276 tertio
1323 3219 1397 3276 deci-

49 3311 136 3380 peret
153 3323 160 3360 :
178 3321 243 3362 cnm
256 3306 333 3382 Papa
344 3315 465 3365 creasset
487 3324 573 3365 nouos
595 3307 745 3366 cardinales
765 3325 861 3365 novem
880 3309 931 3364 hoc
952 3325 1035 3372 anno,
1056 3313 1085 3365 et
1103 3307 1157 3382 ipsi
1173 3308 1337 3384 ducerentur
1350 3327 1399 3384 per

48 3395 86 3452 D.
106 3395 314 3453 Bernardinum
326 3403 355 3455 et
367 3415 411 3455 me
426 3397 461 3454 ad
473 3397 571 3472 pedem
585 3398 660 3472 Papa
675 3397 703 3454 iu
723 3397 925 3466 consistorium,
942 3402 1101 3471 nequientem
1117 3397 1192 3472 ipsos
1207 3397 1281 3472 (ipso
1296 3398 1399 3456 Ortano

49 3493 196 3558 tanquam
218 3485 302 3542 eliam
320 3486 452 3562 magistro
473 3487 709 3560 ceremoniarum),
727 3489 802 3561 Papa
819 3485 916 3544 videns
932 3486 1023 3560 ipsum
1045 3485 1149 3552 venire,
1168 3486 1314 3544 subridens
1327 3485 1398 3543 dixit

49 3572 210 3632 altiuscula
222 3593 289 3632 uoce
301 3575 367 3634 talia
380 3575 474 3647 verbe,
488 3575 615 3634 videlieet
631 3593 638 3634 τ
656 3597 671 3631 a
686 3577 744 3652 Ego
758 3576 839 3634 video
850 3575 1008 3650 episcopum
1019 3575 1152 3633 Ortanum
1164 3576 1320 3633 venientem
1334 3582 1399 3650 post

50 3681 148 3721 novos
168 3663 323 3722 cardinales
342 3671 473 3740 tanquam
494 3683 578 3722 unam
600 3683 633 3722 ex
654 3664 716 3736 illis,
740 3673 767 3724 et
790 3667 871 3722 timeo
886 3683 930 3722 me
948 3665 1067 3739 decipiat
1086 3669 1113 3721 et
1132 3665 1172 3722 sic
1193 3682 1210 3722 a
1230 3683 1260 3722 se
1275 3665 1335 3740 ipso
1350 3665 1399 3721 liat

51 3751 221 3823 cardinalis,
237 3754 340 3822 nescio,
353 3755 437 3812 invito
453 3761 480 3812 et
501 3754 626 3830 decepto,
648 3755 719 3811 sicut
739 3755 821 3812 etiam
839 3755 927 3812 factus
949 3759 993 3811 est
1009 3753 1145 3811 assistens
1159 3759 1188 3812 et
1201 3753 1399 3811 referendarius

50 3855 153 3920 preter
166 3861 258 3901 meam
273 3843 467 3916 intentionem;
480 3867 494 3897 >r
506 3861 591 3918 quare
606 3845 682 3919 Papa
697 3861 806 3918 semper
819 3843 870 3901 fnit
880 3843 985 3910 ridens,
996 3850 1146 3918 expectens
1161 3843 1254 3901 videre
1267 3844 1342 3918 quod
1355 3843 1399 3900 ille

51 3935 143 3992 vellet
151 3933 258 4003 facere;
271 3933 320 3991 sed
330 3934 364 3990 D.
372 3933 559 3990 bernardinus
570 3935 599 3990 in
609 3935 701 4008 ipsum
712 3933 822 3991 intuens
834 3932 945 4008 signum
954 3932 1018 3991 fecit
1031 3941 1062 3991 ut
1071 3933 1134 3990 inde
1144 3931 1241 4004 abiret,
1251 3937 1279 3991 et
1289 3933 1329 3990 sic
1337 3932 1398 3991 fuit.

86 4023 186 4097 igitur
200 4022 235 4079 de
253 4022 449 4080 assistentibus
468 4030 495 4080 et
513 4022 704 4080 referendariis
725 4023 827 4081 vocatis
847 4023 882 4080 ad
903 4024 1035 4080 bonorem
1053 4022 1158 4080 funeris
1179 4023 1240 4098 ejus
1254 4039 1334 4080 nemo
1348 4023 1398 4080 ad·

50 4115 118 4184 fuit,
133 4111 192 4169 nisi
207 4119 313 4170 tantem
326 4119 451 4169 cantores
466 4113 541 4186 Papa
554 4112 601 4186 qui
616 4112 707 4170 vocati
720 4113 830 4170 fuerunt
843 4117 973 4186 tanquam
988 4112 1022 4170 de
1037 4118 1131 4170 nostro
1150 4111 1275 4188 collegio,
1290 4111 1333 4169 vel
1347 4129 1399 4169 nos

51 4205 87 4260 de
103 4205 234 4278 ipsorum
250 4200 365 4276 collegio
381 4201 466 4258 simus
481 4220 488 4258 :
504 4219 538 4258 ex
552 4201 660 4259 familiis
676 4201 853 4258 cardinalium
871 4201 982 4259 fuerunt
997 4202 1068 4259 circa
1079 4201 1175 4277 prolati
1189 4201 1300 4276 viginti,
1315 4219 1398 4276 regu-

51 4291 131 4350 lares
143 4290 248 4366 viginti
268 4292 390 4366 quinque
409 4311 472 4349 cunr
495 4293 656 4350 camerario.
677 4291 748 4350 Cleri
766 4292 876 4348 fuerunt
892 4290 1008 4348 inritati,
1029 4291 1124 4348 Torcie
1143 4291 1253 4347 luerunt
1272 4290 1399 4347 ardentes

51 4383 129 4438 circa
144 4380 331 4455 qnadraginta
345 4393 373 4440 et
386 4380 498 4438 aliedue
507 4389 632 4456 quatuor.
651 4381 738 4439 Unam
746 4379 843 4437 babuit
852 4379 1017 4437 camerarius
1027 4379 1149 4454 prelatus
1165 4387 1192 4437 et
1201 4379 1281 4436 aliam
1292 4378 1397 4453 Lippus

52 4472 101 4546 qni
115 4467 220 4526 habuit
235 4485 388 4527 sermonem
402 4469 431 4525 in
445 4471 530 4527 funus
542 4471 612 4546 ejus.
629 4470 724 4527 Torcie
738 4469 859 4543 predicte
878 4469 988 4528 luerunt
998 4469 1080 4526 nimis
1094 4468 1190 4539 multe,
1207 4469 1256 4526 sed
1270 4467 1399 4542 quoniam

52 4565 138 4618 erant
152 4559 185 4614 in
198 4559 279 4617 domo
294 4561 354 4634 ejus
369 4577 424 4617 non
441 4561 554 4618 fuerunt
569 4565 671 4635 empta,
686 4560 748 4619 ideo
760 4563 801 4618 tot
812 4566 950 4619 arserunt.
971 4560 1078 4634 Corpus
1094 4560 1154 4634 ejus
1164 4559 1193 4615 in
1203 4557 1284 4614 domo
1294 4557 1399 4614 mansit

53 4649 81 4706 in
93 4647 225 4706 ulteriori
240 4667 356 4713 camera,
379 4649 452 4706 etin
473 4649 532 4707 sala
550 4651 660 4707 fuerunt
673 4649 770 4725 prelati
789 4655 817 4706 et
835 4649 873 4706 ibi
893 4650 974 4708 etiam
993 4649 1105 4706 fuerunt
1118 4665 1217 4706 novem
1231 4645 1321 4703 vestiti
1336 4663 1398 4702 cum

52 4739 187 4796 restibus
211 4738 376 4813 lugubribus
397 4739 562 4796 adherentes
583 4739 682 4814 parieti
705 4741 898 4810 fenestrarum,
921 4739 967 4797 alii
988 4740 1068 4796 etiam
1092 4744 1154 4795 octo
1176 4735 1284 4805 vestiti3
1305 4734 1398 4792 famuli

47 4831 181 4906 juniores
206 4829 319 4887 fuerunt
341 4829 454 4888 inferius
476 4837 653 4906 expectentes
669 4848 676 4888 ε
693 4829 782 4888 bireta
801 4846 895 4886 omnes
918 4827 1074 4885 habuerunt
1092 4827 1141 4884 sed
1160 4832 1251 4884 vestes
1265 4824 1397 4898 lugubres

53 4939 113 4978 non
128 4921 165 4976 de
190 4937 283 4994 panno
300 4936 372 4978 novo
392 4921 440 4978 sed
462 4921 651 4977 commodatae
674 4920 727 4977 sub
750 4917 884 4994 pensione
909 4917 1017 4974 diurno.
1040 4915 1193 4991 Episcopus
1215 4913 1267 4970 fuit
1287 4915 1321 4972 de
1338 4923 1398 4974 toto

53 5019 174 5085 paratus
190 5009 263 5066 sicut
276 5008 428 5080 celebrans,
444 5009 644 5085 pontificaliter.
654 5009 724 5066 Post
735 5008 863 5066 feretrum
874 5007 951 5065 ibent
964 5011 1025 5063 octo
1037 5005 1148 5062 viliores
1162 5003 1257 5061 famuli
1270 5005 1396 5078 predicti,

54 5099 165 5173 singuli
179 5097 232 5156 soli
246 5106 275 5156 et
285 5099 332 5156 alii
346 5117 444 5157 nouem
459 5099 568 5157 iverunt
580 5098 663 5156 medii
684 5097 754 5156 inter
774 5097 917 5172 episcopos
937 5096 1090 5170 equitantes
1107 5112 1114 5151 :
1130 5094 1159 5149 in
1178 5092 1292 5150 ecclesia
1305 5095 1399 5154 vestiti

54 5188 171 5246 fuerunt
185 5187 213 5244 in
227 5188 318 5246 medio
333 5188 447 5246 ecclesie
462 5189 496 5246 ad
511 5189 598 5246 latera
611 5188 732 5245 defuncti
745 5187 820 5261 apud
834 5186 940 5254 sedilia,
955 5185 983 5242 id
998 5193 1041 5243 est
1054 5191 1127 5242 retro
1138 5185 1397 5242 fratrescantantes.

56 5277 162 5335 Prolati
178 5294 244 5336 uero
259 5279 389 5336 sederunt
404 5279 432 5335 in
446 5277 551 5354 capella
575 5277 739 5336 Salerniteui
763 5294 846 5352 super
864 5277 980 5334 banchis
997 5275 1036 5334 ibi
1052 5275 1147 5334 locatis
1166 5273 1295 5334 omnibus
1309 5273 1399 5350 prius-
