3590 6042
71 591 241 656 [sesumam
259 593 331 654 ras]
406 589 533 648 aaauu
557 588 786 646 uaaauanuu
811 589 1073 650 couuaurlau.
1373 600 1409 653 rs

73 746 357 820 commemoravi
384 745 528 844 agenda
556 746 594 819 in
622 745 767 844 publico
794 745 959 843 proximo
989 745 1220 838 consistoria,
1248 756 1285 824 at
1312 752 1409 848 Papa

74 871 192 947 omnia
206 871 292 946 [ieri
309 872 457 962 debere,
472 879 581 970 prout
596 871 633 944 in
648 895 740 947 novo
754 871 988 946 ceremoniali
1001 871 1168 947 habetur.

118 999 223 1074 Faria
243 1007 363 1091 sexta,
393 1003 415 1072 2
438 999 575 1075 mensis
599 1000 772 1091 octobris,
799 1004 896 1096 Papa
914 999 1035 1072 vocari
1057 998 1143 1073 fecit
1163 999 1208 1074 ad
1230 1025 1268 1074 se
1291 1002 1409 1076 cardi-

73 1126 168 1198 nales
183 1126 374 1223 antiquos,
392 1147 476 1200 cum
492 1125 622 1222 quibus
637 1123 798 1200 tractavit
818 1126 863 1200 de
883 1125 1069 1200 creatione
1086 1125 1289 1222 aliquorum
1308 1127 1409 1226 lega-

76 1259 188 1326 torum
210 1274 256 1326 ex
278 1251 381 1326 novis
399 1250 655 1343 cardinalibus,
681 1257 717 1324 et
736 1251 800 1324 suit
819 1251 1031 1326 conclusum
1051 1252 1147 1347 quod
1163 1251 1259 1326 dicta
1273 1254 1409 1328 creatio

73 1378 277 1476 legatorum
308 1376 521 1476 hujusmodi
549 1383 809 1475 prorogaretur
836 1400 901 1451 seu
935 1376 1220 1474 suspenderetur
1245 1378 1290 1452 ad
1313 1377 1410 1454 aliud

76 1513 226 1603 tempus,
244 1505 348 1602 quod
363 1511 399 1580 et
413 1503 550 1578 lactum
567 1509 635 1578 est.
660 1506 757 1600 Papa
775 1501 906 1576 deinde
927 1503 1025 1578 venit
1040 1501 1086 1577 ad
1102 1527 1285 1579 cameram
1301 1529 1410 1603 pupa-

76 1629 167 1726 galli,
194 1629 258 1704 ubi
281 1629 440 1727 receptis
460 1627 679 1726 paramentis
701 1627 815 1702 solitis
838 1627 936 1702 venit
958 1627 1004 1701 ad
1029 1628 1149 1702 aulam
1173 1630 1318 1704 tertiam
1343 1653 1409 1728 pro

76 1753 213 1852 publico
228 1755 450 1829 consistorio
465 1759 642 1852 paratam.

123 1881 279 1956 Interim
296 1905 362 1955 sex
375 1880 457 1956 novi
474 1881 674 1957 cardinales
690 1879 750 1978 qui
767 1904 806 1955 se
821 1881 859 1955 in
874 1904 1020 1956 camera
1034 1881 1247 1956 Mutinensis
1263 1904 1413 1980 congre·

81 2013 261 2102 gaserant,
282 2016 462 2085 venerunt
477 2009 514 2084 iu
534 2031 662 2082 eorum
685 2006 810 2104 cappis
829 2005 875 2081 ad
898 2029 1045 2104 parvam
1071 2006 1246 2104 capellam
1272 2029 1339 2105 pro
1360 2007 1413 2081 eis

81 2133 294 2208 ordinatam.
326 2137 436 2232 Papa,
464 2134 621 2234 receptis
648 2131 805 2228 antiquis
826 2131 1070 2207 cardinalibus
1095 2132 1141 2206 ad
1160 2133 1411 2224 reverentiam,

82 2282 176 2333 more
193 2259 320 2352 solito,
336 2261 501 2336 recitavit
516 2268 553 2335 et
567 2257 762 2356 publicavit
777 2281 817 2332 se
833 2256 968 2330 dudum
989 2263 1064 2330 tres
1085 2279 1197 2330 novos
1213 2257 1414 2332 cardinales

82 2406 235 2473 creasse,
261 2383 430 2460 videlicet
453 2385 630 2460 Didacum
649 2385 694 2459 de
716 2381 923 2474 Mendozza,
946 2381 1261 2480 archiepiscopum
1285 2383 1414 2481 Hispa-

80 2507 228 2602 lenscm,
249 2510 458 2584 Amaueum
479 2509 524 2582 de
541 2509 689 2584 Albreto
705 2517 741 2584 et
761 2507 981 2582 Ludovicum
998 2511 1182 2607 Bergium,
1199 2516 1413 2607 protonota-

83 2634 169 2709 rium
196 2639 458 2735 apostolicum,
486 2645 522 2714 et
546 2636 584 2709 in
610 2627 738 2712 ultimo
772 2635 989 2711 consistorio
1017 2659 1147 2710 novem
1177 2637 1268 2711 alios
1297 2637 1414 2712 cardi·

84 2759 176 2836 nales
197 2765 496 2861 pronuntiarisse
512 2764 574 2862 qui
597 2767 681 2837 suut
702 2761 869 2860 superius
894 2767 940 2836 29
966 2762 1180 2860 septembris
1201 2785 1284 2836 cum
1299 2762 1412 2837 tribus

85 2889 269 2965 nominati.

128 3019 202 3101 Ouo
229 3017 341 3108 lacto,
371 3019 469 3116 Papa
489 3015 578 3089 dixit
602 3015 691 3089 mibi
712 3013 809 3112 quod
833 3013 925 3089 irem
951 3039 1017 3114 pro
1041 3012 1143 3089 novis
1170 3014 1411 3092 cardinalibus

88 3146 118 3213 at
139 3141 232 3238 quod
267 3143 415 3217 interim
441 3143 636 3216 advocatus
666 3147 887 3240 proponeret
916 3142 1072 3239 primam
1097 3141 1409 3218 commissionem.

90 3267 260 3364 Respondi
289 3270 385 3366 Pape
413 3267 700 3366 propositionem
723 3267 993 3342 commissionis
1020 3269 1179 3344 hicnon
1203 3270 1410 3361 convenire,

91 3391 292 3466 reddebere
310 3393 412 3491 sequi
431 3393 476 3466 ad
491 3417 603 3468 noros
619 3393 821 3469 cardinales
837 3394 1125 3469 admonitionem
1142 3395 1296 3469 solitam.
1316 3398 1415 3494 Papa

91 3515 282 3612 replicarit:
315 3519 407 3592 «sic
432 3519 622 3594 volumus!
651 3550 668 3587 a
698 3519 862 3594 Conticui
894 3528 930 3596 et
959 3521 1093 3595 obedii.
1122 3525 1165 3593 D.
1198 3520 1411 3594 Octavianus

91 3643 267 3738 proposuit
289 3643 447 3742 primam
469 3642 782 3734 commissionem,
809 3643 954 3718 interim
972 3643 1056 3718 dato
1077 3645 1181 3742 siguo
1201 3644 1359 3719 ltledices
1377 3652 1413 3718 et

93 3767 251 3844 Famesio
277 3769 441 3845 diaconis
463 3776 499 3844 et
518 3773 689 3867 Capuauo
717 3769 845 3845 ultimo
870 3770 1114 3845 cardinalibus
1134 3769 1231 3867 quod
1251 3769 1414 3845 venirent

93 3895 276 3986 pronovis.
383 3937 387 3946 ‚

134 4021 225 4118 Papa
244 4020 369 4096 videns
392 4021 530 4097 vocavit
551 4045 611 4097 me
638 4029 674 4097 et
692 4023 807 4098 voluit
832 4023 928 4120 quod
959 4024 1132 4099 ducerem
1154 4029 1228 4097 tres
1256 4020 1345 4098 alios
1368 4018 1413 4095 de

95 4145 234 4243 antiquis
249 4172 316 4247 pro
336 4149 438 4224 novis
461 4148 702 4224 cardinalibus
724 4155 763 4222 ut
786 4157 910 4226 essent
929 4158 982 4225 tot
1001 4173 1154 4224 numero
1175 4148 1311 4246 antiqui
1327 4152 1415 4244 quot

95 4272 184 4364 uovi;
201 4281 379 4350 venerunt
393 4274 503 4374 igitur
519 4298 562 4348 ex
578 4275 734 4372 antiquis
751 4301 780 4349 s.
800 4277 940 4370 Crucis,
960 4277 1168 4366 Gurcensis,
1186 4274 1247 4373 qui
1261 4273 1415 4372 ingressi

95 4396 200 4474 aulam
215 4401 435 4490 consistorii,
454 4400 615 4475 Medicas
636 4421 720 4475 cum
741 4401 950 4492 arborensi,
974 4403 1138 4478 lecerunt
1158 4401 1412 4492 reverentiam,

97 4520 244 4602 similiter
268 4527 472 4602 successive
497 4527 556 4601 alii
583 4550 723 4618 ornnes,
753 4532 942 4626 Capuanus
968 4551 1049 4603 cum
1077 4529 1286 4621 Cusentino,
1308 4527 1414 4624 Agri·
1493 4516 1497 4524 ’

96 4655 249 4745 gentinus
266 4679 351 4730 cum
368 4655 612 4746 Salernitano,
630 4655 826 4730 tlurcensis
842 4681 926 4731 cum
942 4656 1211 4755 caputaquensi
1227 4663 1262 4729 et
1278 4679 1308 4726 s.
1327 4658 1415 4728 Gru-

97 4776 139 4849 cis
161 4803 240 4854 cum
265 4781 477 4872 Mutinensi,
505 4781 588 4856 novi
614 4777 820 4856 cardinales
846 4807 867 4856 a
888 4782 1023 4857 dextris
1050 4783 1294 4879 antiquorum,
1322 4777 1418 4875 quod

99 4901 189 4980 etiam
216 4909 314 5005 Pape
349 4929 424 4981 non
455 4907 605 5004 placuit,
642 4903 704 5002 qui
737 4907 881 4982 volebat
912 4908 1078 5006 antiquos
1108 4930 1190 4982 esse
1217 4929 1238 4980 a
1267 4903 1418 4993 dextris,

99 5047 188 5105 novos
204 5057 226 5106 a
245 5029 413 5122 sinistris,
424 5039 471 5106 ,et
483 5055 558 5105 non
574 5029 683 5104 bene.

137 5157 171 5230 ln
197 5157 348 5232 introitu
379 5155 587 5232 consistorii
617 5152 786 5232 similiter
810 5157 907 5252 [acta
933 5165 989 5233 est
1009 5183 1076 5257 per
1103 5155 1284 5256 predictos
1307 5155 1420 5234 cardi-

100 5279 181 5356 nales
199 5283 402 5360 successive
427 5283 643 5376 reverentia,
667 5287 704 5360 et
725 5283 838 5362 locavi
861 5285 1064 5361 successive
1086 5309 1197 5361 novos
1214 5285 1416 5362 cardinales
