3520 6036
375 595 430 651 roo
830 573 1007 648 nonnanis
1031 588 1254 658 susannam,
1456 587 1621 652 [septena-0
1635 589 1699 650 isan

379 746 520 842 capella
540 745 679 842 majore
717 744 841 841 palatii
867 745 912 817 ad
938 769 968 817 s.
998 746 1148 818 Petrum
1179 742 1293 816 missa
1321 740 1559 816 anniversarii
1586 742 1697 816 obitus

379 870 575 944 Alexandri
607 872 666 958 Vl,
702 869 760 942 cai
792 869 1036 944 interfuerunt
1069 873 1167 964 Papa
1199 875 1235 941 et
1280 866 1455 942 tredecim
1490 867 1694 956 cardinales,

378 995 546 1068 videlicet
558 1019 587 1066 s.
605 993 764 1092 Georgii,
779 994 1058 1084 Alexandrinus,
1073 993 1275 1090 Regiensis,
1290 991 1561 1090 Agrigentinus,
1576 995 1697 1065 Cusen·

379 1119 488 1210 tinuS,
505 1119 765 1208 salernitanus,
786 1123 982 1208 Cumanus,
1003 1117 1256 1208 Bononiensis,
1275 1116 1553 1206 Volaterranos,
1578 1114 1697 1190 Adria-

378 1268 460 1334 nus,
479 1245 667 1334 Columna,
688 1243 871 1341 aragonia
889 1249 924 1318 et
945 1243 1127 1331 Elncnsis3
1154 1247 1253 1340 Papa
1279 1241 1431 1318 absolvit
1453 1246 1536 1340 post
1560 1240 1696 1314 missam

379 1392 487 1464 quam
503 1369 694 1444 celebravit
713 1371 907 1467 episcopus
922 1369 1136 1443 Calmensis.

429 1495 541 1582 Lune,
564 1498 608 1568 25
625 1494 782 1592 augusti,
801 1495 839 1568 in
856 1518 975 1584 mane,
995 1493 1129 1568 recessi
1145 1517 1190 1568 ex
1205 1491 1300 1567 Urbe
1315 1492 1432 1566 iturus
1451 1491 1495 1566 ad
1522 1489 1696 1564 Civitatem

379 1617 632 1707 Castellanam,
655 1619 848 1693 ecclesiam
867 1643 999 1708 meam,
1019 1619 1056 1692 in
1073 1618 1221 1694 nomine
1238 1617 1396 1693 Domini.

430 1747 541 1832 Lune,
567 1749 580 1816 t
613 1745 842 1842 septembris,
870 1745 907 1820 in
933 1744 1154 1820 consistorio
1177 1750 1331 1836 secreto,
1355 1743 1424 1817 luit
1449 1743 1695 1840 pronunciatus

381 1865 493 1940 trater
508 1867 676 1942 Nicotaus
695 1870 740 1942 de
758 1869 1057 1966 aquapendente,
1079 1868 1220 1942 ordinis
1238 1869 1502 1941 heremitarum
1516 1892 1546 1940 s.
1564 1869 1693 1966 Augus-

380 1991 458 2080 tini,
476 1993 774 2090 archiepiscopus
793 1994 1056 2084 Dirachiensis,
1073 1999 1108 2068 et
1124 1993 1240 2068 tactus
1254 1993 1408 2068 'sacrista
1422 1997 1534 2090 Pape.

428 2118 569 2207 Martis,
590 2119 858 2216 tseptembris,
881 2125 966 2192 ante
987 2119 1082 2192 diem
1103 2119 1156 2192 vel
1178 2119 1214 2192 in
1240 2141 1361 2210 mane,
1380 2119 1535 2193 recessit
1552 2141 1595 2191 er
1608 2119 1692 2192 Urbe

380 2243 443 2314 SS.
462 2245 505 2314 D.
531 2248 667 2334 noster,
697 2249 836 2319 etcum
860 2269 903 2318 eo
931 2245 1187 2336 cardinalis...,
1215 2251 1481 2318 sacramentum
1508 2247 1691 2330 auteeum,

381 2367 477 2460 qnod
495 2375 639 2441 secutus
661 2369 727 2442 suit
754 2374 797 2443 D.
822 2370 1013 2444 Balthasar
1037 2369 1082 2444 de
1109 2368 1276 2446 Viterbio
1301 2391 1369 2466 pro
1394 2369 1560 2456 sacrista,
1585 2377 1618 2442 ct
1633 2367 1695 2440 alia

379 2513 481 2564 more
493 2491 617 2580 solit03
637 2492 723 2566 lecit
740 2495 932 2589 prandium
950 2495 988 2566 in
999 2495 1179 2584 Baccan0,
1199 2491 1330 2566 deinde
1349 2491 1576 2588 equitavitad
1590 2493 1691 2588 Nepe,

381 2615 441 2688 ubi
456 2614 661 2714 hospitatus
677 2617 744 2691 iuit
763 2619 797 2691 iu
816 2624 936 2694 castro
952 2644 1031 2695 suo.

426 2741 592 2832 Veneris,
622 2749 642 2816 5
669 2745 900 2839 septembris,
929 2747 1029 2821 circa
1049 2746 1263 2846 vigesimam
1290 2749 1490 2822 secundam
1513 2747 1637 2820 horam
1660 2743 1692 2816 in

376 2864 518 2938 civitate
539 2866 776 2958 Viterbiensi,
811 2871 902 2944 obiit
934 2873 1028 2946 bone
1058 2874 1237 2947 memorie
1265 2873 1462 2948 cardinalis
1494 2870 1688 2956 Gurcensis,
1754 2947 1755 2962 ,

374 2987 516 3084 legatus
539 2991 762 3085 patrimonii,
794 2995 898 3094 cujus
922 2997 1078 3072 cadaver
1101 2998 1259 3096 positum
1283 2997 1353 3072 luit
1378 2999 1415 3071 in
1441 2995 1596 3074 ecclesia
1617 3019 1691 3069 con-

374 3121 501 3186 ventus
521 3115 747 3192 sanctissime
765 3119 964 3196 Trinitatis.

424 3240 538 3330 Lune,
560 3243 581 3312 8
601 3244 831 3338 septembris,
852 3251 936 3320 ante
962 3245 1095 3322 horam
1120 3249 1333 3346 vigesimam
1355 3249 1527 3346 primam,
1546 3251 1640 3344 Papa
1655 3268 1691 3317 er

374 3365 473 3460 Nepe
499 3365 647 3440 veniens
675 3367 820 3444 intravit
852 3371 1040 3446 Civitatem
1072 3375 1313 3448 Castellanam
1351 3397 1419 3470 per
1449 3378 1591 3472 portam
1616 3376 1691 3444 Bur·
1752 3427 1753 3489 ,

373 3510 536 3583 gensem,
554 3493 590 3562 et
605 3495 779 3587 potestas,
796 3503 1067 3572 conservatores
1078 3503 1115 3572 et
1129 3498 1408 3596 principaliores
1419 3497 1515 3572 cives
1532 3499 1690 3571 venerunt

372 3610 438 3684 sibi
457 3611 611 3706 obviam,
631 3619 668 3689 et
685 3617 788 3713 pueri
807 3619 953 3694 circiter
969 3628 1129 3712 centum,
1149 3645 1277 3696 omnes
1300 3623 1337 3695 in
1363 3622 1467 3712 albis,
1494 3643 1578 3694 cum
1594 3615 1689 3694 ramis
1751 3657 1752 3733 t

373 3734 562 3826 olivarum,
597 3739 796 3815 clamantes
826 3741 937 3832 lolio,
972 3743 1093 3818 Jula'ct
1123 3749 1221 3843 Papa
1255 3745 1429 3842 equitavit
1459 3769 1573 3842 usque
1600 3741 1642 3816 ad
1665 3763 1689 3812 s.

371 3858 524 3932 Mariam
542 3861 587 3936 de
605 3865 730 3954 Barco,
752 3867 812 3939 ubi
830 3867 864 3940 in
885 3869 1042 3942 ecclesia
1064 3871 1206 3968 accepit
1230 3869 1404 3945 amictum
1417 3869 1556 3959 album,
1575 3867 1688 3964 cingu—

280 4073 282 4076 Ι
370 3979 460 4071 lum,
482 3985 696 4080 capuccium
710 3997 745 4061 et
763 3992 893 4066 stolam
907 3993 952 4067 de
970 3994 1084 4091 perlis
1103 4002 1139 4066 et
1157 3995 1337 4092 capellum
1353 3994 1399 4068 de
1415 3994 1547 4069 velluto
1563 4013 1689 4068 creme·
1749 4085 1750 4094 ἵ

358 4103 463 4213 sino,
489 4113 525 4180 et
547 4109 604 4184 via
631 4117 733 4187 recta
759 4138 825 4211 per
851 4117 1008 4214 plateam
1039 4119 1213 4216 equitavit
1241 4119 1287 4193 ad
1309 4120 1504 4194 ecclesiam
1530 4115 1684 4193 Civitatis.

369 4231 458 4324 Ego,
476 4254 559 4304 cum
580 4235 696 4312 exiret
718 4244 861 4334 portam
889 4242 962 4316 sive
986 4266 1114 4316 arcum
1138 4244 1320 4318 antedicte
1346 4243 1501 4318 ecclesie
1524 4269 1554 4317 s.
1574 4237 1685 4324 llario,
1748 4303 1749 4306 ,

369 4358 515 4450 porrexi
532 4362 628 4457 Pupe
642 4385 789 4437 crucem
807 4365 843 4438 in
859 4367 959 4440 mula
978 4367 1228 4461 osculandam,
1243 4393 1351 4466 quam
1363 4393 1408 4444 ex
1425 4369 1596 4444 manibus
1610 4363 1686 4440 meis

370 4480 553 4556 osculatus
579 4493 645 4576 est,
675 4513 748 4561 non
772 4491 870 4566 lacta
897 4492 964 4566 sibi
990 4495 1210 4586 reverentia,
1238 4500 1388 4593 propter
1415 4517 1566 4569 crucem
1593 4511 1686 4589 quam

372 4606 539 4682 manibus
585 4611 772 4704 tenebam;
817 4613 948 4691 deinde
991 4617 1110 4717 incepi
1151 4619 1391 4717 antiphonam
1431 4642 1509 4693 cece
1544 4613 1686 4692 sacerdos

371 4753 539 4828 nzopnus,
565 4759 675 4831 quam
694 4741 878 4836 processio
896 4742 1135 4834 continuavit3
1156 4745 1392 4842 procedendo
1416 4769 1483 4842 per
1503 4745 1595 4818 viam
1616 4744 1685 4816 bre·

370 4853 520 4948 viorcm,
554 4863 789 4955 pervenitad
821 4866 1013 4942 ecclesiam
1048 4893 1181 4961 meam,
1211 4869 1273 4944 ubi
1304 4869 1503 4944 cardinalis
1528 4869 1685 4944 Columna

370 4978 585 5057 ministravit
613 4987 646 5058 ei
674 4993 933 5086 aspersorium,
963 4995 1181 5085 naviculam,
1208 5001 1244 5068 et
1269 4995 1442 5092 imposito
1465 4995 1613 5068 incenso
1629 5011 1684 5088 per
1745 5047 1746 5052 ,

371 5104 521 5200 Papam,
541 5108 618 5204 ipse
633 5115 827 5190 cardinalis
843 5118 1041 5194 incensavit
1061 5145 1161 5210 eum;
1182 5143 1250 5218 ego
1271 5121 1393 5218 incepi
1415 5119 1464 5194 Te
1486 5117 1683 5194 Deamluu-

370 5225 508 5303 darnae.
528 5237 1683 5344 Papaascenditversusaltarcmajusetadoravitsaerameutum
1744 5277 1745 5306 2
