3506 6034
79 605 259 672 [1111111113]
383 603 510 666 RERUM
534 605 762 666 barrabanum
785 605 1049 666 danamarcam.
1337 605 1391 666 288

118 759 216 834 laria
228 765 373 856 quarta,
392 765 438 836 25
451 761 609 858 januarii
626 761 836 858 supradicti,
858 761 950 836 te'sto
966 761 1214 836 conversionis
1225 787 1256 836 s.
1273 761 1388 853 Pauli,

77 886 219 958 inmane
236 909 351 983 usque
372 888 418 962 ad
439 887 572 964 boram
590 888 798 978 tertiarum,
825 888 891 963 luit
910 889 988 963 dias
1009 889 1112 964 clara
1135 893 1172 963 et
1189 889 1335 981 serena,
1357 895 1393 966 et

77 1009 160 1084 circa
173 1010 367 1086 meridiem
386 1018 422 1086 et
441 1019 535 1111 post,
553 1014 701 1089 luerunt
719 1013 813 1092 renti
829 1013 916 1088 satis
934 1018 1116 1110 potentes.
1210 1075 1213 1081 .

116 1137 215 1212 Faria
241 1138 362 1229 tertia,
389 1138 518 1214 ultima
537 1139 711 1238 januarii,
738 1139 877 1214 dictum
903 1139 967 1214 tuit
990 1163 1058 1238 per
1082 1141 1216 1214 Urbem
1235 1139 1393 1226 Pandol-¹

77 1263 175 1360 pbum
204 1264 455 1354 Petruceium,
488 1266 603 1340 civem
635 1269 673 1340 et
703 1265 933 1362 capellanum
965 1268 1182 1356 senensem,
1216 1264 1253 1338 in
1284 1269 1393 1351 nocto

75 1388 223 1487 sequenti
245 1389 347 1464 diem
375 1391 516 1467 sabbati
536 1392 701 1488 proxime
730 1391 913 1490 preteriti,
942 1413 986 1466 ex
1012 1392 1117 1464 Senis
1146 1389 1331 1464 recedisse
1355 1395 1391 1464 et

77 1515 171 1588 tuisse
187 1513 271 1590 inde
294 1517 516 1592 associatum
543 1521 770 1615 aCapuano,
791 1516 1014 1592 cancellario
1035 1517 1140 1590 ducis
1157 1514 1394 1592 Valentinan-

70 1617 115 1712 'sis
137 1644 170 1714 et
190 1640 360 1736 gentibus
383 1643 554 1716 Senensis
576 1643 766 1742 [dominii],
791 1634 927 1718 iturum
947 1646 1103 1717 buccam
1122 1645 1158 1714 et
1177 1663 1249 1738 quo
1266 1639 1390 1731 vellet,

75 1771 105 1838 et
118 1766 207 1862 quod
221 1766 298 1840 dux
313 1768 586 1844 valentinensis
598 1773 849 1844 reverteretur
865 1771 911 1842 ad
933 1769 1082 1843 Urbem.

115 1891 242 1966 Eadem
260 1894 335 1984 die,
359 1895 485 1970 ultima
502 1895 658 1994 predicti
676 1895 817 1986 mensis¹
825 1895 996 1992 januarii,
1019 1895 1056 1967 in
1075 1913 1195 1982 mane,
1215 1884 1392 1988 conques-

76 2019 123 2090 tus
137 2015 184 2090 lui
203 2019 267 2092 SS.
294 2021 337 2094 D.
356 2023 482 2093 nostro
501 2018 598 2114 quod
616 2017 815 2092 cardinalis
834 2017 1024 2092 Cesarinus
1043 2016 1121 2091 heri
1139 2039 1224 2090 sero
1244 2013 1391 2090 iecisset

75 2141 151 2216 mihi
169 2145 340 2218 nunciari
362 2167 428 2241 per
449 2144 716 2234 Sebastianum,
735 2143 984 2217 camerarium
1004 2163 1123 2233 suum,
1144 2141 1242 2238 quod
1260 2161 1390 2236 expor-

76 2273 176 2342 arem
193 2268 321 2342 omnia
336 2270 432 2344 bona
448 2293 533 2344 mea
552 2270 597 2344 de
614 2270 770 2344 cameris
793 2271 861 2343 sub
883 2269 991 2345 horto
1009 2291 1076 2342 suo
1094 2291 1160 2366 per
1177 2289 1236 2342 me
1254 2264 1390 2341 consti-

75 2391 146 2466 tutis
173 2393 425 2486 consistentia,
455 2396 638 2492 quiahoc
666 2419 773 2470 mane
800 2393 907 2471 vellet
933 2397 1071 2470 intrare
1097 2399 1134 2468 et
1163 2389 1230 2465 sibi
1255 2413 1389 2487 appro-

76 2516 179 2613 priare
210 2521 363 2596 easdem
397 2545 565 2596 cameras
596 2529 769 2620 tanquam
800 2545 877 2598 rem
911 2543 1015 2596 suam
1048 2524 1085 2594 et
1119 2517 1188 2591 sibi
1216 2515 1385 2589 debitas:

76 2643 296 2740 supplicando
313 2670 377 2720 sue
397 2649 594 2722 Sanctitate
617 2648 714 2744 quod
736 2673 808 2722 non
826 2647 1056 2747 permitteret
1070 2643 1160 2718 mibi
1175 2637 1385 2716 violentiam

76 2766 196 2861 iuterri,
220 2795 308 2848 curn
337 2797 455 2848 essem
480 2781 632 2875 paratus
655 2781 754 2850 stare
779 2776 866 2874 juri,
891 2780 963 2850 etc.
990 2772 1173 2848 Sanctitas
1200 2762 1265 2842 sua
1286 2786 1388 2840 com·

76 2893 156 2968 nisit
171 2898 409 2994 gubernatori
427 2903 532 2976 Urbis
550 2903 648 3000 quod
665 2902 854 2977 intimaret
875 2889 1050 2976 cardinali
1067 2897 1166 2996 quod
1182 2910 1256 2968 non
1271 2892 1389 2966 intra-

76 3023 121 3094 ret
136 3021 283 3098 domum
302 3047 424 3100 meam
444 3027 634 3120 violenter,
654 3051 721 3103 nec
743 3027 880 3125 aliquid
894 3035 1024 3101 contra
1042 3047 1100 3098 ma
1120 3012 1331 3106 innovaret;
1353 3019 1389 3088 et

76 3146 154 3240 quod
171 3147 333 3225 inmane
351 3152 423 3226 diei
440 3157 597 3230 crastina
613 3179 685 3254 que
700 3161 797 3230 esset
818 3157 982 3230 tacturus
1001 3149 1275 3236 consistorium,
1293 3139 1388 3218 veni·

76 3291 139 3344 rem
156 3297 280 3350 coram
297 3277 497 3353 Sanctitate
516 3303 582 3356 sua
597 3281 633 3353 in
652 3281 883 3369 consistorio,
901 3280 963 3354 nbi
981 3283 1078 3354 esset
1096 3297 1155 3350 me
1172 3274 1208 3348 in
1225 3269 1388 3346 cardina·

75 3393 302 3493 lispresentia
316 3404 517 3480 auditurus.
534 3407 762 3480 Gubernator
776 3406 953 3480 intimavit
970 3401 1147 3478 cardinali
1164 3398 1385 3474 voluntatem

78 3520 166 3618 Papa,
186 3550 313 3601 coram
331 3553 402 3626 quo
425 3555 493 3629 ego
516 3533 552 3605 in
575 3533 789 3607 consistorio
806 3531 996 3629 comparui
1020 3529 1056 3602 in
1078 3548 1186 3608 mane
1203 3518 1382 3618 sequenti,

77 3649 104 3717 et
128 3659 251 3727 contra
280 3655 506 3730 cardinalem
534 3659 745 3734 Cesarinum
770 3664 977 3757 presentem
1007 3653 1058 3728 lui
1082 3653 1128 3725 de
1155 3645 1328 3724 violentia
1352 3647 1386 3714 et

77 3767 197 3868 injuriis
223 3785 460 3876 conquestus.
489 3787 602 3882 Papa,
627 3785 750 3859 audita
772 3785 920 3882 querela
950 3803 1032 3856 mae
1056 3787 1092 3854 et
1116 3775 1211 3850 illius
1236 3791 1386 3866 respon-

78 3893 173 3990 sione,
190 3903 283 3978 dixit
301 3929 359 3980 me
381 3913 419 3982 et
442 3933 480 3982 se
503 3909 755 4008 imprudenter
778 3911 918 4009 egisse:
939 3931 997 3982 me
1017 3905 1078 4003 qui
1098 3898 1262 3980 edificavi
1282 3895 1386 3996 juxta

77 4027 242 4112 putentem
267 4031 468 4123 dominum,
498 4039 535 4110 et
548 4059 595 4130 se
618 4036 679 4132 qui
700 4035 898 4110 construxit
917 4037 1022 4132 Juxta
1042 4031 1200 4117 ssumen3
1221 4045 1307 4098 nam
1325 4020 1386 4094 illa

77 4157 177 4242 noete,
194 4161 281 4229 tunc
300 4161 487 4254 preterita,
507 4155 757 4236 encrescentia
773 4160 922 4260 Tyberis
944 4163 1128 4243 causante,
1150 4150 1387 4226 fundamenta

78 4283 289 4370 1111111111
306 4309 335 4358 s,
354 4286 482 4384 Angeli
500 4287 672 4385 contigue
690 4291 792 4360 mota
808 4291 893 4359 sunt
911 4291 1025 4374 extre,
1046 4285 1156 4378 porta
1172 4278 1252 4376 ipsa
1268 4273 1385 4348 mina·

79 4397 167 4478 batur
180 4410 347 4502 ruinam3
365 4417 402 4486 at
416 4413 599 4486 commisit
615 4435 776 4502 causam,
797 4415 906 4510 prout
923 4411 967 4484 de
990 4411 1086 4506 Jure,
1107 4401 1384 4499 archiepiscopo

80 4527 256 4627 Ragusino,
282 4539 441 4634 presenti
464 4545 501 4612 et
520 4539 736 4636 acceptanti,
764 4538 869 4612 nobis
893 4535 1071 4611 ambobus
1092 4525 1381 4627 acceptantibus,

80 4672 145 4728 cum
170 4661 343 4737 mandato
373 4665 471 4761 quod
504 4665 700 4740 cardinalis
731 4665 823 4738 nihil
855 4665 1045 4740 innovaret
1077 4664 1203 4732 contra
1232 4675 1292 4728 me
1319 4671 1386 4724 nec

80 4783 292 4882 attemptaret
316 4790 376 4890 (1).

118 4909 152 4984 ln
176 4937 256 4990 sero
286 4917 372 4992 dicti
398 4917 483 5012 diei,
512 4927 526 4994 1
559 4919 746 5010 februarii,
775 4923 963 5016 repertum
985 4921 1038 4990 est
1071 4913 1206 4988 circam
1235 4912 1388 4984 Pontem

107 5131 128 5186 l
144 5133 178 5194 Ca
195 5141 367 5238 paragrapho
387 5146 430 5198 est
443 5141 568 5216 precede
593 5141 664 5200 dans
685 5139 711 5198 le
734 5157 804 5198 mss.
826 5141 887 5208 151,
911 5137 959 5198 tol.
984 5138 1045 5209 179,
1066 5137 1104 5194 du
1119 5135 1183 5194 titre
1207 5132 1318 5192 suivant
1340 5128 1388 5204 qui

81 5219 163 5280 11111111
175 5227 248 5284 avoir
262 5231 306 5286 ate
321 5228 415 5304 redige
429 5247 479 5306 par
492 5229 680 5286 1311111111(
680 5229 744 5286 ‹De
758 5229 870 5302 querela
884 5245 943 5286 mea
957 5233 1051 5286 contra
1066 5228 1211 5284 9111111111
1220 5224 1389 5335 cardinalem

79 5301 220 5374 0911111111
233 5319 349 5390 Papa.»
342 5319 402 5378 Ge
414 5318 479 5378 aaa
492 5319 692 5394 manquedans
707 5320 733 5376 le
753 5335 820 5378 mss.
835 5319 925 5394 Chigi.
1312 5332 1315 5336 ’
1359 5331 1363 5337 ·
