3590 6042
96 582 238 648 [11111511]
421 580 548 638 RERUM
573 580 799 639 UBBANABUM
821 581 1084 640 COMMENTARU.
1387 589 1422 644 39

96 738 208 812 clerus
233 759 262 808 s.
293 735 405 824 Petri,
431 733 638 809 beneficiati
668 739 703 808 et
731 735 821 808 cleri
849 737 910 833 qui
941 743 1183 834 portaverunt
1213 761 1350 835 corpus
1376 742 1422 814 ab

98 863 173 937 aula
192 885 308 957 usque
330 861 376 933 ad
399 884 480 934 eam
499 860 691 934 basilicam
714 861 750 932 in
774 884 847 958 qua
868 862 936 935 fuit
954 863 1158 960 sepultum;
1179 864 1223 936 de
1243 887 1315 959 qua
1333 889 1422 961 por-

98 993 210 1062 tatura
234 984 305 1058 fuit
332 1009 416 1059 eum
444 985 496 1056 eis
526 986 737 1086 specialiter
763 993 981 1060 conventum
1008 992 1044 1060 et
1071 989 1145 1060 dati
1172 988 1238 1079 eis,
1264 989 1293 1060 si
1319 995 1421 1064 recte

98 1108 257 1197 memini,
281 1114 429 1182 centum
463 1110 615 1182 carleni.
646 1114 718 1183 lter
749 1111 816 1184 fuit
849 1117 953 1185 recta
982 1112 1039 1185 via
1062 1136 1087 1186 a
1117 1113 1228 1186 domo
1257 1112 1420 1187 defuncti

98 1243 188 1310 retro
205 1234 402 1308 ecclesiam
421 1259 450 1306 s.
469 1235 662 1332 Augustini
681 1237 727 1309 ad
744 1242 909 1333 pontem,
929 1236 1012 1310 inde
1033 1237 1078 1310 ad
1097 1261 1128 1309 a.
1146 1241 1310 1312 Petrum.
1327 1241 1421 1311 Ante

99 1383 219 1458 eorpus
240 1359 394 1432 fuerunt
415 1364 563 1456 portata
586 1361 776 1458 octoginta
798 1361 998 1451 intorticia,
1026 1385 1109 1434 cum
1133 1361 1204 1434 illis
1228 1387 1298 1458 que
1320 1386 1422 1436 arse-

100 1491 174 1558 runt
194 1486 229 1558 in
252 1484 352 1558 aula.
374 1484 608 1558 Camerarius
635 1486 726 1558 cleri
754 1486 862 1559 Urbis
891 1511 974 1559 cum
1004 1486 1079 1558 suis
1107 1486 1330 1583 pluvialibus
1349 1483 1422 1559 n'on

102 1609 265 1698 interluit,
293 1609 381 1705 quia
403 1609 471 1682 fuit
497 1609 530 1681 ei
559 1591 700 1684 dictum
724 1612 822 1707 quod
849 1611 942 1684 nihil
971 1616 1069 1684 esset
1094 1614 1332 1706 recepturus;
1353 1633 1421 1683 nec

102 1733 249 1807 interluit
267 1739 397 1807 rector
415 1732 605 1830 parochie,
626 1735 712 1831 quia
730 1735 851 1808 clerus
876 1760 904 1808 s.
928 1735 1027 1808 Petri
1047 1759 1091 1808 en
1110 1735 1208 1808 mala
1225 1739 1423 1807 consuetu-

102 1860 174 1931 dine
190 1883 260 1932 non
283 1860 350 1932 dat
373 1859 610 1932 medietatem
634 1860 909 1934 intorticiorum
932 1886 1002 1958 que
1024 1865 1222 1958 portantur
1244 1859 1280 1932 in
1299 1858 1419 1947 funus,

104 1983 224 2058 rectori
247 1983 431 2074 debitum,
452 1989 563 2082 prout
584 1985 654 2058 alie
677 1986 832 2059 ecclesie
854 1986 1006 2059 faciunt.
1029 1985 1232 2058 Habuimus
1250 1984 1322 2056 duo
1342 2007 1421 2057 ma-

105 2110 234 2202 laratia,
253 2134 370 2183 unum
388 2110 568 2207 pulvinar,
586 2135 698 2183 111111111
715 2135 877 2208 pannum
894 2112 938 2182 de
955 2110 1084 2198 razzia,
1101 2113 1137 2181 et
1154 2132 1266 2181 unum
1282 2113 1419 2206 tapete,

104 2235 175 2330 jura
190 2239 317 2308 nostra
337 2240 526 2308 consueta.
546 2235 627 2307 Alia
646 2241 729 2308 acta
747 2241 832 2308 sunt
851 2259 954 2307 more
974 2234 1096 2307 solito.

146 2359 244 2432 feria
265 2360 409 2457 quinta,
432 2360 561 2432 ultima
584 2359 721 2452 mensis
744 2359 900 2456 predicti
923 2359 1065 2456 aprilis,
1087 2361 1212 2430 Bmus.
1236 2361 1277 2431 Ι).
1299 2358 1422 2430 cardi-

107 2485 185 2556 nalis
200 2485 398 2558 (turcensis
416 2486 570 2560 recessit
594 2509 636 2557 ex
660 2486 773 2576 Urbe,
794 2485 984 2558 rediturus
1007 2484 1052 2556 ad
1075 2483 1299 2580 legationem
1317 2505 1421 2556 suam

108 2610 318 2683 Perusinum.

148 2734 243 2807 feria
270 2735 397 2827 tertia,
424 2740 444 2807 5
471 2735 608 2808 mensis
637 2735 742 2816 maii.
769 2736 918 2832 quidam
946 2733 1186 2808 Bononiensis
1215 2734 1275 2830 qui
1303 2757 1421 2831 nuper

109 2883 177 2930 cum
198 2860 359 2956 quodam
387 2859 460 2932 alio
484 2860 648 2933 duellum
671 2859 800 2934 habuit
823 2861 859 2932 in
881 2860 1071 2933 Testaccio
1094 2865 1129 2932 et
1156 2857 1269 2932 aliurn
1298 2859 1418 2948 evicit,

109 2984 171 3078 qui,
198 2984 384 3078 dominica
411 2984 578 3081 proxime
606 2985 804 3082 preterita,
834 2984 1104 3058 Bononiensem
1132 2983 1169 3056 in
1194 2985 1304 3056 domo
1332 3007 1421 3080 qua-

110 3107 179 3179 dam
193 3108 293 3206 juxta
318 3108 502 3204 hospitale
524 3113 693 3182 nostrum
717 3109 800 3198 sita,
820 3133 930 3205 quam
954 3109 1112 3205 quedam
1134 3108 1349 3205 cortegiana
1365 3108 1422 3180 in-

111 3229 297 3322 habitabat,
332 3233 495 3304 dormire
525 3233 662 3324 soienS,
691 3235 851 3330 quodam
877 3257 994 3331 puero
1023 3234 1174 3306 domum
1203 3231 1421 3328 simpliciter

111 3357 293 3450 aperiente,
324 3358 528 3454 proditorie
555 3358 703 3432 intravit
730 3359 880 3432 domum
911 3364 946 3431 et
973 3359 1242 3432 Bononiensem
1263 3357 1299 3429 in
1324 3356 1420 3432 lecto

109 3479 268 3573 jacentem
285 3483 493 3557 vulneravit
512 3485 558 3556 ad
575 3489 748 3574 mortem,
767 3485 817 3558 ita
833 3490 873 3557 ut
889 3484 986 3557 diem
1004 3483 1178 3556 clauserit
1197 3487 1416 3555 extremum.

150 3607 244 3682 Feria
266 3609 391 3698 tertia,
416 3615 457 3682 la
477 3609 567 3683 dicti
592 3611 742 3701 mensis,
763 3610 913 3707 quidam
937 3613 1111 3698 Benatus,
1132 3610 1223 3682 baro
1246 3607 1291 3678 de
1311 3607 1420 3702 Agri-

113 3737 229 3824 monte,
248 3739 378 3809 orator
400 3735 499 3833 regis
521 3735 688 3827 Francie,
710 3759 794 3808 cum
817 3734 944 3808 salmis
966 3734 1039 3807 suis
1062 3738 1098 3806 et
1117 3731 1297 3806 tredecim
1317 3729 1419 3827 equis

112 3855 206 3950 circa,
222 3882 305 3934 cum
324 3859 565 3934 servitoribus
581 3861 627 3934 ad
643 3861 779 3934 Urbem
798 3859 960 3951 veniens,
978 3859 1155 3956 spoliatus
1170 3856 1238 3929 fuit
1255 3879 1276 3928 a
1293 3855 1418 3952 viginti

89 4011 94 4023 ·
113 3979 172 4054 duo
188 3986 408 4079 predonibus
426 3989 462 4058 et
480 3985 685 4059 latronibus
703 3985 739 4058 in
758 3991 883 4058 monte
901 3984 1126 4062 Viterbiensi
1145 3981 1270 4088 salmis
1290 3986 1326 4053 et
1345 4003 1421 4052 om-

115 4104 201 4180 nibus
217 4110 321 4184 bonis
341 4111 429 4202 suis,
449 4115 485 4184 et
506 4133 599 4184 unus
624 4111 756 4184 nobilis
776 4109 823 4208 (1)
844 4134 931 4183 suus
953 4133 1038 4184 cum
1060 4107 1233 4182 familiari
1260 4104 1420 4203 graviter

115 4229 315 4310 vulneratus.

154 4355 240 4431 ldem
256 4363 384 4435 orator
402 4360 550 4437 intravit
568 4361 718 4450 Urbem,
742 4364 784 4434 13
803 4359 892 4432 dicti
916 4359 1066 4450 mensis,
1087 4359 1164 4431 sine
1186 4379 1337 4454 pompa,
1357 4357 1421 4429 sed

118 4499 185 4552 cum
205 4484 274 4556 suis
292 4490 449 4560 tantum.
472 4489 533 4560 SS.
556 4490 600 4560 B.
621 4491 761 4578 noster,
783 4509 863 4558 rem
889 4489 1030 4582 gestam
1054 4508 1141 4582 egre
1166 4483 1300 4574 ferens,
1323 4481 1422 4554 misit

119 4599 308 4702 barigellum
326 4615 430 4684 entra
453 4612 589 4685 Urbem
609 4635 677 4707 pro
699 4609 1002 4684 malefactoribus
1023 4608 1226 4704 capiendiS,
1247 4612 1281 4679 et
1304 4605 1422 4700 serip-

120 4724 155 4796 sit
171 4731 272 4806 multa
291 4735 417 4807 brevia
441 4739 483 4809 D.
504 4735 674 4810 Fabricio
701 4735 892 4824 Columna,
913 4735 958 4806 de
983 4734 1088 4830 cujus
1111 4733 1222 4804 terris
1246 4729 1358 4826 aliqui
1379 4751 1423 4798 ex

120 4853 315 4942 predonibus
331 4859 509 4956 predictis
531 4866 650 4952 erant,
674 4865 710 4933 et
734 4861 829 4950 aliis,
852 4864 892 4932 ut
912 4859 1077 4932 latrones
1101 4855 1260 4954 predicti
1285 4854 1330 4926 ad
1356 4855 1424 4925 Ur-

121 4969 187 5048 bem
213 4981 457 5076 mitterentur,
486 5008 644 5081 quorum
672 4984 882 5082 quindecim
909 4984 1008 5080 capti
1035 4986 1119 5054 sunt
1148 4985 1184 5052 et
1213 4978 1258 5050 ad
1287 4977 1424 5050 Urbem

122 5117 216 5174 nissi.

149 5265 169 5322 l.
187 5269 275 5332 C'e‘tait
291 5277 485 5352 llonseigneur
500 5279 532 5336 de
548 5279 647 5336 Morta.
669 5279 736 5354 Voy.
754 5279 868 5344 Sanuto,
886 5283 909 5334 t.
930 5275 976 5344 lll,
994 5271 1046 5329 eol.
1062 5272 1125 5328 327.
