3506 6034
316 507 371 590 aas
656 510 672 560 .·
780 503 958 562 scalaris
977 498 1200 572 saeculam,
1501 501 1655 572 [0000]

319 663 413 736 libus
429 661 799 760 pulverum‚'tai1dem
815 661 975 758 quinque
989 659 1058 732 alie
1077 682 1160 732 cum
1179 658 1343 750 salcido,
1361 657 1443 732 telis
1464 658 1657 755 etpallotis

323 788 476 877 mixtim,
492 787 699 886 quaomnia
712 793 811 886 Papa
826 795 926 861 stans
943 786 979 860 10
997 791 1161 860 castros.
1176 783 1306 882 Angeli
1321 783 1405 857 vidit
1420 783 1588 859 conduci.

369 912 633 1009 Feria'quarta‚
655 916 669 986 l
688 914 826 988 mensis
838 912 945 1010 junii,
964 911 1000 984 in
1016 933 1123 985 mane
1139 915 1223 984 ante
1240 908 1351 1000 diem,
1372 913 1498 985 Rmus.
1518 912 1561 984 b.
1579 934 1660 985 car·

320 1037 449 1112 dinalis
466 1038 638 1112 Senensis
653 1038 806 1114 recessit
820 1063 864 1112 ex
885 1037 980 1111 Urbe
996 1036 1109 1110 iturus
1127 1035 1350 1126 Hetruriam,
1368 1035 1526 1134 patriam
1539 1060 1656 1112 suam.

368 1164 504 1238 Eadem
529 1164 600 1252 die,
625 1170 752 1262 captus
780 1163 847 1238 luit
874 1162 974 1236 circa
995 1161 1124 1236 ho'ram
1154 1183 1389 1257 vesperarum
1416 1157 1657 1260 Hieronymus

321 1290 519 1380 Hermelin,
536 1289 688 1364 clericus
703 1289 911 1364 Basiliansis
926 1287 1092 1381 diecesis,
1106 1294 1142 1362 et
1155 1287 1284 1362 ductus
1298 1285 1344 1360 ad
1356 1295 1546 1360 carcerem
1558 1286 1659 1360 curie

319 1442 350 1490 s.
368 1417 504 1506 Crucis,
524 1415 607 1489 inde
622 1415 668 1489 ad
682 1415 833 1489 domum
848 1413 1022 1488 auditoris
1037 1435 1196 1504 camere,
1216 1417 1253 1486 el
1273 1411 1318 1486 de
1342 1411 1403 1484 illa
1424 1410 1470 1484 ad
1490 1434 1659 1486 carceres

319 1541 441 1615 Turris
459 1543 574 1630 Noae,
598 1546 634 1614 et
655 1539 789 1614 ibidem
806 1539 843 1612 in
859 1539 1044 1636 presentia
1067 1543 1112 1612 D.
1130 1537 1290 1636 episcopi
1307 1537 1576 1628 casanatensis,
1594 1561 1660 1610 au-

319 1665 457 1757 ditoris,
474 1669 613 1740 turture
630 1665 829 1762 expositus,
845 1665 891 1740 ob
908 1688 1020 1762 quam
1036 1663 1224 1739 confessus
1240 1670 1295 1736 est
1307 1660 1461 1758 nimium
1476 1661 1565 1736 dc
1536 1685 1660 1759 signa·

308 1763 405 1864 'turis
421 1791 617 1864 multarum
632 1789 935 1927 supplicationum
956 1787 1193 1886 promovendi
1214 1787 1259 1862 ad
1281 1810 1403 1861 sacros
1420 1785 1568 1861 ordines
1594 1809 1659 1883 per

318 1935 402 1990 eum
409 1913 608 1991 lectarum.

321 2040 472 2115 Faria
486 2040 624 2136 quinta,
642 2045 664 2112 2
679 2038 764 2112 dicti
783 2039 935 2128 mensis,
955 2038 1098 2112 intravit
1117 2037 1251 2112 Urbem
1271 2043 1355 2138 post
1375 2035 1557 2112 horam'
1526 2037 1660 2134 vigesi-

318 2187 428 2255 mam,
446 2187 512 2263 per
525 2173 669 2263 portam
684 2162 869 2252 viridarii,
886 2162 1115 2261 [magnificus
1131 2167 1174 2238 l).
1198 2161 1435 2260 lastinianus]
1452 2161 1515 2261 (t),
1533 2167 1661 2238 orator

315 2290 417 2366 ducis
434 2295 470 2366 01
485 2289 636 2365 dominii
653 2293 877 2366 Venetorum
892 2288 954 2385 qui
974 2311 997 2362 a
1014 2287 1158 2362 familiis
1179 2290 1242 2362 SS
1270 2291 1314 2362 U.
1338 2287 1453 2362 nostri
1474 2293 1511 2362 et
1534 2287 1659 2362 cardi-

317 2413 453 2488 nalium
473 2421 642 2512 receptus
664 2421 701 2487 et
721 2435 835 2510 usque
856 2411 902 2486 ad
920 2412 1070 2486 domum
1091 2435 1157 2509 pro
1176 2410 1402 2486 habitatione
1422 2435 1489 2486 sua
1507 2411 1658 2486 ordina-

317 2547 389 2614 tam
406 2540 620 2614 associatus.
1397 2548 1400 2556 '

318 2665 469 2740 Faria
481 2666 620 2762 quinta,
633 2663 756 2739 edicti
771 2663 907 2738 mensis
915 2662 1021 2762 junii,
1039 2663 1173 2762 reperti
1189 2665 1324 2740 suntin
1340 2665 1471 2766 Tyberi
1486 2665 1658 2740 suffocati

313 2815 357 2864 ac
369 2791 502 2865 mortui
519 2789 695 2864 Dominus
710 2788 894 2878 Faventia,
906 2788 1049 2886 juvenis
1063 2789 1270 2864 octodecim
1285 2815 1466 2868 annorum
1481 2791 1540 2865 rel
1555 2791 1659 2865 circa

316 2915 406 2989 adeo
422 2914 573 3012 pulchre
590 2913 707 2989 lorme
723 2919 759 2988 et
780 2919 918 2989 stature
935 2913 1033 3010 quod
1047 2913 1143 2988 inter
1159 2915 1258 2990 mille
1275 2922 1469 2992 coetaneos
1490 2938 1580 2990 suos
1601 2915 1661 2988 rix

316 3038 575 3138 potuissetsibi
588 3039 716 3113 similis
730 3039 992 3136 reperiri,cum
1005 3039 1660 3140 11011011010011010ςο11001000000

322 3189 388 3264 per
411 3161 560 3240 brachia
581 3164 688 3238 simul
706 3164 819 3262 ligati,
847 3189 939 3239 unus
960 3163 1169 3261 quindecim
1192 3189 1387 3255 annorum,
1414 3167 1504 3242 alius
1530 3165 1661 3263 viginti

321 3291 480 3388 quinque
494 3290 551 3365 rel
566 3291 662 3364 circa
674 3297 710 3365 et
725 3313 837 3388 prope
855 3314 918 3364 eos
933 3289 1090 3386 quedam
1110 3290 1246 3366 lomina
1263 3297 1301 3366 et
1315 3292 1376 3366 alii
1392 3291 1495 3366 multi
1515 3290 1578 3390 (2).

370 3417 475 3493 Feria
489 3424 601 3506 sexta,
623 3422 667 3490 10
685 3416 792 3514 junii,
813 3416 1027 3491 nunciatum
1042 3416 1159 3491 estad
1174 3417 1308 3492 Urbem
1329 3417 1510 3493 civitatem
1532 3416 1661 3492 Pisau-

319 3542 480 3618 rionsem
496 3542 578 3616 duci
593 3541 842 3619 Valentinensi
855 3565 894 3615 se
910 3540 1114 3616 subdidisse
1130 3548 1167 3616 01
1185 3543 1263 3640 ejus
1278 3542 1407 3617 vexilla
1424 3567 1490 3640 per
1509 3541 1661 3618 diversa

320 3667 403 3743 loca
415 3668 567 3743 civitatis
580 3667 740 3742 erexisse
755 3691 762 3758 ;
780 3665 880 3764 quod
900 3671 1024 3740 tamen
1038 3691 1167 3742 verum
1182 3691 1254 3742 000
1270 3667 1349 3742 luit.

370 3793 476 3866 Faria
491 3791 662 3884 secunda,
684 3795 726 3865 13
743 3791 879 3865 mensis
894 3791 1000 3890 junii,
1024 3793 1177 3867 recessit
1191 3793 1237 3866 eb
1262 3791 1360 3868 Urbe
1383 3796 1501 3866 Lucas
1521 3791 1569 3868 de
1591 3798 1663 3868 Re·

321 3917 450 4008 naldis‚
468 3917 685 3992 secretarius
701 3925 736 3991 et
752 3925 875 3992 orator
891 3917 1112 3992 serenissimi
1128 3920 1224 4017 regis
1240 3923 1501 4009 Romanorum,
1518 3918 1582 4015 qui
1600 3920 1661 3994 dic

320 4041 460 4116 veneris
478 4047 521 4116 13
537 4042 674 4116 mensis
689 4042 775 4116 maii
794 4046 946 4118 Romam
962 4049 1124 4118 venerat.
1300 4057 1302 4061 ·

370 4167 541 4258 Sabbata,
562 4173 605 4242 18
622 4168 787 4276 ejusdem
803 4168 951 4259 mensis,
972 4169 1108 4244 dictum
1126 4177 1181 4244 cst
1197 4193 1262 4268 per
1279 4169 1413 4246 Urbem
1427 4167 1659 4246 Vilertium

316 4292 506 4370 -Vitallium
524 4294 585 4391 qui
606 4317 722 4390 nuper
742 4293 923 4368 civitatem
947 4295 1151 4386 braduam,
1175 4295 1336 4370 dominio
1357 4297 1660 4374 Florentinorum

356 4572 382 4628 1.
402 4570 441 4630 Le
455 4587 518 4629 nom
532 4571 566 4626 de
577 4567 706 4628 t'oratour
720 4569 838 4628 venitian
853 4577 897 4628 est
910 4571 992 4628 laisse
1007 4587 1042 4629 00
1054 4559 1134 4629 blanc
1148 4573 1217 4631 dans
1236 4575 1276 4633 les
1290 4593 1359 4635 mss.

355 4661 397 4718 On
411 4660 470 4718 doit
488 4659 667 4718 11111111Ιοπί
688 4659 715 4718 la
729 4659 870 4733 precieuse
894 4659 1061 4735 publication
1079 4661 1128 4720 des
1151 4662 1288 4737 depeches
1303 4666 1336 4724 de
1360 4666 1517 4724 Giusliuani
1533 4669 1661 4740 pendant

319 4767 373 4806 000
383 4749 546 4808 ambassadc
562 4753 578 4806 1
592 4749 689 4818 Rome,
702 4747 738 4805 du
749 4751 766 4803 2
778 4747 837 4824 juin
855 4749 968 4806 150200
981 4751 1095 4808 2100011
1111 4754 1189 4809 1505.
1203 4752 1354 4825 (Florence,
1368 4758 1445 4824 1876,
1457 4755 1537 4814 3001.
1554 4755 1659 4819 10-12.)

353 4840 380 4894 2.
403 4838 584 4896 Giucoiardini
599 4839 721 4896 100001
745 4839 875 4896 00100110
889 4837 1020 4914 qu'avant
1038 4841 1073 4897 de
1097 4839 1164 4898 faire
1179 4842 1281 4898 mourir
1291 4845 1384 4915 10100,
1401 4845 1486 4904 Cesar
1499 4841 1606 4918 Borgia
1621 4843 1660 4899 tui

316 4927 408 4984 aurait
430 4927 479 4986 tait
505 4929 583 4988 subir
603 4927 644 4986 les
666 4929 789 4986 darnicrs
812 4935 942 5004 outrages
965 4930 1042 5003 (000.
1060 4931 1139 5002 1502,
1163 4932 1208 4988 cb.
1230 4934 1268 5007 r).
1294 4933 1544 5003 SuirantVettcr-i,
1570 4933 1661 4991 Cesar

318 5012 423 5072 l’aurait
436 5016 484 5076 tait
498 5019 570 5093 perir
583 5035 633 5092 par
645 5016 684 5074 les
695 5017 783 5074 mains
795 5017 830 5074 de
845 5017 996 5076 bianchino
1010 5020 1044 5076 de
1053 5019 1154 5088 Pise,‹
1154 5019 1195 5076 ‹il
1211 5022 1292 5096 quale
1304 5024 1457 5100 adoperara
1470 5041 1520 5099 per
1530 5021 1660 5080 ministro

319 5100 347 5158 in
363 5103 444 5162 simili
459 5107 626 5261 prndelte.»
612 5109 664 5164 1111
678 5107 760 5166 Succo
781 5107 918 5179 diliana,
934 5127 961 5183 p.
982 5109 1044 5166 151.
1061 5109 1130 5184 Voy.
1153 5110 1179 5166 la
1197 5111 1318 5186 depeche
1334 5111 1530 5188 du6juinde
1548 5111 1659 5170 Giusti-

318 5189 405 5263 niani,
422 5201 441 5253 t.
496 5215 524 5270 p
542 5199 575 5253 18
