3520 6036
225 515 402 578 [stararias]
573 517 696 574 RERUM
722 517 947 578 deessemus
969 523 1230 586 COblllEN'l.tRll.
1524 542 1571 597 ³41

226 669 275 741 lit
294 671 431 767 aliquid
450 669 681 766 superaltarc
699 694 766 744 nec
784 671 927 746 intravit
940 677 1139 752 sacristiam
1155 682 1209 754 vel
1227 683 1336 757 aliurn
1356 689 1490 780 locum,
1508 693 1571 766 scd

226 793 374 868 deinde
389 795 512 882 exivit;
535 797 569 866 et
593 795 833 868 ascenderunt
858 798 971 872 mulas
990 806 1026 874 et
1044 805 1252 898 equitarunt
1270 809 1314 881 ad
1337 813 1516 908 Populum
1533 825 1571 888 ut

224 921 405 994 viderent
423 919 567 1016 aperire
594 918 787 1016 imaginem
815 921 919 996 beate
945 927 1057 998 Maria
1076 929 1234 1025 virginis,
1260 945 1367 1028 prout
1386 938 1563 1012 vidertmt.

289 1044 428 1118 Eodem
443 1066 537 1134 sero,
555 1067 681 1118 omnes
698 1053 861 1118 oratores
881 1049 1106 1126 Savonenscs
1119 1047 1351 1130 ueneruntad
1372 1065 1504 1156 l’apam
1522 1065 1567 1136 nd

227 1178 417 1256 castrum,
439 1173 474 1239 et
491 1168 643 1242 osculati
664 1177 743 1242 sunt
760 1171 871 1266 pedes
887 1197 950 1246 sne
970 1177 1189 1253 sanctitatis.

290 1295 355 1366 llic
372 1293 528 1380 verteris,
553 1297 595 1366 15
610 1293 745 1382 martii,
765 1295 864 1368 circa
882 1297 1010 1370 horam
1024 1302 1233 1398 vigesimam
1248 1308 1459 1396 secundam,
1479 1312 1565 1386 dicti

229 1423 404 1490 oratores
431 1423 584 1512 quatuor
611 1416 756 1488 luerunt
783 1442 848 1514 per
878 1444 943 1492 nos
970 1431 1127 1519 quatuor
1155 1428 1311 1523 prelatos
1327 1433 1496 1506 associati
1521 1437 1564 1507 ad

228 1551 401 1615 rastrum
417 1566 445 1614 s.
464 1540 591 1637 Angeli
610 1570 615 1612 :
636 1548 798 1615 oratores
816 1545 998 1620 intrarunt
1014 1573 1035 1622 a
1050 1550 1185 1624 dextris
1205 1559 1241 1626 ct
1258 1579 1324 1628 nos
1346 1580 1367 1627 a
1387 1558 1560 1634 sinistris:

227 1667 406 1740 videlicet
432 1666 570 1762 primus
594 1667 639 1738 ad
670 1669 834 1741 dextram
864 1671 1023 1770 episcopi
1051 1677 1290 1768 Savonensis;
1318 1683 1496 1756 secundos
1520 1685 1565 1756 ad

225 1793 402 1864 dextram
417 1790 683 1887 blelpbitensis;
705 1794 833 1866 tertius
858 1795 903 1867 ad
919 1797 1086 1872 dextram
1102 1824 1241 1892 meam;
1258 1810 1407 1899 quartus
1424 1808 1469 1878 sd
1484 1809 1568 1879 dcx·

226 1925 331 1990 tram
349 1916 555 2001 Naulensis;
576 1921 611 1989 et
630 1919 724 2012 Papc
743 1919 809 2013 ipsi
835 1922 1071 2016 prestiterunt
1087 1927 1328 2002 obedientiam
1348 1929 1513 2004 devotam
1529 1937 1565 2006 et

229 2049 421 2114 secretam
439 2041 475 2112 in
498 2063 644 2160 camera
660 2042 820 2138 angulari
841 2045 1056 2141 respiciente
1077 2073 1183 2146 super
1202 2037 1349 2147 pontem
1371 2079 1399 2124 s.
1420 2058 1560 2150 Angeli.

227 2167 483 2240 luteriuerunt
501 2164 701 2238 cardinales
716 2167 940 2242 blimatcnsis
958 2179 993 2242 et
1011 2197 1040 2244 s.
1062 2173 1159 2246 Petri
1179 2177 1221 2246 acl
1240 2177 1413 2266 ·Vincula;
1434 2179 1564 2252 deinde

223 2293 368 2365 eodem
396 2290 523 2362 ordine
555 2312 618 2362 eos
651 2289 837 2388 [oratores]
869 2295 1125 2368 associavimus
1157 2301 1344 2393 usquead
1378 2302 1563 2376 basilicam

221 2443 261 2488 S.
285 2415 382 2488 Petri
399 2419 434 2486 et
449 2414 531 2487 inde
551 2414 595 2487 ad
614 2416 762 2488 domum
781 2417 965 2514 Ragusini,
985 2443 1114 2492 eorum
1132 2421 1344 2518 hospitium.

282 2542 349 2613 Die
368 2540 552 2612 dominica
566 2547 696 2635 quarta
710 2543 1004 2638 quadragesime,
1029 2551 1069 2616 17
1091 2547 1221 2634 martii,
1242 2553 1364 2620 Rmus.
1383 2554 1425 2623 D.
1448 2552 1562 2624 cardi-

218 2666 328 2738 nalis
352 2669 533 2739 Cumanus
561 2663 758 2737 celebravit
778 2667 927 2740 missam
951 2669 1151 2742 solemnem
1177 2671 1233 2744 cui
1258 2675 1355 2768 Papa
1380 2673 1560 2764 intertnit;

219 2792 310 2887 qui,
328 2787 471 2886 quando
489 2789 654 2863 veniebat
670 2789 886 2882 admissam,
906 2793 1088 2867 benedixit
1102 2807 1223 2870 rosam
1240 2797 1275 2868 in
1287 2821 1433 2870 camera
1450 2803 1561 2896 Papa-

219 2917 333 3014 gatti,
361 2918 402 2988 D.
425 2915 667 3007 Ferdinando,
688 2916 823 2989 clerico
847 2941 1004 3008 camere,
1036 2919 1131 2992 illam
1156 2929 1301 2994 tenente
1327 2923 1469 3017 quotics
1496 2924 1561 2998 luit

218 3045 490 3138 opportunum,
505 3045 540 3112 et
557 3042 769 3116 incensante
781 3063 883 3128 eam;
900 3049 936 3116 et
952 3049 1034 3140 post
1050 3045 1211 3134 missam,
1234 3054 1427 3142 antequam
1443 3049 1560 3122 exiret

218 3166 386 3260 Papead
405 3187 587 3238 cameram
599 3165 792 3260 Papa-galli,
806 3167 920 3240 vocati
933 3167 1080 3241 luerunt
1094 3170 1295 3244 cardinales
1314 3171 1358 3244 ad
1377 3193 1559 3246 cameram

216 3289 412 3362 audientic
443 3311 524 3362 cnm
552 3287 682 3384 quibus
709 3289 836 3362 habuit
864 3314 1071 3364 sermonem
1102 3293 1155 3366 vel
1183 3295 1334 3368 verbum
1364 3297 1409 3368 de
1438 3296 1556 3368 dando

215 3437 363 3504 rosam,
381 3422 416 3488 et
434 3414 593 3488 decrevit
611 3415 698 3486 dare
716 3439 795 3488 eam
807 3417 1055 3490 communitati
1073 3419 1243 3490 tanuensi
1258 3427 1293 3490 et
1311 3419 1457 3492 mittere
1477 3443 1556 3492 eam

213 3563 294 3639 per
318 3562 443 3612 eorum
468 3543 654 3612 oratores:
678 3545 759 3634 post
777 3540 873 3635 quod
897 3541 1088 3613 decretum
1107 3542 1244 3615 vocavit
1268 3565 1326 3614 me
1347 3547 1382 3615 et
1400 3543 1556 3615 intono-

214 3663 322 3763 garit
338 3665 366 3736 si
383 3663 560 3736 deberent
575 3661 745 3736 associari
766 3669 928 3736 oratores
940 3689 1005 3760 por
1019 3665 1225 3738 cardinales
1245 3671 1394 3762 propter
1408 3689 1551 3738 rosam:

214 3788 298 3861 dixi
314 3789 407 3882 quod
424 3811 509 3877 non,
529 3786 698 3883 quianon
716 3787 864 3860 daretur
878 3788 929 3860 cis
941 3789 1003 3860 sed
1020 3791 1284 3878 communitati,
1304 3797 1338 3864 et
1357 3793 1554 3886 propterea

214 3935 300 3984 uon
324 3913 547 3984 associarent
570 3910 785 3998 cardinales,
813 3911 880 3983 nisi
906 3912 1125 4010 principales
1150 3913 1216 4010 ipsi
1243 3913 1397 4001 aderint,
1423 3913 1552 4008 quibus

214 4037 372 4110 daretur
389 4059 472 4108 rosa
488 4043 524 4108 et
542 4036 637 4130 quod
657 4057 723 4131 per
742 4035 906 4131 'prelatos
929 4045 963 4109 et
981 4061 1046 4134 per
1062 4037 1236 4110 familiam
1261 4037 1468 4110 Sanctitatis
1488 4061 1552 4112 sue

212 4159 400 4234 deberent
424 4159 609 4246 associari,
637 4165 671 4231 et
700 4161 796 4254 quod
824 4169 905 4257 post
922 4162 1075 4234 reditum
1100 4163 1145 4232 dc..
1173 4161 1313 4256 capella
1339 4171 1435 4234 osset
1463 4161 1551 4256 ipsis

211 4285 429 4360 oratoribus
460 4285 494 4356 in
520 4306 664 4356 camera
688 4285 866 4381 Papagalli
894 4286 1011 4358 danda
1038 4285 1115 4357 sine
1145 4285 1213 4356 illis
1246 4285 1365 4358 verbis
1396 4287 1432 4356 in
1457 4285 1549 4357 libro

209 4409 512 4483 ceremoniarum
537 4407 682 4504 positis;
713 4407 816 4480 etsie
835 4407 970 4480 lactum
996 4415 1062 4481 est.
1091 4409 1300 4482 Orationem
1328 4408 1412 4480 lecit
1432 4409 1466 4480 iu
1486 4433 1546 4482 ca-

209 4533 312 4632 pella
349 4537 565 4629 procurator
600 4527 879 4606 carmelitarum.
912 4533 1029 4606 Finita
1056 4525 1178 4614 missa,
1215 4537 1311 4629 Papa
1347 4533 1545 4628 reportavit

207 4681 339 4732 rosam
360 4657 403 4730 ad
423 4679 606 4730 cameram
630 4658 833 4752 paramenti
859 4657 931 4744 ubi,
960 4657 1133 4753 depositis
1160 4657 1270 4729 sacris
1298 4657 1469 4740 vestibus,
1499 4660 1541 4728 l).

209 4783 425 4879 Alphonsus
441 4805 526 4854 cnm
546 4783 709 4855 lohanne
729 4781 984 4855 Bartlrolomeo
1004 4787 1040 4855 et
1059 4783 1217 4877 quodam
1237 4781 1307 4853 alio
1324 4785 1544 4874 conquestus

208 4907 311 5004 quod
348 4907 490 4980 auditor
523 4929 666 4979 camere
698 4907 823 4980 luisset
857 4906 1027 5004 episcopo
1052 4909 1219 4977 llassano
1250 4909 1453 4999 suspectus
1487 4905 1544 4976 cui

138 5037 143 5046 '
208 5035 411 5128 propterca
436 5031 561 5105 luisset
591 5031 695 5104 datus
717 5031 945 5126 inadjunctus
968 5029 1164 5102 cardinalis
1195 5028 1457 5102 t'olatcrranus
1483 5029 1544 5122 qui
1608 5093 1611 5098 .

215 5155 375 5230 dedisset
400 5157 609 5252 episcopum
637 5155 881 5243 assistentem,
910 5155 986 5226 sinc
1015 5177 1085 5250 quo
1105 5153 1287 5248 predictus
1314 5152 1461 5224 auditor
1481 5153 1541 5224 de-
