3520 6036
114 633 185 698 {llars
199 631 270 694 1505]
445 628 574 688 RERUM
598 627 825 687 URBANARUM
849 627 1113 688 COMMENTARll.
1214 689 1216 694 ,
1384 628 1438 688 379

114 794 146 864 et
162 787 347 875 Columna,
367 785 506 860 familia
518 790 632 884 Papo,
649 786 834 860 auditores
853 789 930 859 rote
947 790 983 858 et
999 784 1060 858 alii
1072 783 1201 882 prelati
1214 809 1221 876 ;
1234 786 1436 865 orationem

115 915 194 989 tecit
211 916 252 985 l).
273 912 420 986 Phedra
438 912 637 986 canonicus
652 913 920 986 Lateranensis.

158 1037 239 1111 Heri
258 1037 405 1110 intravit
425 1037 560 1111 Urbem
578 1039 764 1126 Erasmus,
787 1036 979 1136 episcopus
1002 1036 1203 1126 Ploeensis,
1222 1036 1435 1113 Victorinus

112 1165 152 1236 de
164 1165 293 1251 Sanno,
308 1162 413 1237 miles
427 1167 464 1236 et
478 1164 584 1252 baro,
601 1167 637 1236 et
653 1166 695 1236 D.
711 1162 879 1236 Nicolaus
892 1164 1098 1260 prepositus
1111 1162 1431 1253 wratislaviensis,

111 1293 269 1362 oratores
287 1287 483 1362 Alexandri
500 1288 597 1385 regis
616 1287 840 1362 serenissimi
860 1288 1008 1362 Polonie
1025 1311 1090 1386 pro
1106 1287 1315 1362 obedientie
1333 1310 1435 1384 pres-

110 1414 213 1487 tanda
229 1413 346 1487 missi.
363 1414 575 1488 Habuerunt
593 1413 786 1511 episcopus
803 1437 916 1510 equos
940 1414 1091 1511 triginta
1106 1437 1183 1506 sex,
1197 1413 1287 1486 baro
1305 1414 1434 1488 decem

108 1545 141 1613 et
153 1563 295 1630 novem,
314 1539 421 1613 miles
437 1539 645 1630 duodecim,
666 1544 749 1614 octo
767 1540 889 1614 salmis
906 1540 1202 1638 precedentibus,
1224 1539 1330 1612 mulis
1348 1539 1434 1612 sub-

107 1665 350 1761 sequentibus,
370 1664 471 1762 equis
488 1666 609 1739 vacuis
638 1665 698 1762 qui
727 1665 858 1740 salmas
883 1666 1056 1763 perviam
1074 1669 1280 1763 portarunt,
1300 1664 1432 1740 deinde

106 1813 161 1863 sex
178 1789 311 1878 vestiti,
330 1794 370 1864 ut
384 1793 513 1881 Turce,
527 1791 770 1888 pulcherrime
789 1791 920 1865 ornati.
935 1795 1026 1864 ltom
1040 1791 1101 1864 alii
1113 1789 1274 1864 scutiferi
1286 1813 1429 1881 eorum,

106 1939 227 1990 omnes
245 1916 364 2005 rubei,
391 1917 447 1990 vel
470 1916 585 2013 quasi,
609 1940 692 1990 cum
718 1917 859 2016 magnis
880 1917 935 1992 vel
956 1916 1118 2014 pulchris
1139 1916 1269 2014 pannis
1294 1915 1331 1990 in
1346 1937 1432 2013 pec·

104 2047 195 2130 tore;
215 2065 327 2139 super
344 2065 455 2116 manu
483 2049 518 2115 et
548 2066 660 2140 super
684 2043 826 2140 capillis
855 2046 891 2115 et
917 2042 1045 2116 biretis
1072 2042 1235 2116 monilia.
1258 2041 1430 2130 Mediate,

102 2171 182 2242 ante
196 2173 365 2240 oratores
383 2166 556 2264 equitavit
573 2192 665 2240 unus
688 2191 819 2264 parvus
842 2191 954 2242 senex
972 2167 1034 2264 qui
1058 2191 1141 2240 cum
1165 2167 1244 2262 ipso
1263 2166 1434 2263 episeopo

102 2299 184 2366 tunc
201 2291 455 2388 protonotario
473 2291 542 2365 suit
559 2293 596 2364 in
616 2294 727 2383 Urbe,
753 2293 789 2365 in
814 2292 962 2390 parvulo
987 2315 1096 2389 equo,
1115 2292 1209 2364 bene
1226 2291 1378 2364 vestitus
1396 2294 1433 2364 et

101 2420 260 2490 ornatus,
282 2419 471 2491 Venerunt
489 2417 541 2489 eis
559 2416 702 2490 obviam
716 2440 843 2490 omnes
862 2417 997 2491 familie
1013 2421 1109 2514 Pape
1123 2415 1431 2505 etcardinalium;
1515 2473 1520 2482 .

102 2541 355 2638 equitaverunt
372 2565 437 2639 per
453 2547 597 2638 portam
616 2541 797 2618 Viridarii.
818 2542 1017 2639 Episcopus
1038 2541 1209 2638 equitavit
1233 2541 1329 2614 inter
1349 2563 1433 2637 pre-

108 2665 244 2739 lectum
279 2665 387 2739 Urbis
411 2689 433 2740 a
457 2665 593 2739 dextris
620 2673 656 2740 et
684 2667 968 2764 gubernatorem
996 2691 1018 2741 a
1048 2665 1223 2756 sinistris3
1252 2665 1314 2740 alii
1342 2664 1436 2740 inter

99 2791 192 2864 alios
209 2791 373 2888 prelatos
390 2797 427 2866 et
444 2796 608 2866 oratores
626 2792 795 2866 associati
811 2792 958 2865 luerunt
978 2793 1023 2866 ad
1041 2793 1191 2864 domum
1204 2791 1249 2864 de
1267 2789 1432 2864 Maximis

100 2913 135 2987 in
153 2938 228 3010 qua
243 2915 310 2988 luit
336 2915 540 3013 hospitatus
569 2918 761 3015 episcopus
782 2942 789 2991 :
813 2916 909 2991 unde
926 2917 1194 2992 descenderunt
1211 2939 1338 2990 omnes
1355 2914 1427 3006 alii,

99 3039 231 3114 deinde
247 3041 500 3137 equitaverunt
512 3042 559 3115 ad
576 3067 643 3115 sua
660 3043 833 3140 hospitia.

147 3165 339 3241 Dominica
366 3165 508 3258 Letoce,
539 3177 671 3265 quarte
697 3167 993 3266 quadragesime,
1022 3173 1043 3240 2
1068 3167 1203 3259 martii,
1234 3165 1429 3240 cardinalis

97 3291 279 3365 Adrianus
316 3291 511 3367 celebravit
542 3294 698 3389 publice,
727 3298 824 3391 Papa
849 3317 923 3368 non
954 3298 1135 3389 presente,
1169 3292 1227 3365 cui
1257 3291 1340 3364 beri
1374 3291 1430 3398 vel

95 3415 241 3490 veneris
259 3417 358 3491 venit
373 3417 549 3516 podagra,
569 3419 625 3492 vel
640 3419 709 3493 alie
724 3419 967 3510 infirmitates,
989 3425 1026 3493 et
1042 3419 1111 3492 hec
1131 3416 1199 3491 luit
1216 3417 1335 3514 prima
1351 3440 1431 3514 pre·

95 3540 182 3615 dicti
215 3541 423 3617 cardinalis.
455 3547 498 3617 D.
531 3544 786 3634 Bernardinus,
815 3543 902 3617 olim
926 3542 1099 3640 magister
1120 3541 1424 3630 ceremoniarum,

95 3665 271 3741 fecithoc
289 3691 397 3742 mane
415 3672 561 3765 portare
583 3692 705 3742 rosam
724 3673 829 3743 extra
847 3691 1029 3742 cameram
1048 3671 1144 3766 Pape
1160 3671 1197 3742 et
1215 3666 1301 3765 poni
1320 3691 1430 3764 super

94 3791 313 3867 altercante
336 3793 529 3869 adventum
557 3795 812 3884 cardinalium,
838 3795 971 3868 deinde
992 3794 1118 3892 reponi
1137 3816 1224 3868 ‚eam
1243 3800 1326 3890 post
1345 3792 1430 3866 mis-

94 3939 173 3990 sam
193 3916 233 3991 in
256 3919 434 4009 sacristia,
457 3925 580 4017 preter
600 3919 714 3994 bonas
741 3919 982 4010 ceremonias,
1010 3920 1109 4016 quia,
1139 3922 1238 4017 Papa
1261 3919 1426 4008 absente,

93 4065 169 4115 non
202 4043 311 4118 debet
337 4045 449 4118 videri
487 4051 594 4142 atque
624 4069 814 4144 apparere.
847 4049 1062 4121 Sermonem
1094 4045 1180 4120 fecit
1213 4051 1429 4142 procurator

95 4166 235 4240 ordinis
252 4169 537 4243 carmelitarum.
561 4173 645 4244 Post
662 4171 854 4266 prandium
870 4171 907 4242 in
926 4170 1060 4267 palatio
1081 4169 1292 4268 apostolico,
1311 4171 1429 4266 ponti·

93 4292 206 4365 ticum
234 4293 271 4366 in
294 4294 375 4368 aula
398 4295 546 4369 suerunt
569 4295 753 4370 celebrata
773 4296 958 4393 sponsalia
979 4320 1043 4369 seu
1067 4299 1279 4370 contractus
1300 4297 1428 4369 matri-

93 4417 209 4489 monii
231 4417 327 4492 inter
355 4423 398 4492 D.
424 4420 659 4494 Franciscum
682 4420 834 4493 Mariam
858 4421 903 4494 de
928 4425 1059 4511 Ruere,
1082 4421 1285 4518 prefectum
1304 4419 1423 4512 Urbis,

90 4549 264 4639 nepotem
282 4547 390 4641 Pape,
409 4549 446 4619 et
467 4549 684 4636 Leonoram,
710 4546 823 4619 tiliam
843 4545 1066 4620 marchionis
1091 4546 1292 4634 Mantuani,
1321 4547 1425 4642 cujus

91 4675 308 4763 procurator
325 4675 403 4743 erat
418 4671 633 4767 blagnitious
654 4675 698 4745 D.
721 4672 907 4746 lohannes
932 4673 977 4746 de
999 4675 1179 4770 Gonzaga,
1198 4671 1312 4744 trater
1326 4693 1425 4743 mar-

93 4793 237 4867 chionis
253 4796 456 4886 llantuani;
481 4797 643 4870 notarius
662 4803 891 4872 contractum
910 4797 997 4872 lecit
1017 4801 1059 4872 D.
1084 4797 1255 4872 Camillus
1279 4795 1424 4870 Benim-

92 4919 200 5008 bene,
231 4923 416 4992 Romanus
442 4920 501 5020 (l).
529 4921 780 4997 Intertuerunt
812 4921 915 5020 quasi
951 4946 1078 4997 omnes
1109 4921 1310 4997 cardinales
1345 4923 1424 4996 ltali

94 5051 218 5139 preter
243 5045 404 5119 bledices
431 5050 468 5118 et
498 5047 725 5140 Cesarinum;
762 5073 836 5121 non
861 5047 1113 5122 Ulixbonensis
1142 5070 1260 5144 neque
1292 5046 1423 5145 aliquis

128 5235 156 5288 l.
177 5253 193 5282 ιι
261 5239 288 5288 et
311 5231 459 5290 Clomanus
484 5233 613 5291 Camillus
632 5233 665 5291 de
684 5235 754 5291 bene
778 5233 806 5289 in
826 5234 896 5290 bane
914 5236 974 5306 (stc)
995 5231 1216 5307 cognominatus,
1240 5231 1309 5290 civis
1326 5232 1426 5290 Homa-

93 5335 154 5374 nus.
171 5343 185 5370 v
201 5320 236 5376 P.
257 5321 291 5376 de
306 5320 426 5387 Gnosis,
441 5321 460 5382 l'.
477 5325 537 5378 130.
