<?xml version="1.0" encoding="UTF-8"?>
<!DOCTYPE html PUBLIC "-//W3C//DTD XHTML 1.0 Transitional//EN"
    "http://www.w3.org/TR/xhtml1/DTD/xhtml1-transitional.dtd">
<html xmlns="http://www.w3.org/1999/xhtml" xml:lang="en" lang="en">
 <head>
  <title>
</title>
<meta http-equiv="Content-Type" content="text/html;charset=utf-8" />
  <meta name='ocr-system' content='tesseract 3.04.00' />
  <meta name='ocr-capabilities' content='ocr_page ocr_carea ocr_par ocr_line ocrx_word'/>
</head>
<body>
  <div class='ocr_page' id='page_1' title='image "./johannisburchar03burcgoog/johannisburchar03burcgoog_0156.png"; bbox 0 0 3590 6042; ppageno 0'>
   <div class='ocr_carea' id='block_1_1' title="bbox 371 583 1688 658">
    <p class='ocr_par' dir='ltr' id='par_1_1' title="bbox 371 583 1688 658">
     <span class='ocr_line' id='line_1_1' title="bbox 371 583 1688 658; baseline 0 -14"><span class='ocrx_word' id='word_1_1' title='bbox 371 587 408 644; x_wconf 84' lang='grc'>76</span> <span class='ocrx_word' id='word_1_2' title='bbox 708 627 711 634; x_wconf 26' lang='grc' dir='ltr'><strong>Δ</strong></span> <span class='ocrx_word' id='word_1_3' title='bbox 825 585 1001 644; x_wconf 83' lang='lat' dir='ltr'>JOllllNNlS</span> <span class='ocrx_word' id='word_1_4' title='bbox 1025 583 1250 655; x_wconf 73' lang='lat' dir='ltr'>absentant,</span> <span class='ocrx_word' id='word_1_5' title='bbox 1447 585 1614 654; x_wconf 78' lang='lat' dir='ltr'>[Septembre</span> <span class='ocrx_word' id='word_1_6' title='bbox 1629 593 1688 658; x_wconf 79' lang='lat' dir='ltr'>rso]</span> 
     </span>
    </p>
   </div>
   <div class='ocr_carea' id='block_1_2' title="bbox 373 742 1687 1848">
    <p class='ocr_par' dir='ltr' id='par_1_2' title="bbox 373 742 1687 1597">
     <span class='ocr_line' id='line_1_2' title="bbox 422 742 1685 842; baseline 0.006 -27"><span class='ocrx_word' id='word_1_7' title='bbox 422 742 528 816; x_wconf 84' lang='lat' dir='ltr'>Faria</span> <span class='ocrx_word' id='word_1_8' title='bbox 551 750 664 836; x_wconf 86' lang='lat' dir='ltr'>sexta,</span> <span class='ocrx_word' id='word_1_9' title='bbox 698 749 740 818; x_wconf 89' lang='lat' dir='ltr'>l8</span> <span class='ocrx_word' id='word_1_10' title='bbox 764 744 936 842; x_wconf 85' lang='lat' dir='ltr'>ejusdam</span> <span class='ocrx_word' id='word_1_11' title='bbox 954 742 1090 817; x_wconf 80' lang='lat' dir='ltr'>mensis</span> <span class='ocrx_word' id='word_1_12' title='bbox 1113 743 1343 840; x_wconf 73' lang='lat' dir='ltr'>septembris,</span> <span class='ocrx_word' id='word_1_13' title='bbox 1369 743 1432 818; x_wconf 88' lang='lat' dir='ltr'>SS.</span> <span class='ocrx_word' id='word_1_14' title='bbox 1459 745 1503 816; x_wconf 79' lang='lat' dir='ltr'>l).</span> <span class='ocrx_word' id='word_1_15' title='bbox 1520 751 1639 818; x_wconf 89' lang='lat' dir='ltr'>noster</span> <span class='ocrx_word' id='word_1_16' title='bbox 1658 747 1685 822; x_wconf 90' lang='lat' dir='ltr'>io</span> 
     </span>
     <span class='ocr_line' id='line_1_3' title="bbox 375 863 1684 970; baseline 0.003 -28"><span class='ocrx_word' id='word_1_17' title='bbox 375 877 517 944; x_wconf 89' lang='lat' dir='ltr'>sacrato</span> <span class='ocrx_word' id='word_1_18' title='bbox 546 863 766 944; x_wconf 86' lang='lat' dir='ltr'>consistorio</span> <span class='ocrx_word' id='word_1_19' title='bbox 786 869 976 970; x_wconf 89' lang='lat' dir='ltr'>proposuit</span> <span class='ocrx_word' id='word_1_20' title='bbox 1000 869 1220 945; x_wconf 76' lang='lat' dir='ltr'>creationem</span> <span class='ocrx_word' id='word_1_21' title='bbox 1246 892 1421 944; x_wconf 88' lang='lat' dir='ltr'>novorum</span> <span class='ocrx_word' id='word_1_22' title='bbox 1446 869 1684 964; x_wconf 87' lang='lat' dir='ltr'>cardinalium,</span> 
     </span>
     <span class='ocr_line' id='line_1_4' title="bbox 377 995 1684 1095; baseline 0.003 -27"><span class='ocrx_word' id='word_1_23' title='bbox 377 1001 414 1070; x_wconf 89' lang='lat' dir='ltr'>et</span> <span class='ocrx_word' id='word_1_24' title='bbox 437 995 651 1085; x_wconf 79' lang='lat' dir='ltr'>conclusum</span> <span class='ocrx_word' id='word_1_25' title='bbox 678 1004 733 1071; x_wconf 88' lang='lat' dir='ltr'>est</span> <span class='ocrx_word' id='word_1_26' title='bbox 758 999 857 1095; x_wconf 88' lang='lat' dir='ltr'>quod</span> <span class='ocrx_word' id='word_1_27' title='bbox 881 1001 1097 1070; x_wconf 89' lang='lat' dir='ltr'>vocarentur</span> <span class='ocrx_word' id='word_1_28' title='bbox 1127 997 1172 1070; x_wconf 88' lang='lat' dir='ltr'>ad</span> <span class='ocrx_word' id='word_1_29' title='bbox 1195 997 1267 1070; x_wconf 92' lang='lat' dir='ltr'>hoc</span> <span class='ocrx_word' id='word_1_30' title='bbox 1289 997 1493 1070; x_wconf 78' lang='lat' dir='ltr'>cardinales</span> <span class='ocrx_word' id='word_1_31' title='bbox 1520 996 1684 1088; x_wconf 88' lang='lat' dir='ltr'>absentas,</span> 
     </span>
     <span class='ocr_line' id='line_1_5' title="bbox 375 1121 1687 1221; baseline 0.002 -27"><span class='ocrx_word' id='word_1_32' title='bbox 375 1124 475 1218; x_wconf 90' lang='lat' dir='ltr'>quod</span> <span class='ocrx_word' id='word_1_33' title='bbox 495 1121 630 1198; x_wconf 88' lang='lat' dir='ltr'>lactum</span> <span class='ocrx_word' id='word_1_34' title='bbox 652 1130 719 1198; x_wconf 90' lang='lat' dir='ltr'>est.</span> <span class='ocrx_word' id='word_1_35' title='bbox 742 1125 933 1199; x_wconf 81' lang='lat' dir='ltr'>Cesaribus</span> <span class='ocrx_word' id='word_1_36' title='bbox 953 1123 1097 1215; x_wconf 86' lang='lat' dir='ltr'>absens,</span> <span class='ocrx_word' id='word_1_37' title='bbox 1123 1123 1381 1197; x_wconf 86' lang='lat' dir='ltr'>Ulixbonensis</span> <span class='ocrx_word' id='word_1_38' title='bbox 1402 1121 1570 1210; x_wconf 83' lang='lat' dir='ltr'>infirmus</span> <span class='ocrx_word' id='word_1_39' title='bbox 1590 1124 1687 1221; x_wconf 89' lang='lat' dir='ltr'>scrip·</span> 
     </span>
     <span class='ocr_line' id='line_1_6' title="bbox 374 1247 1685 1348; baseline 0.002 -28"><span class='ocrx_word' id='word_1_40' title='bbox 374 1255 499 1321; x_wconf 89' lang='lat' dir='ltr'>serunt</span> <span class='ocrx_word' id='word_1_41' title='bbox 530 1251 626 1347; x_wconf 88' lang='lat' dir='ltr'>Papa</span> <span class='ocrx_word' id='word_1_42' title='bbox 654 1257 738 1324; x_wconf 89' lang='lat' dir='ltr'>vota</span> <span class='ocrx_word' id='word_1_43' title='bbox 772 1273 838 1326; x_wconf 90' lang='lat' dir='ltr'>sua</span> <span class='ocrx_word' id='word_1_44' title='bbox 868 1252 973 1348; x_wconf 87' lang='lat' dir='ltr'>cujus</span> <span class='ocrx_word' id='word_1_45' title='bbox 1005 1249 1179 1324; x_wconf 87' lang='lat' dir='ltr'>voluntati</span> <span class='ocrx_word' id='word_1_46' title='bbox 1203 1247 1502 1338; x_wconf 90' lang='lat' dir='ltr'>consentiebant;</span> <span class='ocrx_word' id='word_1_47' title='bbox 1532 1251 1685 1325; x_wconf 86' lang='lat' dir='ltr'>Senensis</span> 
     </span>
     <span class='ocr_line' id='line_1_7' title="bbox 374 1373 1687 1473; baseline 0.002 -27"><span class='ocrx_word' id='word_1_48' title='bbox 374 1373 556 1449; x_wconf 82' lang='lat' dir='ltr'>excusavit</span> <span class='ocrx_word' id='word_1_49' title='bbox 584 1397 623 1447; x_wconf 86' lang='lat' dir='ltr'>ss</span> <span class='ocrx_word' id='word_1_50' title='bbox 652 1379 802 1473; x_wconf 89' lang='lat' dir='ltr'>propter</span> <span class='ocrx_word' id='word_1_51' title='bbox 830 1376 1034 1473; x_wconf 84' lang='lat' dir='ltr'>chiragram</span> <span class='ocrx_word' id='word_1_52' title='bbox 1064 1395 1138 1448; x_wconf 90' lang='lat' dir='ltr'>non</span> <span class='ocrx_word' id='word_1_53' title='bbox 1168 1395 1274 1472; x_wconf 88' lang='lat' dir='ltr'>posse</span> <span class='ocrx_word' id='word_1_54' title='bbox 1304 1373 1426 1448; x_wconf 86' lang='lat' dir='ltr'>venire</span> <span class='ocrx_word' id='word_1_55' title='bbox 1454 1375 1492 1448; x_wconf 92' lang='lat' dir='ltr'>et</span> <span class='ocrx_word' id='word_1_56' title='bbox 1517 1373 1687 1470; x_wconf 83' lang='lat' dir='ltr'>generalia</span> 
     </span>
     <span class='ocr_line' id='line_1_8' title="bbox 373 1497 835 1597; baseline 0.006 -28"><span class='ocrx_word' id='word_1_57' title='bbox 373 1497 481 1572; x_wconf 87' lang='lat' dir='ltr'>solita</span> <span class='ocrx_word' id='word_1_58' title='bbox 498 1498 643 1595; x_wconf 75' lang='lat' dir='ltr'>scripsit</span> <span class='ocrx_word' id='word_1_59' title='bbox 659 1499 835 1597; x_wconf 87' lang='lat' dir='ltr'>pontifici.</span> 
     </span>
    </p>

    <p class='ocr_par' dir='ltr' id='par_1_3' title="bbox 375 1623 1683 1848">
     <span class='ocr_line' id='line_1_9' title="bbox 421 1623 1683 1718; baseline 0.003 -24"><span class='ocrx_word' id='word_1_60' title='bbox 421 1623 527 1696; x_wconf 85' lang='lat' dir='ltr'>Faria</span> <span class='ocrx_word' id='word_1_61' title='bbox 541 1628 656 1716; x_wconf 83' lang='lat' dir='ltr'>sexta,</span> <span class='ocrx_word' id='word_1_62' title='bbox 673 1631 717 1700; x_wconf 75' lang='lat'>25</span> <span class='ocrx_word' id='word_1_63' title='bbox 735 1626 822 1700; x_wconf 92' lang='lat' dir='ltr'>dicti</span> <span class='ocrx_word' id='word_1_64' title='bbox 841 1628 991 1718; x_wconf 89' lang='lat' dir='ltr'>mansis,</span> <span class='ocrx_word' id='word_1_65' title='bbox 1010 1627 1144 1704; x_wconf 90' lang='lat' dir='ltr'>iterum</span> <span class='ocrx_word' id='word_1_66' title='bbox 1160 1628 1299 1701; x_wconf 88' lang='lat' dir='ltr'>dictum</span> <span class='ocrx_word' id='word_1_67' title='bbox 1319 1631 1375 1700; x_wconf 90' lang='lat' dir='ltr'>ast</span> <span class='ocrx_word' id='word_1_68' title='bbox 1400 1625 1438 1698; x_wconf 88' lang='lat' dir='ltr'>in</span> <span class='ocrx_word' id='word_1_69' title='bbox 1455 1631 1596 1701; x_wconf 86' lang='lat' dir='ltr'>secrato</span> <span class='ocrx_word' id='word_1_70' title='bbox 1610 1647 1683 1700; x_wconf 89' lang='lat' dir='ltr'>con·</span> 
     </span>
     <span class='ocr_line' id='line_1_10' title="bbox 375 1746 1683 1848; baseline 0.002 -28"><span class='ocrx_word' id='word_1_71' title='bbox 375 1746 520 1821; x_wconf 90' lang='lat' dir='ltr'>sistorio</span> <span class='ocrx_word' id='word_1_72' title='bbox 544 1750 589 1824; x_wconf 90' lang='lat' dir='ltr'>de</span> <span class='ocrx_word' id='word_1_73' title='bbox 619 1749 831 1848; x_wconf 89' lang='lat' dir='ltr'>hujusmodi</span> <span class='ocrx_word' id='word_1_74' title='bbox 861 1753 1048 1828; x_wconf 85' lang='lat' dir='ltr'>creatione</span> <span class='ocrx_word' id='word_1_75' title='bbox 1077 1755 1114 1827; x_wconf 93' lang='lat' dir='ltr'>et</span> <span class='ocrx_word' id='word_1_76' title='bbox 1143 1751 1237 1824; x_wconf 91' lang='lat' dir='ltr'>nihil</span> <span class='ocrx_word' id='word_1_77' title='bbox 1268 1751 1510 1840; x_wconf 68' lang='lat' dir='ltr'>conclusum</span> <span class='ocrx_word' id='word_1_78' title='bbox 1540 1749 1683 1840; x_wconf 89' lang='lat' dir='ltr'>tandem,</span> 
     </span>
    </p>
   </div>
   <div class='ocr_carea' id='block_1_3' title="bbox 363 1945 1761 5166">
    <p class='ocr_par' dir='ltr' id='par_1_4' title="bbox 363 1945 1761 5166">
     <span class='ocr_line' id='line_1_11' title="bbox 373 1945 1684 2026; baseline -0.001 -24"><span class='ocrx_word' id='word_1_79' title='bbox 373 1968 387 1998; x_wconf 76' lang='grc' dir='ltr'>ιι</span> <span class='ocrx_word' id='word_1_80' title='bbox 465 1946 530 2002; x_wconf 87' lang='lat' dir='ltr'>liicr</span> <span class='ocrx_word' id='word_1_81' title='bbox 543 1946 656 2005; x_wconf 87' lang='lat' dir='ltr'>mattina</span> <span class='ocrx_word' id='word_1_82' title='bbox 671 1965 757 2006; x_wconf 86' lang='lat' dir='ltr'>vanna</span> <span class='ocrx_word' id='word_1_83' title='bbox 772 1949 798 2005; x_wconf 87' lang='lat' dir='ltr'>la</span> <span class='ocrx_word' id='word_1_84' title='bbox 813 1949 940 2006; x_wconf 86' lang='lat' dir='ltr'>dolorosa</span> <span class='ocrx_word' id='word_1_85' title='bbox 956 1967 1046 2007; x_wconf 85' lang='lat' dir='ltr'>nuovo</span> <span class='ocrx_word' id='word_1_86' title='bbox 1061 1948 1132 2006; x_wconf 86' lang='lat' dir='ltr'>della</span> <span class='ocrx_word' id='word_1_87' title='bbox 1145 1949 1252 2026; x_wconf 87' lang='lat' dir='ltr'>perdita</span> <span class='ocrx_word' id='word_1_88' title='bbox 1268 1949 1294 2004; x_wconf 92' lang='lat' dir='ltr'>di</span> <span class='ocrx_word' id='word_1_89' title='bbox 1310 1947 1427 2004; x_wconf 87' lang='lat' dir='ltr'>Modone</span> <span class='ocrx_word' id='word_1_90' title='bbox 1442 1945 1560 2018; x_wconf 76' lang='lat' dir='ltr'>(bancho</span> <span class='ocrx_word' id='word_1_91' title='bbox 1578 1945 1654 2019; x_wconf 86' lang='lat' dir='ltr'>prima</span> <span class='ocrx_word' id='word_1_92' title='bbox 1664 1946 1684 2002; x_wconf 90' lang='lat' dir='ltr'>in</span> 
     </span>
     <span class='ocr_line' id='line_1_12' title="bbox 372 2033 1684 2112; baseline -0.001 -21"><span class='ocrx_word' id='word_1_93' title='bbox 372 2036 501 2092; x_wconf 87' lang='lat' dir='ltr'>mercanti</span> <span class='ocrx_word' id='word_1_94' title='bbox 521 2053 551 2093; x_wconf 92' lang='lat' dir='ltr'>ce</span> <span class='ocrx_word' id='word_1_95' title='bbox 571 2053 605 2093; x_wconf 87' lang='lat' dir='ltr'>ne</span> <span class='ocrx_word' id='word_1_96' title='bbox 623 2037 693 2094; x_wconf 85' lang='lat' dir='ltr'>fossi</span> <span class='ocrx_word' id='word_1_97' title='bbox 707 2037 794 2112; x_wconf 33' lang='lat' dir='ltr'>,molta</span> <span class='ocrx_word' id='word_1_98' title='bbox 817 2037 924 2110; x_wconf 86' lang='lat' dir='ltr'>lettera)</span> <span class='ocrx_word' id='word_1_99' title='bbox 946 2037 1007 2095; x_wconf 89' lang='lat' dir='ltr'>nall&#39;</span> <span class='ocrx_word' id='word_1_100' title='bbox 1028 2039 1237 2096; x_wconf 82' lang='lat' dir='ltr'>Ambasciadora</span> <span class='ocrx_word' id='word_1_101' title='bbox 1255 2037 1414 2095; x_wconf 88' lang='lat' dir='ltr'>Vanitiano.</span> <span class='ocrx_word' id='word_1_102' title='bbox 1438 2037 1473 2092; x_wconf 88' lang='lat' dir='ltr'>Et</span> <span class='ocrx_word' id='word_1_103' title='bbox 1492 2033 1581 2092; x_wconf 89' lang='lat' dir='ltr'>subito</span> <span class='ocrx_word' id='word_1_104' title='bbox 1599 2035 1616 2090; x_wconf 93' lang='lat' dir='ltr'>il</span> <span class='ocrx_word' id='word_1_105' title='bbox 1632 2053 1684 2092; x_wconf 86' lang='lat' dir='ltr'>rac·</span> 
     </span>
     <span class='ocr_line' id='line_1_13' title="bbox 372 2125 1684 2202; baseline -0.001 -20"><span class='ocrx_word' id='word_1_106' title='bbox 372 2125 434 2182; x_wconf 90' lang='lat' dir='ltr'>chio</span> <span class='ocrx_word' id='word_1_107' title='bbox 457 2127 588 2200; x_wconf 74' lang='lat' dir='ltr'>(capello)</span> <span class='ocrx_word' id='word_1_108' title='bbox 611 2133 639 2184; x_wconf 87' lang='lat' dir='ltr'>at</span> <span class='ocrx_word' id='word_1_109' title='bbox 662 2126 680 2182; x_wconf 90' lang='lat' dir='ltr'>il</span> <span class='ocrx_word' id='word_1_110' title='bbox 703 2145 794 2184; x_wconf 85' lang='lat' dir='ltr'>nuovo</span> <span class='ocrx_word' id='word_1_111' title='bbox 817 2127 1027 2186; x_wconf 81' lang='lat' dir='ltr'>Ambasciadoro</span> <span class='ocrx_word' id='word_1_112' title='bbox 1043 2130 1142 2202; x_wconf 80' lang='lat' dir='ltr'>(Zorci)</span> <span class='ocrx_word' id='word_1_113' title='bbox 1167 2129 1217 2184; x_wconf 89' lang='lat' dir='ltr'>che</span> <span class='ocrx_word' id='word_1_114' title='bbox 1237 2145 1283 2184; x_wconf 88' lang='lat' dir='ltr'>era</span> <span class='ocrx_word' id='word_1_115' title='bbox 1297 2133 1401 2186; x_wconf 86' lang='lat' dir='ltr'>antrato</span> <span class='ocrx_word' id='word_1_116' title='bbox 1425 2132 1472 2202; x_wconf 83' lang='lat' dir='ltr'>qui</span> <span class='ocrx_word' id='word_1_117' title='bbox 1492 2128 1519 2184; x_wconf 91' lang='lat' dir='ltr'>in</span> <span class='ocrx_word' id='word_1_118' title='bbox 1539 2128 1622 2186; x_wconf 82' lang='lat' dir='ltr'>Roma</span> <span class='ocrx_word' id='word_1_119' title='bbox 1633 2127 1650 2182; x_wconf 90' lang='lat' dir='ltr'>il</span> <span class='ocrx_word' id='word_1_120' title='bbox 1662 2127 1684 2181; x_wconf 92' lang='lat' dir='ltr'>di</span> 
     </span>
     <span class='ocr_line' id='line_1_14' title="bbox 370 2213 1682 2292; baseline 0 -21"><span class='ocrx_word' id='word_1_121' title='bbox 370 2213 460 2272; x_wconf 84' lang='lat' dir='ltr'>inauri</span> <span class='ocrx_word' id='word_1_122' title='bbox 475 2233 525 2271; x_wconf 88' lang='lat' dir='ltr'>con</span> <span class='ocrx_word' id='word_1_123' title='bbox 540 2214 567 2273; x_wconf 89' lang='lat' dir='ltr'>la</span> <span class='ocrx_word' id='word_1_124' title='bbox 582 2215 663 2274; x_wconf 90' lang='lat' dir='ltr'>solita</span> <span class='ocrx_word' id='word_1_125' title='bbox 675 2234 784 2292; x_wconf 85' lang='lat' dir='ltr'>pompa,</span> <span class='ocrx_word' id='word_1_126' title='bbox 800 2224 828 2274; x_wconf 89' lang='lat' dir='ltr'>at</span> <span class='ocrx_word' id='word_1_127' title='bbox 841 2235 942 2274; x_wconf 88' lang='lat' dir='ltr'>ancora</span> <span class='ocrx_word' id='word_1_128' title='bbox 955 2235 1011 2276; x_wconf 89' lang='lat' dir='ltr'>non</span> <span class='ocrx_word' id='word_1_129' title='bbox 1025 2219 1129 2276; x_wconf 82' lang='lat' dir='ltr'>barava</span> <span class='ocrx_word' id='word_1_130' title='bbox 1143 2218 1227 2275; x_wconf 88' lang='lat' dir='ltr'>bauto</span> <span class='ocrx_word' id='word_1_131' title='bbox 1241 2217 1369 2276; x_wconf 88' lang='lat' dir='ltr'>audentia</span> <span class='ocrx_word' id='word_1_132' title='bbox 1381 2216 1425 2274; x_wconf 89' lang='lat' dir='ltr'>dal</span> <span class='ocrx_word' id='word_1_133' title='bbox 1441 2217 1528 2290; x_wconf 83' lang='lat' dir='ltr'>Papa,</span> <span class='ocrx_word' id='word_1_134' title='bbox 1545 2233 1622 2274; x_wconf 79' lang='lat' dir='ltr'>sanna</span> <span class='ocrx_word' id='word_1_135' title='bbox 1636 2233 1682 2272; x_wconf 86' lang='lat' dir='ltr'>sar·</span> 
     </span>
     <span class='ocr_line' id='line_1_15' title="bbox 372 2303 1684 2381; baseline -0.001 -21"><span class='ocrx_word' id='word_1_136' title='bbox 372 2321 435 2361; x_wconf 83' lang='lat' dir='ltr'>rara</span> <span class='ocrx_word' id='word_1_137' title='bbox 448 2304 562 2361; x_wconf 85' lang='lat' dir='ltr'>l&#39;ordine</span> <span class='ocrx_word' id='word_1_138' title='bbox 576 2305 640 2362; x_wconf 87' lang='lat' dir='ltr'>dato</span> <span class='ocrx_word' id='word_1_139' title='bbox 655 2305 794 2364; x_wconf 90' lang='lat' dir='ltr'>andorono</span> <span class='ocrx_word' id='word_1_140' title='bbox 809 2307 842 2364; x_wconf 90' lang='lat' dir='ltr'>od</span> <span class='ocrx_word' id='word_1_141' title='bbox 863 2305 985 2377; x_wconf 76' lang='lat' dir='ltr'>palazzo,</span> <span class='ocrx_word' id='word_1_142' title='bbox 1002 2314 1029 2364; x_wconf 89' lang='lat' dir='ltr'>et</span> <span class='ocrx_word' id='word_1_143' title='bbox 1044 2307 1131 2381; x_wconf 89' lang='lat' dir='ltr'>prima</span> <span class='ocrx_word' id='word_1_144' title='bbox 1145 2306 1170 2363; x_wconf 88' lang='lat' dir='ltr'>al</span> <span class='ocrx_word' id='word_1_145' title='bbox 1191 2309 1274 2381; x_wconf 87' lang='lat' dir='ltr'>Papa,</span> <span class='ocrx_word' id='word_1_146' title='bbox 1290 2313 1317 2363; x_wconf 88' lang='lat' dir='ltr'>et</span> <span class='ocrx_word' id='word_1_147' title='bbox 1332 2305 1405 2380; x_wconf 92' lang='lat' dir='ltr'>dipoi</span> <span class='ocrx_word' id='word_1_148' title='bbox 1418 2305 1445 2362; x_wconf 93' lang='lat' dir='ltr'>in</span> <span class='ocrx_word' id='word_1_149' title='bbox 1464 2307 1627 2375; x_wconf 88' lang='lat' dir='ltr'>Consistoro,</span> <span class='ocrx_word' id='word_1_150' title='bbox 1641 2303 1684 2360; x_wconf 89' lang='lat' dir='ltr'>las·</span> 
     </span>
     <span class='ocr_line' id='line_1_16' title="bbox 372 2391 1683 2472; baseline -0.002 -22"><span class='ocrx_word' id='word_1_151' title='bbox 372 2409 433 2450; x_wconf 86' lang='lat' dir='ltr'>sero</span> <span class='ocrx_word' id='word_1_152' title='bbox 449 2391 475 2452; x_wconf 88' lang='lat' dir='ltr'>la</span> <span class='ocrx_word' id='word_1_153' title='bbox 497 2394 592 2452; x_wconf 87' lang='lat' dir='ltr'>lettere</span> <span class='ocrx_word' id='word_1_154' title='bbox 610 2402 773 2454; x_wconf 88' lang='lat' dir='ltr'>contenente</span> <span class='ocrx_word' id='word_1_155' title='bbox 791 2395 829 2453; x_wconf 85' lang='lat' dir='ltr'>tal</span> <span class='ocrx_word' id='word_1_156' title='bbox 848 2397 963 2472; x_wconf 88' lang='lat' dir='ltr'>perdita,</span> <span class='ocrx_word' id='word_1_157' title='bbox 982 2396 1048 2454; x_wconf 88' lang='lat' dir='ltr'>tucti</span> <span class='ocrx_word' id='word_1_158' title='bbox 1068 2397 1230 2471; x_wconf 85' lang='lat' dir='ltr'>spevantati,</span> <span class='ocrx_word' id='word_1_159' title='bbox 1252 2396 1360 2454; x_wconf 86' lang='lat' dir='ltr'>attoniti</span> <span class='ocrx_word' id='word_1_160' title='bbox 1381 2403 1408 2452; x_wconf 91' lang='lat' dir='ltr'>et</span> <span class='ocrx_word' id='word_1_161' title='bbox 1428 2396 1579 2465; x_wconf 86' lang='lat' dir='ltr'>sbolorditi‚</span> <span class='ocrx_word' id='word_1_162' title='bbox 1597 2393 1683 2451; x_wconf 80' lang='lat' dir='ltr'>orando</span> 
     </span>
     <span class='ocr_line' id='line_1_17' title="bbox 370 2483 1684 2560; baseline -0.003 -20"><span class='ocrx_word' id='word_1_163' title='bbox 370 2483 462 2558; x_wconf 89' lang='lat' dir='ltr'>parole</span> <span class='ocrx_word' id='word_1_164' title='bbox 476 2483 560 2542; x_wconf 91' lang='lat' dir='ltr'>molto</span> <span class='ocrx_word' id='word_1_165' title='bbox 573 2491 661 2542; x_wconf 87' lang='lat' dir='ltr'>masta</span> <span class='ocrx_word' id='word_1_166' title='bbox 676 2492 703 2543; x_wconf 94' lang='lat' dir='ltr'>at</span> <span class='ocrx_word' id='word_1_167' title='bbox 716 2485 891 2556; x_wconf 86' lang='lat' dir='ltr'>submissiva,</span> <span class='ocrx_word' id='word_1_168' title='bbox 903 2493 966 2544; x_wconf 85' lang='lat' dir='ltr'>etc..</span> <span class='ocrx_word' id='word_1_169' title='bbox 984 2485 1036 2544; x_wconf 86' lang='lat' dir='ltr'>Dal</span> <span class='ocrx_word' id='word_1_170' title='bbox 1045 2487 1121 2560; x_wconf 88' lang='lat' dir='ltr'>Papa</span> <span class='ocrx_word' id='word_1_171' title='bbox 1134 2493 1162 2545; x_wconf 91' lang='lat' dir='ltr'>et</span> <span class='ocrx_word' id='word_1_172' title='bbox 1175 2485 1220 2544; x_wconf 90' lang='lat' dir='ltr'>dai</span> <span class='ocrx_word' id='word_1_173' title='bbox 1234 2484 1372 2544; x_wconf 86' lang='lat' dir='ltr'>Cardinali</span> <span class='ocrx_word' id='word_1_174' title='bbox 1382 2485 1409 2542; x_wconf 87' lang='lat' dir='ltr'>iu</span> <span class='ocrx_word' id='word_1_175' title='bbox 1422 2485 1495 2542; x_wconf 87' lang='lat' dir='ltr'>lacto</span> <span class='ocrx_word' id='word_1_176' title='bbox 1506 2484 1572 2559; x_wconf 78' lang='lat' dir='ltr'>ogni</span> <span class='ocrx_word' id='word_1_177' title='bbox 1581 2483 1684 2540; x_wconf 87' lang='lat' dir='ltr'>dimons·</span> 
     </span>
     <span class='ocr_line' id='line_1_18' title="bbox 372 2569 1681 2650; baseline -0.003 -22"><span class='ocrx_word' id='word_1_178' title='bbox 372 2572 489 2630; x_wconf 87' lang='lat' dir='ltr'>tratione</span> <span class='ocrx_word' id='word_1_179' title='bbox 508 2572 536 2629; x_wconf 92' lang='lat' dir='ltr'>di</span> <span class='ocrx_word' id='word_1_180' title='bbox 555 2573 727 2648; x_wconf 88' lang='lat' dir='ltr'>displicentia</span> <span class='ocrx_word' id='word_1_181' title='bbox 746 2583 774 2634; x_wconf 92' lang='lat' dir='ltr'>et</span> <span class='ocrx_word' id='word_1_182' title='bbox 792 2574 819 2630; x_wconf 92' lang='lat' dir='ltr'>di</span> <span class='ocrx_word' id='word_1_183' title='bbox 837 2577 907 2634; x_wconf 89' lang='lat' dir='ltr'>mala</span> <span class='ocrx_word' id='word_1_184' title='bbox 925 2583 1109 2646; x_wconf 78' lang='lat' dir='ltr'>contentens,</span> <span class='ocrx_word' id='word_1_185' title='bbox 1129 2581 1156 2634; x_wconf 85' lang='lat' dir='ltr'>et</span> <span class='ocrx_word' id='word_1_186' title='bbox 1174 2577 1201 2632; x_wconf 91' lang='lat' dir='ltr'>in</span> <span class='ocrx_word' id='word_1_187' title='bbox 1221 2575 1320 2633; x_wconf 82' lang='lat' dir='ltr'>alleato</span> <span class='ocrx_word' id='word_1_188' title='bbox 1343 2575 1462 2650; x_wconf 89' lang='lat' dir='ltr'>risposto</span> <span class='ocrx_word' id='word_1_189' title='bbox 1485 2575 1535 2631; x_wconf 89' lang='lat' dir='ltr'>cha</span> <span class='ocrx_word' id='word_1_190' title='bbox 1554 2569 1681 2629; x_wconf 88' lang='lat' dir='ltr'>omninosi</span> 
     </span>
     <span class='ocr_line' id='line_1_19' title="bbox 372 2661 1682 2740; baseline -0.002 -23"><span class='ocrx_word' id='word_1_191' title='bbox 372 2661 438 2718; x_wconf 87' lang='lat' dir='ltr'>laria</span> <span class='ocrx_word' id='word_1_192' title='bbox 452 2663 546 2720; x_wconf 90' lang='lat' dir='ltr'>buona</span> <span class='ocrx_word' id='word_1_193' title='bbox 558 2663 712 2738; x_wconf 87' lang='lat' dir='ltr'>provisione</span> <span class='ocrx_word' id='word_1_194' title='bbox 726 2665 751 2721; x_wconf 89' lang='lat' dir='ltr'>a’</span> <span class='ocrx_word' id='word_1_195' title='bbox 766 2665 824 2721; x_wconf 83' lang='lat' dir='ltr'>cosi</span> <span class='ocrx_word' id='word_1_196' title='bbox 838 2664 904 2734; x_wconf 91' lang='lat' dir='ltr'>loro,</span> <span class='ocrx_word' id='word_1_197' title='bbox 921 2671 997 2722; x_wconf 89' lang='lat' dir='ltr'>etc...</span> <span class='ocrx_word' id='word_1_198' title='bbox 1015 2667 1035 2722; x_wconf 86' lang='lat' dir='ltr'>E</span> <span class='ocrx_word' id='word_1_199' title='bbox 1050 2665 1107 2723; x_wconf 90' lang='lat' dir='ltr'>cosi</span> <span class='ocrx_word' id='word_1_200' title='bbox 1126 2665 1211 2740; x_wconf 82' lang='lat' dir='ltr'>hoggi</span> <span class='ocrx_word' id='word_1_201' title='bbox 1226 2666 1265 2721; x_wconf 85' lang='lat' dir='ltr'>s&#39;c</span> <span class='ocrx_word' id='word_1_202' title='bbox 1280 2664 1350 2722; x_wconf 87' lang='lat' dir='ltr'>lacto</span> <span class='ocrx_word' id='word_1_203' title='bbox 1365 2663 1400 2720; x_wconf 88' lang='lat' dir='ltr'>ad</span> <span class='ocrx_word' id='word_1_204' title='bbox 1415 2672 1514 2738; x_wconf 87' lang='lat' dir='ltr'>questo</span> <span class='ocrx_word' id='word_1_205' title='bbox 1529 2665 1619 2721; x_wconf 77' lang='lat' dir='ltr'>allecto</span> <span class='ocrx_word' id='word_1_206' title='bbox 1631 2677 1682 2717; x_wconf 90' lang='lat' dir='ltr'>con·</span> 
     </span>
     <span class='ocr_line' id='line_1_20' title="bbox 371 2751 1681 2830; baseline -0.003 -22"><span class='ocrx_word' id='word_1_207' title='bbox 371 2751 531 2824; x_wconf 79' lang='lat' dir='ltr'>gragationa</span> <span class='ocrx_word' id='word_1_208' title='bbox 547 2752 575 2810; x_wconf 91' lang='lat' dir='ltr'>di</span> <span class='ocrx_word' id='word_1_209' title='bbox 593 2752 740 2824; x_wconf 83' lang='lat' dir='ltr'>Cardinali,</span> <span class='ocrx_word' id='word_1_210' title='bbox 761 2759 789 2812; x_wconf 85' lang='lat' dir='ltr'>et</span> <span class='ocrx_word' id='word_1_211' title='bbox 806 2753 949 2828; x_wconf 79' lang='lat' dir='ltr'>regionale</span> <span class='ocrx_word' id='word_1_212' title='bbox 968 2755 1037 2812; x_wconf 91' lang='lat' dir='ltr'>dalla</span> <span class='ocrx_word' id='word_1_213' title='bbox 1057 2755 1211 2830; x_wconf 77' lang='lat' dir='ltr'>provisione</span> <span class='ocrx_word' id='word_1_214' title='bbox 1230 2754 1266 2810; x_wconf 88' lang='lat' dir='ltr'>da</span> <span class='ocrx_word' id='word_1_215' title='bbox 1283 2753 1350 2810; x_wconf 84' lang='lat' dir='ltr'>tarsi</span> <span class='ocrx_word' id='word_1_216' title='bbox 1373 2760 1467 2811; x_wconf 91' lang='lat' dir='ltr'>contro</span> <span class='ocrx_word' id='word_1_217' title='bbox 1482 2754 1508 2812; x_wconf 91' lang='lat' dir='ltr'>al</span> <span class='ocrx_word' id='word_1_218' title='bbox 1529 2753 1628 2811; x_wconf 84' lang='lat' dir='ltr'>Tarcho</span> <span class='ocrx_word' id='word_1_219' title='bbox 1641 2769 1647 2806; x_wconf 91' lang='lat'>:</span> <span class='ocrx_word' id='word_1_220' title='bbox 1660 2755 1681 2804; x_wconf 88' lang='lat' dir='ltr'>at</span> 
     </span>
     <span class='ocr_line' id='line_1_21' title="bbox 371 2840 1761 2916; baseline -0.003 -20"><span class='ocrx_word' id='word_1_221' title='bbox 371 2840 476 2896; x_wconf 73' lang='lat' dir='ltr'>bancho</span> <span class='ocrx_word' id='word_1_222' title='bbox 495 2841 630 2898; x_wconf 86' lang='lat' dir='ltr'>s&#39;intanda</span> <span class='ocrx_word' id='word_1_223' title='bbox 649 2860 703 2900; x_wconf 93' lang='lat' dir='ltr'>non</span> <span class='ocrx_word' id='word_1_224' title='bbox 723 2843 814 2900; x_wconf 85' lang='lat' dir='ltr'>banno</span> <span class='ocrx_word' id='word_1_225' title='bbox 833 2843 962 2904; x_wconf 91' lang='lat' dir='ltr'>concluso</span> <span class='ocrx_word' id='word_1_226' title='bbox 978 2863 1045 2904; x_wconf 87' lang='lat' dir='ltr'>cosa</span> <span class='ocrx_word' id='word_1_227' title='bbox 1063 2845 1171 2916; x_wconf 87' lang='lat' dir='ltr'>alcuna,</span> <span class='ocrx_word' id='word_1_228' title='bbox 1189 2849 1281 2901; x_wconf 83' lang='lat' dir='ltr'>tamen</span> <span class='ocrx_word' id='word_1_229' title='bbox 1299 2843 1393 2899; x_wconf 89' lang='lat' dir='ltr'>hanno</span> <span class='ocrx_word' id='word_1_230' title='bbox 1413 2843 1477 2900; x_wconf 88' lang='lat' dir='ltr'>dato</span> <span class='ocrx_word' id='word_1_231' title='bbox 1504 2843 1592 2900; x_wconf 84' lang='lat' dir='ltr'>buono</span> <span class='ocrx_word' id='word_1_232' title='bbox 1609 2841 1681 2894; x_wconf 88' lang='lat' dir='ltr'>intan-</span> <span class='ocrx_word' id='word_1_233' title='bbox 1760 2901 1761 2910; x_wconf 10' lang='grc' dir='ltr'>χ</span> 
     </span>
     <span class='ocr_line' id='line_1_22' title="bbox 371 2917 1761 3006; baseline -0.005 -20"><span class='ocrx_word' id='word_1_234' title='bbox 371 2927 445 2986; x_wconf 88' lang='lat' dir='ltr'>tione</span> <span class='ocrx_word' id='word_1_235' title='bbox 465 2928 514 2986; x_wconf 93' lang='lat' dir='ltr'>cha</span> <span class='ocrx_word' id='word_1_236' title='bbox 536 2947 590 2986; x_wconf 94' lang='lat' dir='ltr'>non</span> <span class='ocrx_word' id='word_1_237' title='bbox 613 2949 642 2988; x_wconf 88' lang='lat' dir='ltr'>sa</span> <span class='ocrx_word' id='word_1_238' title='bbox 667 2933 812 2990; x_wconf 81' lang='lat' dir='ltr'>moncbcra</span> <span class='ocrx_word' id='word_1_239' title='bbox 832 2933 859 2989; x_wconf 92' lang='lat' dir='ltr'>di</span> <span class='ocrx_word' id='word_1_240' title='bbox 879 2935 1027 3006; x_wconf 72' lang='lat' dir='ltr'>proaedere</span> <span class='ocrx_word' id='word_1_241' title='bbox 1050 2935 1076 2992; x_wconf 88' lang='lat' dir='ltr'>al</span> <span class='ocrx_word' id='word_1_242' title='bbox 1094 2935 1164 2990; x_wconf 88' lang='lat' dir='ltr'>bene</span> <span class='ocrx_word' id='word_1_243' title='bbox 1189 2949 1304 2989; x_wconf 87' lang='lat' dir='ltr'>comune</span> <span class='ocrx_word' id='word_1_244' title='bbox 1321 2931 1348 2987; x_wconf 92' lang='lat' dir='ltr'>di</span> <span class='ocrx_word' id='word_1_245' title='bbox 1372 2939 1448 2989; x_wconf 86' lang='lat' dir='ltr'>tacta</span> <span class='ocrx_word' id='word_1_246' title='bbox 1472 2927 1639 2989; x_wconf 74' lang='lat' dir='ltr'>Christianitt</span> <span class='ocrx_word' id='word_1_247' title='bbox 1659 2931 1680 2980; x_wconf 89' lang='lat' dir='ltr'>et</span> <span class='ocrx_word' id='word_1_248' title='bbox 1760 2917 1761 2926; x_wconf 70' lang='grc'>’</span> 
     </span>
     <span class='ocr_line' id='line_1_23' title="bbox 372 3013 1679 3099; baseline -0.003 -27"><span class='ocrx_word' id='word_1_249' title='bbox 372 3017 400 3072; x_wconf 91' lang='lat' dir='ltr'>di</span> <span class='ocrx_word' id='word_1_250' title='bbox 428 3017 519 3091; x_wconf 83' lang='lat' dir='ltr'>quella</span> <span class='ocrx_word' id='word_1_251' title='bbox 540 3019 677 3094; x_wconf 81' lang='lat' dir='ltr'>Signoria.</span> <span class='ocrx_word' id='word_1_252' title='bbox 694 3021 740 3078; x_wconf 87' lang='lat' dir='ltr'>lda</span> <span class='ocrx_word' id='word_1_253' title='bbox 763 3021 830 3078; x_wconf 84' lang='lat' dir='ltr'>biari</span> <span class='ocrx_word' id='word_1_254' title='bbox 854 3021 936 3097; x_wconf 91' lang='lat' dir='ltr'>dipoi‚</span> <span class='ocrx_word' id='word_1_255' title='bbox 957 3025 1029 3099; x_wconf 93' lang='lat' dir='ltr'>dopo</span> <span class='ocrx_word' id='word_1_256' title='bbox 1052 3023 1222 3091; x_wconf 90' lang='lat' dir='ltr'>Consistoro,</span> <span class='ocrx_word' id='word_1_257' title='bbox 1238 3021 1255 3077; x_wconf 95' lang='lat' dir='ltr'>li</span> <span class='ocrx_word' id='word_1_258' title='bbox 1270 3021 1323 3077; x_wconf 87' lang='lat' dir='ltr'>dua</span> <span class='ocrx_word' id='word_1_259' title='bbox 1338 3020 1543 3078; x_wconf 78' lang='lat' dir='ltr'>Ambraciadcri</span> <span class='ocrx_word' id='word_1_260' title='bbox 1560 3013 1679 3075; x_wconf 86' lang='lat' dir='ltr'>Vanitirni</span> 
     </span>
     <span class='ocr_line' id='line_1_24' title="bbox 371 3105 1679 3185; baseline -0.003 -19"><span class='ocrx_word' id='word_1_261' title='bbox 371 3111 518 3166; x_wconf 82' lang='lat' dir='ltr'>tornorono</span> <span class='ocrx_word' id='word_1_262' title='bbox 537 3109 572 3164; x_wconf 82' lang='lat' dir='ltr'>ad</span> <span class='ocrx_word' id='word_1_263' title='bbox 596 3110 719 3185; x_wconf 85' lang='lat' dir='ltr'>Palamo,</span> <span class='ocrx_word' id='word_1_264' title='bbox 739 3121 766 3171; x_wconf 91' lang='lat' dir='ltr'>at</span> <span class='ocrx_word' id='word_1_265' title='bbox 793 3114 820 3174; x_wconf 88' lang='lat' dir='ltr'>al</span> <span class='ocrx_word' id='word_1_266' title='bbox 848 3130 939 3172; x_wconf 76' lang='lat' dir='ltr'>nuovo</span> <span class='ocrx_word' id='word_1_267' title='bbox 969 3113 997 3170; x_wconf 87' lang='lat' dir='ltr'>iu</span> <span class='ocrx_word' id='word_1_268' title='bbox 1025 3113 1089 3170; x_wconf 83' lang='lat' dir='ltr'>dato</span> <span class='ocrx_word' id='word_1_269' title='bbox 1111 3112 1137 3169; x_wconf 91' lang='lat' dir='ltr'>la</span> <span class='ocrx_word' id='word_1_270' title='bbox 1160 3129 1211 3168; x_wconf 90' lang='lat' dir='ltr'>sua</span> <span class='ocrx_word' id='word_1_271' title='bbox 1236 3110 1328 3168; x_wconf 87' lang='lat' dir='ltr'>debito</span> <span class='ocrx_word' id='word_1_272' title='bbox 1349 3110 1492 3168; x_wconf 88' lang='lat' dir='ltr'>audientia</span> <span class='ocrx_word' id='word_1_273' title='bbox 1517 3127 1590 3166; x_wconf 89' lang='lat' dir='ltr'>come</span> <span class='ocrx_word' id='word_1_274' title='bbox 1607 3105 1679 3180; x_wconf 80' lang='lat' dir='ltr'>prima</span> 
     </span>
     <span class='ocr_line' id='line_1_25' title="bbox 372 3191 1760 3282; baseline 0 -34"><span class='ocrx_word' id='word_1_275' title='bbox 372 3191 390 3250; x_wconf 92' lang='lat' dir='ltr'>li</span> <span class='ocrx_word' id='word_1_276' title='bbox 413 3213 459 3252; x_wconf 89' lang='lat' dir='ltr'>ara</span> <span class='ocrx_word' id='word_1_277' title='bbox 479 3203 552 3258; x_wconf 86' lang='lat' dir='ltr'>stata</span> <span class='ocrx_word' id='word_1_278' title='bbox 574 3200 708 3274; x_wconf 88' lang='lat' dir='ltr'>ordinato,</span> <span class='ocrx_word' id='word_1_279' title='bbox 733 3211 760 3262; x_wconf 84' lang='lat' dir='ltr'>at</span> <span class='ocrx_word' id='word_1_280' title='bbox 783 3223 885 3282; x_wconf 79' lang='lat' dir='ltr'>exposa</span> <span class='ocrx_word' id='word_1_281' title='bbox 909 3205 936 3262; x_wconf 89' lang='lat' dir='ltr'>la</span> <span class='ocrx_word' id='word_1_282' title='bbox 960 3221 1010 3260; x_wconf 89' lang='lat' dir='ltr'>sua</span> <span class='ocrx_word' id='word_1_283' title='bbox 1028 3201 1206 3260; x_wconf 79' lang='lat' dir='ltr'>ambasciato.</span> <span class='ocrx_word' id='word_1_284' title='bbox 1232 3201 1266 3258; x_wconf 89' lang='lat' dir='ltr'>Et</span> <span class='ocrx_word' id='word_1_285' title='bbox 1287 3201 1314 3256; x_wconf 93' lang='lat' dir='ltr'>di</span> <span class='ocrx_word' id='word_1_286' title='bbox 1332 3217 1423 3258; x_wconf 82' lang='lat' dir='ltr'>nuovo</span> <span class='ocrx_word' id='word_1_287' title='bbox 1441 3201 1510 3258; x_wconf 90' lang='lat' dir='ltr'>detti</span> <span class='ocrx_word' id='word_1_288' title='bbox 1535 3195 1627 3256; x_wconf 87' lang='lat' dir='ltr'>oratori</span> <span class='ocrx_word' id='word_1_289' title='bbox 1646 3194 1678 3248; x_wconf 89' lang='lat' dir='ltr'>ia·</span> <span class='ocrx_word' id='word_1_290' title='bbox 1759 3197 1760 3273; x_wconf 33' lang='grc' dir='ltr'>ξ</span> 
     </span>
     <span class='ocr_line' id='line_1_26' title="bbox 371 3279 1679 3370; baseline 0.001 -30"><span class='ocrx_word' id='word_1_291' title='bbox 371 3285 450 3342; x_wconf 90' lang='lat' dir='ltr'>ciono</span> <span class='ocrx_word' id='word_1_292' title='bbox 474 3303 542 3360; x_wconf 78' lang='lat' dir='ltr'>gran</span> <span class='ocrx_word' id='word_1_293' title='bbox 566 3291 675 3362; x_wconf 88' lang='lat' dir='ltr'>querele</span> <span class='ocrx_word' id='word_1_294' title='bbox 698 3293 724 3348; x_wconf 88' lang='lat' dir='ltr'>al</span> <span class='ocrx_word' id='word_1_295' title='bbox 748 3295 823 3370; x_wconf 84' lang='lat' dir='ltr'>Papa</span> <span class='ocrx_word' id='word_1_296' title='bbox 848 3294 919 3354; x_wconf 86' lang='lat' dir='ltr'>dalla</span> <span class='ocrx_word' id='word_1_297' title='bbox 945 3293 1051 3368; x_wconf 86' lang='lat' dir='ltr'>perdita</span> <span class='ocrx_word' id='word_1_298' title='bbox 1074 3291 1102 3348; x_wconf 94' lang='lat' dir='ltr'>di</span> <span class='ocrx_word' id='word_1_299' title='bbox 1122 3291 1251 3359; x_wconf 83' lang='lat' dir='ltr'>Modone,</span> <span class='ocrx_word' id='word_1_300' title='bbox 1275 3297 1303 3347; x_wconf 89' lang='lat' dir='ltr'>at</span> <span class='ocrx_word' id='word_1_301' title='bbox 1325 3289 1353 3346; x_wconf 94' lang='lat' dir='ltr'>di</span> <span class='ocrx_word' id='word_1_302' title='bbox 1373 3289 1441 3347; x_wconf 88' lang='lat' dir='ltr'>tanti</span> <span class='ocrx_word' id='word_1_303' title='bbox 1469 3286 1603 3346; x_wconf 80' lang='lat' dir='ltr'>manifesti</span> <span class='ocrx_word' id='word_1_304' title='bbox 1623 3279 1679 3358; x_wconf 83' lang='lat' dir='ltr'>peri·</span> 
     </span>
     <span class='ocr_line' id='line_1_27' title="bbox 372 3375 1679 3458; baseline -0.005 -25"><span class='ocrx_word' id='word_1_305' title='bbox 372 3375 422 3433; x_wconf 85' lang='lat' dir='ltr'>coli</span> <span class='ocrx_word' id='word_1_306' title='bbox 436 3377 530 3450; x_wconf 86' lang='lat' dir='ltr'>quanti</span> <span class='ocrx_word' id='word_1_307' title='bbox 545 3379 611 3453; x_wconf 81' lang='lat' dir='ltr'>ogni</span> <span class='ocrx_word' id='word_1_308' title='bbox 625 3380 651 3436; x_wconf 91' lang='lat' dir='ltr'>di</span> <span class='ocrx_word' id='word_1_309' title='bbox 672 3381 720 3456; x_wconf 91' lang='lat' dir='ltr'>piu</span> <span class='ocrx_word' id='word_1_310' title='bbox 739 3391 922 3458; x_wconf 87' lang='lat' dir='ltr'>soprnstanno</span> <span class='ocrx_word' id='word_1_311' title='bbox 940 3401 957 3440; x_wconf 89' lang='lat' dir='ltr'>a</span> <span class='ocrx_word' id='word_1_312' title='bbox 976 3383 1041 3439; x_wconf 91' lang='lat' dir='ltr'>loro.</span> <span class='ocrx_word' id='word_1_313' title='bbox 1059 3382 1080 3437; x_wconf 97' lang='lat' dir='ltr'>ll</span> <span class='ocrx_word' id='word_1_314' title='bbox 1100 3381 1176 3454; x_wconf 87' lang='lat' dir='ltr'>Papa</span> <span class='ocrx_word' id='word_1_315' title='bbox 1194 3380 1325 3438; x_wconf 90' lang='lat' dir='ltr'>dimostro</span> <span class='ocrx_word' id='word_1_316' title='bbox 1345 3377 1420 3436; x_wconf 91' lang='lat' dir='ltr'>voler</span> <span class='ocrx_word' id='word_1_317' title='bbox 1437 3379 1495 3436; x_wconf 87' lang='lat' dir='ltr'>lara</span> <span class='ocrx_word' id='word_1_318' title='bbox 1514 3377 1577 3452; x_wconf 82' lang='lat' dir='ltr'>ogni</span> <span class='ocrx_word' id='word_1_319' title='bbox 1589 3390 1646 3431; x_wconf 80' lang='lat' dir='ltr'>cosa</span> <span class='ocrx_word' id='word_1_320' title='bbox 1657 3377 1679 3428; x_wconf 89' lang='lat' dir='ltr'>et</span> 
     </span>
     <span class='ocr_line' id='line_1_28' title="bbox 365 3461 1759 3545; baseline -0.002 -23"><span class='ocrx_word' id='word_1_321' title='bbox 365 3466 430 3540; x_wconf 81' lang='lat' dir='ltr'>ogni</span> <span class='ocrx_word' id='word_1_322' title='bbox 444 3466 574 3541; x_wconf 90' lang='lat' dir='ltr'>possibile</span> <span class='ocrx_word' id='word_1_323' title='bbox 588 3471 743 3544; x_wconf 86' lang='lat' dir='ltr'>provisione</span> <span class='ocrx_word' id='word_1_324' title='bbox 756 3473 781 3529; x_wconf 90' lang='lat' dir='ltr'>al</span> <span class='ocrx_word' id='word_1_325' title='bbox 793 3473 924 3532; x_wconf 82' lang='lat' dir='ltr'>beneficio</span> <span class='ocrx_word' id='word_1_326' title='bbox 938 3473 965 3530; x_wconf 92' lang='lat' dir='ltr'>di</span> <span class='ocrx_word' id='word_1_327' title='bbox 982 3478 1055 3530; x_wconf 83' lang='lat' dir='ltr'>tacta</span> <span class='ocrx_word' id='word_1_328' title='bbox 1064 3470 1240 3529; x_wconf 80' lang='lat' dir='ltr'>Christianitt</span> <span class='ocrx_word' id='word_1_329' title='bbox 1254 3477 1282 3527; x_wconf 92' lang='lat' dir='ltr'>et</span> <span class='ocrx_word' id='word_1_330' title='bbox 1296 3469 1413 3524; x_wconf 79' lang='lat' dir='ltr'>maxime</span> <span class='ocrx_word' id='word_1_331' title='bbox 1425 3469 1452 3524; x_wconf 95' lang='lat' dir='ltr'>di</span> <span class='ocrx_word' id='word_1_332' title='bbox 1465 3468 1555 3542; x_wconf 88' lang='lat' dir='ltr'>quella</span> <span class='ocrx_word' id='word_1_333' title='bbox 1569 3461 1678 3538; x_wconf 79' lang='lat' dir='ltr'>Signorit</span> <span class='ocrx_word' id='word_1_334' title='bbox 1758 3513 1759 3545; x_wconf 64' lang='lat'>,</span> 
     </span>
     <span class='ocr_line' id='line_1_29' title="bbox 364 3556 1676 3638; baseline -0.004 -28"><span class='ocrx_word' id='word_1_335' title='bbox 364 3562 391 3612; x_wconf 90' lang='lat' dir='ltr'>at</span> <span class='ocrx_word' id='word_1_336' title='bbox 409 3556 536 3614; x_wconf 88' lang='lat' dir='ltr'>ordinare</span> <span class='ocrx_word' id='word_1_337' title='bbox 559 3558 609 3615; x_wconf 90' lang='lat' dir='ltr'>cha</span> <span class='ocrx_word' id='word_1_338' title='bbox 628 3558 751 3619; x_wconf 87' lang='lat' dir='ltr'>l&#39;armata</span> <span class='ocrx_word' id='word_1_339' title='bbox 770 3563 941 3638; x_wconf 80' lang='lat' dir='ltr'>d&#39;Hispogna</span> <span class='ocrx_word' id='word_1_340' title='bbox 960 3563 1011 3619; x_wconf 91' lang='lat' dir='ltr'>che</span> <span class='ocrx_word' id='word_1_341' title='bbox 1029 3565 1044 3617; x_wconf 83' lang='lat' dir='ltr'>e</span> <span class='ocrx_word' id='word_1_342' title='bbox 1062 3561 1090 3616; x_wconf 89' lang='lat' dir='ltr'>in</span> <span class='ocrx_word' id='word_1_343' title='bbox 1110 3559 1206 3617; x_wconf 83' lang='lat' dir='ltr'>Sicilia</span> <span class='ocrx_word' id='word_1_344' title='bbox 1225 3557 1248 3616; x_wconf 92' lang='lat' dir='ltr'>si</span> <span class='ocrx_word' id='word_1_345' title='bbox 1272 3558 1383 3615; x_wconf 88' lang='lat' dir='ltr'>andassi</span> <span class='ocrx_word' id='word_1_346' title='bbox 1405 3557 1620 3633; x_wconf 78' lang='lat' dir='ltr'>aconguignara</span> <span class='ocrx_word' id='word_1_347' title='bbox 1635 3567 1676 3607; x_wconf 85' lang='lat' dir='ltr'>con</span> 
     </span>
     <span class='ocr_line' id='line_1_30' title="bbox 364 3642 1675 3726; baseline 0.002 -25"><span class='ocrx_word' id='word_1_348' title='bbox 364 3645 455 3718; x_wconf 87' lang='lat' dir='ltr'>quella</span> <span class='ocrx_word' id='word_1_349' title='bbox 469 3645 540 3704; x_wconf 85' lang='lat' dir='ltr'>della</span> <span class='ocrx_word' id='word_1_350' title='bbox 554 3647 696 3722; x_wconf 75' lang='lat' dir='ltr'>Sigooria3</span> <span class='ocrx_word' id='word_1_351' title='bbox 710 3659 739 3709; x_wconf 89' lang='lat' dir='ltr'>at</span> <span class='ocrx_word' id='word_1_352' title='bbox 751 3651 807 3726; x_wconf 91' lang='lat' dir='ltr'>piu,</span> <span class='ocrx_word' id='word_1_353' title='bbox 823 3652 879 3710; x_wconf 86' lang='lat' dir='ltr'>fara</span> <span class='ocrx_word' id='word_1_354' title='bbox 893 3653 947 3710; x_wconf 91' lang='lat' dir='ltr'>dua</span> <span class='ocrx_word' id='word_1_355' title='bbox 963 3650 1060 3726; x_wconf 80' lang='lat' dir='ltr'>Legati</span> <span class='ocrx_word' id='word_1_356' title='bbox 1074 3667 1129 3706; x_wconf 89' lang='lat' dir='ltr'>uno</span> <span class='ocrx_word' id='word_1_357' title='bbox 1144 3649 1173 3704; x_wconf 91' lang='lat' dir='ltr'>in</span> <span class='ocrx_word' id='word_1_358' title='bbox 1189 3649 1294 3706; x_wconf 82' lang='lat' dir='ltr'>francia</span> <span class='ocrx_word' id='word_1_359' title='bbox 1307 3655 1335 3704; x_wconf 85' lang='lat' dir='ltr'>et</span> <span class='ocrx_word' id='word_1_360' title='bbox 1350 3665 1405 3704; x_wconf 89' lang='lat' dir='ltr'>uno</span> <span class='ocrx_word' id='word_1_361' title='bbox 1418 3646 1493 3704; x_wconf 90' lang='lat' dir='ltr'>nella</span> <span class='ocrx_word' id='word_1_362' title='bbox 1506 3660 1602 3720; x_wconf 77' lang='lat' dir='ltr'>magna</span> <span class='ocrx_word' id='word_1_363' title='bbox 1615 3642 1675 3714; x_wconf 72' lang='lat' dir='ltr'>(air),</span> 
     </span>
     <span class='ocr_line' id='line_1_31' title="bbox 363 3733 1676 3812; baseline -0.002 -21"><span class='ocrx_word' id='word_1_364' title='bbox 363 3736 397 3792; x_wconf 87' lang='lat' dir='ltr'>ad</span> <span class='ocrx_word' id='word_1_365' title='bbox 408 3736 503 3793; x_wconf 80' lang='lat' dir='ltr'>allecto</span> <span class='ocrx_word' id='word_1_366' title='bbox 517 3736 544 3791; x_wconf 90' lang='lat' dir='ltr'>di</span> <span class='ocrx_word' id='word_1_367' title='bbox 558 3737 706 3810; x_wconf 87' lang='lat' dir='ltr'>provadera</span> <span class='ocrx_word' id='word_1_368' title='bbox 720 3747 815 3798; x_wconf 90' lang='lat' dir='ltr'>contro</span> <span class='ocrx_word' id='word_1_369' title='bbox 829 3760 846 3799; x_wconf 86' lang='lat' dir='ltr'>a</span> <span class='ocrx_word' id='word_1_370' title='bbox 860 3741 970 3798; x_wconf 84' lang='lat' dir='ltr'>Tarchi.</span> <span class='ocrx_word' id='word_1_371' title='bbox 989 3743 1105 3812; x_wconf 90' lang='lat' dir='ltr'>lnsupar</span> <span class='ocrx_word' id='word_1_372' title='bbox 1116 3756 1167 3795; x_wconf 91' lang='lat' dir='ltr'>con</span> <span class='ocrx_word' id='word_1_373' title='bbox 1178 3738 1218 3794; x_wconf 87' lang='lat' dir='ltr'>Ra</span> <span class='ocrx_word' id='word_1_374' title='bbox 1233 3737 1261 3794; x_wconf 92' lang='lat' dir='ltr'>di</span> <span class='ocrx_word' id='word_1_375' title='bbox 1271 3737 1411 3812; x_wconf 84' lang='lat' dir='ltr'>Ungberia</span> <span class='ocrx_word' id='word_1_376' title='bbox 1424 3754 1478 3793; x_wconf 89' lang='lat' dir='ltr'>non</span> <span class='ocrx_word' id='word_1_377' title='bbox 1490 3733 1577 3792; x_wconf 87' lang='lat' dir='ltr'>volere</span> <span class='ocrx_word' id='word_1_378' title='bbox 1590 3735 1676 3788; x_wconf 57' lang='lat' dir='ltr'>restare</span> 
     </span>
     <span class='ocr_line' id='line_1_32' title="bbox 364 3821 1675 3906; baseline -0.004 -29"><span class='ocrx_word' id='word_1_379' title='bbox 364 3822 398 3877; x_wconf 88' lang='lat' dir='ltr'>ad</span> <span class='ocrx_word' id='word_1_380' title='bbox 417 3821 474 3879; x_wconf 87' lang='lat' dir='ltr'>iore</span> <span class='ocrx_word' id='word_1_381' title='bbox 492 3823 577 3896; x_wconf 84' lang='lat' dir='ltr'>nulla,</span> <span class='ocrx_word' id='word_1_382' title='bbox 598 3831 625 3882; x_wconf 91' lang='lat' dir='ltr'>et</span> <span class='ocrx_word' id='word_1_383' title='bbox 643 3828 769 3887; x_wconf 88' lang='lat' dir='ltr'>ordinare</span> <span class='ocrx_word' id='word_1_384' title='bbox 789 3830 829 3888; x_wconf 86' lang='lat' dir='ltr'>sio</span> <span class='ocrx_word' id='word_1_385' title='bbox 845 3831 966 3906; x_wconf 88' lang='lat' dir='ltr'>provisto</span> <span class='ocrx_word' id='word_1_386' title='bbox 985 3829 1012 3885; x_wconf 92' lang='lat' dir='ltr'>di</span> <span class='ocrx_word' id='word_1_387' title='bbox 1030 3827 1135 3886; x_wconf 82' lang='lat' dir='ltr'>danari,</span> <span class='ocrx_word' id='word_1_388' title='bbox 1156 3827 1189 3884; x_wconf 86' lang='lat' dir='ltr'>Et</span> <span class='ocrx_word' id='word_1_389' title='bbox 1210 3827 1238 3884; x_wconf 91' lang='lat' dir='ltr'>in</span> <span class='ocrx_word' id='word_1_390' title='bbox 1259 3844 1365 3884; x_wconf 88' lang='lat' dir='ltr'>summa</span> <span class='ocrx_word' id='word_1_391' title='bbox 1386 3827 1418 3884; x_wconf 89' lang='lat' dir='ltr'>S.</span> <span class='ocrx_word' id='word_1_392' title='bbox 1441 3826 1550 3884; x_wconf 81' lang='lat' dir='ltr'>Santita</span> <span class='ocrx_word' id='word_1_393' title='bbox 1570 3823 1675 3876; x_wconf 85' lang='lat' dir='ltr'>monstro</span> 
     </span>
     <span class='ocr_line' id='line_1_33' title="bbox 365 3903 1675 3992; baseline -0.003 -26"><span class='ocrx_word' id='word_1_394' title='bbox 365 3927 456 3968; x_wconf 89' lang='lat' dir='ltr'>assare</span> <span class='ocrx_word' id='word_1_395' title='bbox 474 3911 689 3988; x_wconf 89' lang='lat' dir='ltr'>dispostissima‚</span> <span class='ocrx_word' id='word_1_396' title='bbox 706 3923 734 3974; x_wconf 86' lang='lat' dir='ltr'>st</span> <span class='ocrx_word' id='word_1_397' title='bbox 752 3937 806 3976; x_wconf 88' lang='lat' dir='ltr'>non</span> <span class='ocrx_word' id='word_1_398' title='bbox 830 3921 919 3977; x_wconf 89' lang='lat' dir='ltr'>volere</span> <span class='ocrx_word' id='word_1_399' title='bbox 939 3919 1053 3976; x_wconf 88' lang='lat' dir='ltr'>lasciara</span> <span class='ocrx_word' id='word_1_400' title='bbox 1072 3917 1155 3974; x_wconf 86' lang='lat' dir='ltr'>altare</span> <span class='ocrx_word' id='word_1_401' title='bbox 1175 3915 1251 3974; x_wconf 88' lang='lat' dir='ltr'>nulla</span> <span class='ocrx_word' id='word_1_402' title='bbox 1269 3936 1286 3974; x_wconf 86' lang='lat' dir='ltr'>a</span> <span class='ocrx_word' id='word_1_403' title='bbox 1304 3917 1446 3992; x_wconf 89' lang='lat' dir='ltr'>proposito</span> <span class='ocrx_word' id='word_1_404' title='bbox 1465 3915 1494 3971; x_wconf 90' lang='lat' dir='ltr'>di</span> <span class='ocrx_word' id='word_1_405' title='bbox 1513 3910 1599 3989; x_wconf 87' lang='lat' dir='ltr'>quella</span> <span class='ocrx_word' id='word_1_406' title='bbox 1615 3903 1675 3977; x_wconf 76' lang='lat' dir='ltr'>Sig¹¹</span> 
     </span>
     <span class='ocr_line' id='line_1_34' title="bbox 364 3990 1674 4083; baseline -0.003 -29"><span class='ocrx_word' id='word_1_407' title='bbox 364 4000 542 4056; x_wconf 88' lang='lat' dir='ltr'>monstrando</span> <span class='ocrx_word' id='word_1_408' title='bbox 559 4000 616 4060; x_wconf 86' lang='lat' dir='ltr'>loro</span> <span class='ocrx_word' id='word_1_409' title='bbox 635 4005 685 4062; x_wconf 89' lang='lat' dir='ltr'>cha</span> <span class='ocrx_word' id='word_1_410' title='bbox 702 4025 782 4065; x_wconf 84' lang='lat' dir='ltr'>versa</span> <span class='ocrx_word' id='word_1_411' title='bbox 800 4009 858 4066; x_wconf 82' lang='lat' dir='ltr'>rice</span> <span class='ocrx_word' id='word_1_412' title='bbox 874 4007 902 4066; x_wconf 89' lang='lat' dir='ltr'>la</span> <span class='ocrx_word' id='word_1_413' title='bbox 920 4009 991 4083; x_wconf 71' lang='lat' dir='ltr'>Sigr-</span> <span class='ocrx_word' id='word_1_414' title='bbox 1005 4025 1060 4064; x_wconf 91' lang='lat' dir='ltr'>non</span> <span class='ocrx_word' id='word_1_415' title='bbox 1080 4007 1103 4064; x_wconf 90' lang='lat' dir='ltr'>si</span> <span class='ocrx_word' id='word_1_416' title='bbox 1123 4023 1170 4063; x_wconf 88' lang='lat' dir='ltr'>era</span> <span class='ocrx_word' id='word_1_417' title='bbox 1189 4007 1236 4080; x_wconf 82' lang='lat' dir='ltr'>gia</span> <span class='ocrx_word' id='word_1_418' title='bbox 1256 4013 1363 4079; x_wconf 88' lang='lat' dir='ltr'>portata</span> <span class='ocrx_word' id='word_1_419' title='bbox 1380 4011 1551 4079; x_wconf 77' lang='lat' dir='ltr'>gratemante</span> <span class='ocrx_word' id='word_1_420' title='bbox 1569 4011 1638 4054; x_wconf 83' lang='lat' dir='ltr'>verso</span> <span class='ocrx_word' id='word_1_421' title='bbox 1654 3990 1674 4046; x_wconf 76' lang='lat' dir='ltr'>la</span> 
     </span>
     <span class='ocr_line' id='line_1_35' title="bbox 366 4086 1674 4170; baseline 0.005 -26"><span class='ocrx_word' id='word_1_422' title='bbox 366 4086 474 4144; x_wconf 77' lang='lat' dir='ltr'>Santith</span> <span class='ocrx_word' id='word_1_423' title='bbox 488 4089 554 4162; x_wconf 85' lang='lat' dir='ltr'>Sua,</span> <span class='ocrx_word' id='word_1_424' title='bbox 572 4109 625 4150; x_wconf 92' lang='lat' dir='ltr'>non</span> <span class='ocrx_word' id='word_1_425' title='bbox 645 4095 770 4154; x_wconf 86' lang='lat' dir='ltr'>havendo</span> <span class='ocrx_word' id='word_1_426' title='bbox 794 4099 847 4154; x_wconf 89' lang='lat' dir='ltr'>mai</span> <span class='ocrx_word' id='word_1_427' title='bbox 862 4097 954 4156; x_wconf 84' lang='lat' dir='ltr'>voluto</span> <span class='ocrx_word' id='word_1_428' title='bbox 966 4097 1094 4154; x_wconf 88' lang='lat' dir='ltr'>inclinare</span> <span class='ocrx_word' id='word_1_429' title='bbox 1108 4096 1143 4152; x_wconf 88' lang='lat' dir='ltr'>ad</span> <span class='ocrx_word' id='word_1_430' title='bbox 1155 4094 1307 4152; x_wconf 87' lang='lat' dir='ltr'>concedarli</span> <span class='ocrx_word' id='word_1_431' title='bbox 1322 4095 1340 4151; x_wconf 92' lang='lat' dir='ltr'>il</span> <span class='ocrx_word' id='word_1_432' title='bbox 1356 4097 1412 4152; x_wconf 87' lang='lat' dir='ltr'>lara</span> <span class='ocrx_word' id='word_1_433' title='bbox 1425 4095 1452 4153; x_wconf 89' lang='lat' dir='ltr'>la</span> <span class='ocrx_word' id='word_1_434' title='bbox 1466 4096 1581 4170; x_wconf 84' lang='lat' dir='ltr'>impresa</span> <span class='ocrx_word' id='word_1_435' title='bbox 1597 4091 1674 4144; x_wconf 82' lang='lat' dir='ltr'>contro</span> 
     </span>
     <span class='ocr_line' id='line_1_36' title="bbox 366 4173 1673 4254; baseline -0.002 -20"><span class='ocrx_word' id='word_1_436' title='bbox 366 4177 399 4234; x_wconf 87' lang='lat' dir='ltr'>ad</span> <span class='ocrx_word' id='word_1_437' title='bbox 415 4179 525 4237; x_wconf 82' lang='lat' dir='ltr'>Rimino</span> <span class='ocrx_word' id='word_1_438' title='bbox 536 4187 564 4237; x_wconf 88' lang='lat' dir='ltr'>at</span> <span class='ocrx_word' id='word_1_439' title='bbox 577 4181 692 4254; x_wconf 77' lang='lat' dir='ltr'>Franco,</span> <span class='ocrx_word' id='word_1_440' title='bbox 708 4185 750 4242; x_wconf 94' lang='lat' dir='ltr'>col</span> <span class='ocrx_word' id='word_1_441' title='bbox 764 4185 878 4246; x_wconf 86' lang='lat' dir='ltr'>lavorire</span> <span class='ocrx_word' id='word_1_442' title='bbox 893 4185 1089 4245; x_wconf 85' lang='lat' dir='ltr'>excomunicati</span> <span class='ocrx_word' id='word_1_443' title='bbox 1103 4193 1129 4242; x_wconf 92' lang='lat' dir='ltr'>ct</span> <span class='ocrx_word' id='word_1_444' title='bbox 1143 4183 1236 4242; x_wconf 91' lang='lat' dir='ltr'>rebelli</span> <span class='ocrx_word' id='word_1_445' title='bbox 1251 4184 1303 4242; x_wconf 88' lang='lat' dir='ltr'>alla</span> <span class='ocrx_word' id='word_1_446' title='bbox 1315 4185 1423 4242; x_wconf 81' lang='lat' dir='ltr'>Santitt</span> <span class='ocrx_word' id='word_1_447' title='bbox 1436 4185 1503 4254; x_wconf 90' lang='lat' dir='ltr'>Sua,</span> <span class='ocrx_word' id='word_1_448' title='bbox 1519 4173 1673 4241; x_wconf 78' lang='lat' dir='ltr'>monstrando</span> 
     </span>
     <span class='ocr_line' id='line_1_37' title="bbox 366 4259 1672 4348; baseline -0.002 -26"><span class='ocrx_word' id='word_1_449' title='bbox 366 4267 423 4324; x_wconf 94' lang='lat' dir='ltr'>loro</span> <span class='ocrx_word' id='word_1_450' title='bbox 437 4267 487 4325; x_wconf 90' lang='lat' dir='ltr'>cha</span> <span class='ocrx_word' id='word_1_451' title='bbox 502 4287 557 4326; x_wconf 90' lang='lat' dir='ltr'>non</span> <span class='ocrx_word' id='word_1_452' title='bbox 575 4271 704 4332; x_wconf 87' lang='lat' dir='ltr'>lacevono</span> <span class='ocrx_word' id='word_1_453' title='bbox 725 4276 794 4334; x_wconf 89' lang='lat' dir='ltr'>bene</span> <span class='ocrx_word' id='word_1_454' title='bbox 812 4277 895 4335; x_wconf 82' lang='lat' dir='ltr'>attare</span> <span class='ocrx_word' id='word_1_455' title='bbox 914 4280 972 4334; x_wconf 87' lang='lat' dir='ltr'>cosi</span> <span class='ocrx_word' id='word_1_456' title='bbox 988 4294 994 4332; x_wconf 95' lang='lat'><strong>:</strong></span> <span class='ocrx_word' id='word_1_457' title='bbox 1011 4283 1038 4333; x_wconf 92' lang='lat' dir='ltr'>et</span> <span class='ocrx_word' id='word_1_458' title='bbox 1057 4275 1107 4331; x_wconf 91' lang='lat' dir='ltr'>che</span> <span class='ocrx_word' id='word_1_459' title='bbox 1122 4279 1137 4331; x_wconf 83' lang='lat' dir='ltr'>e</span> <span class='ocrx_word' id='word_1_460' title='bbox 1153 4273 1176 4330; x_wconf 92' lang='lat' dir='ltr'>si</span> <span class='ocrx_word' id='word_1_461' title='bbox 1200 4273 1391 4348; x_wconf 89' lang='lat' dir='ltr'>disponassioo</span> <span class='ocrx_word' id='word_1_462' title='bbox 1412 4291 1460 4348; x_wconf 90' lang='lat' dir='ltr'>par</span> <span class='ocrx_word' id='word_1_463' title='bbox 1476 4275 1502 4332; x_wconf 93' lang='lat' dir='ltr'>lo</span> <span class='ocrx_word' id='word_1_464' title='bbox 1517 4267 1632 4332; x_wconf 84' lang='lat' dir='ltr'>advenire</span> <span class='ocrx_word' id='word_1_465' title='bbox 1644 4259 1672 4317; x_wconf 84' lang='lat' dir='ltr'>ad</span> 
     </span>
     <span class='ocr_line' id='line_1_38' title="bbox 365 4356 1670 4442; baseline -0.007 -26"><span class='ocrx_word' id='word_1_466' title='bbox 365 4359 532 4434; x_wconf 86' lang='lat' dir='ltr'>complacare</span> <span class='ocrx_word' id='word_1_467' title='bbox 546 4361 599 4419; x_wconf 84' lang='lat' dir='ltr'>alla</span> <span class='ocrx_word' id='word_1_468' title='bbox 613 4363 720 4422; x_wconf 82' lang='lat' dir='ltr'>Santita</span> <span class='ocrx_word' id='word_1_469' title='bbox 734 4366 801 4436; x_wconf 87' lang='lat' dir='ltr'>Sua,</span> <span class='ocrx_word' id='word_1_470' title='bbox 817 4365 976 4442; x_wconf 84' lang='lat' dir='ltr'>protandosi</span> <span class='ocrx_word' id='word_1_471' title='bbox 993 4363 1139 4422; x_wconf 88' lang='lat' dir='ltr'>altrimenti</span> <span class='ocrx_word' id='word_1_472' title='bbox 1154 4380 1209 4420; x_wconf 91' lang='lat' dir='ltr'>non</span> <span class='ocrx_word' id='word_1_473' title='bbox 1224 4364 1364 4422; x_wconf 85' lang='lat' dir='ltr'>bavarano</span> <span class='ocrx_word' id='word_1_474' title='bbox 1383 4363 1454 4422; x_wconf 86' lang='lat' dir='ltr'>lacto</span> <span class='ocrx_word' id='word_1_475' title='bbox 1468 4363 1551 4420; x_wconf 84' lang='lat' dir='ltr'>inttno</span> <span class='ocrx_word' id='word_1_476' title='bbox 1568 4356 1670 4416; x_wconf 87' lang='lat' dir='ltr'>adlbora.</span> 
     </span>
     <span class='ocr_line' id='line_1_39' title="bbox 365 4443 1678 4530; baseline -0.002 -26"><span class='ocrx_word' id='word_1_477' title='bbox 365 4448 395 4504; x_wconf 91' lang='lat' dir='ltr'>Li</span> <span class='ocrx_word' id='word_1_478' title='bbox 411 4449 466 4506; x_wconf 89' lang='lat' dir='ltr'>duo</span> <span class='ocrx_word' id='word_1_479' title='bbox 480 4451 581 4508; x_wconf 90' lang='lat' dir='ltr'>oratori</span> <span class='ocrx_word' id='word_1_480' title='bbox 601 4452 733 4527; x_wconf 90' lang='lat' dir='ltr'>risponno</span> <span class='ocrx_word' id='word_1_481' title='bbox 747 4456 797 4512; x_wconf 88' lang='lat' dir='ltr'>obe</span> <span class='ocrx_word' id='word_1_482' title='bbox 814 4455 841 4512; x_wconf 87' lang='lat' dir='ltr'>la</span> <span class='ocrx_word' id='word_1_483' title='bbox 854 4456 929 4530; x_wconf 78' lang='lat' dir='ltr'>Sig¹·</span> <span class='ocrx_word' id='word_1_484' title='bbox 943 4472 989 4512; x_wconf 89' lang='lat' dir='ltr'>ara</span> <span class='ocrx_word' id='word_1_485' title='bbox 1003 4455 1128 4528; x_wconf 86' lang='lat' dir='ltr'>disposta</span> <span class='ocrx_word' id='word_1_486' title='bbox 1147 4453 1229 4510; x_wconf 85' lang='lat' dir='ltr'>ellare</span> <span class='ocrx_word' id='word_1_487' title='bbox 1244 4453 1310 4528; x_wconf 80' lang='lat' dir='ltr'>ogni</span> <span class='ocrx_word' id='word_1_488' title='bbox 1330 4471 1395 4510; x_wconf 88' lang='lat' dir='ltr'>cosa</span> <span class='ocrx_word' id='word_1_489' title='bbox 1415 4471 1464 4528; x_wconf 89' lang='lat' dir='ltr'>per</span> <span class='ocrx_word' id='word_1_490' title='bbox 1482 4454 1513 4513; x_wconf 90' lang='lat' dir='ltr'>S.</span> <span class='ocrx_word' id='word_1_491' title='bbox 1536 4447 1639 4510; x_wconf 70' lang='lat' dir='ltr'>Santith</span> <span class='ocrx_word' id='word_1_492' title='bbox 1656 4443 1678 4494; x_wconf 73' lang='lat' dir='ltr'>el</span> 
     </span>
     <span class='ocr_line' id='line_1_40' title="bbox 365 4535 1675 4623; baseline -0.006 -27"><span class='ocrx_word' id='word_1_493' title='bbox 365 4539 519 4598; x_wconf 85' lang='lat' dir='ltr'>abracciara</span> <span class='ocrx_word' id='word_1_494' title='bbox 533 4540 550 4596; x_wconf 94' lang='lat' dir='ltr'>il</span> <span class='ocrx_word' id='word_1_495' title='bbox 567 4542 662 4600; x_wconf 85' lang='lat' dir='ltr'>Ducba</span> <span class='ocrx_word' id='word_1_496' title='bbox 676 4543 879 4614; x_wconf 81' lang='lat' dir='ltr'>valentinense,</span> <span class='ocrx_word' id='word_1_497' title='bbox 896 4551 923 4602; x_wconf 85' lang='lat' dir='ltr'>at</span> <span class='ocrx_word' id='word_1_498' title='bbox 941 4543 1044 4602; x_wconf 88' lang='lat' dir='ltr'>tanerlo</span> <span class='ocrx_word' id='word_1_499' title='bbox 1061 4561 1110 4618; x_wconf 89' lang='lat' dir='ltr'>par</span> <span class='ocrx_word' id='word_1_500' title='bbox 1127 4545 1183 4600; x_wconf 92' lang='lat' dir='ltr'>loro</span> <span class='ocrx_word' id='word_1_501' title='bbox 1199 4543 1272 4600; x_wconf 93' lang='lat' dir='ltr'>buon</span> <span class='ocrx_word' id='word_1_502' title='bbox 1288 4541 1412 4618; x_wconf 78' lang='lat' dir='ltr'>sigluolo,</span> <span class='ocrx_word' id='word_1_503' title='bbox 1428 4551 1456 4600; x_wconf 89' lang='lat' dir='ltr'>at</span> <span class='ocrx_word' id='word_1_504' title='bbox 1470 4541 1536 4600; x_wconf 85' lang='lat' dir='ltr'>darli</span> <span class='ocrx_word' id='word_1_505' title='bbox 1555 4535 1623 4595; x_wconf 88' lang='lat' dir='ltr'>soldo</span> <span class='ocrx_word' id='word_1_506' title='bbox 1635 4543 1675 4623; x_wconf 68' lang='lat' dir='ltr'>cot</span> 
     </span>
     <span class='ocr_line' id='line_1_41' title="bbox 366 4616 1676 4708; baseline -0.008 -21"><span class='ocrx_word' id='word_1_507' title='bbox 366 4630 467 4704; x_wconf 87' lang='lat' dir='ltr'>optima</span> <span class='ocrx_word' id='word_1_508' title='bbox 483 4637 511 4688; x_wconf 89' lang='lat' dir='ltr'>et</span> <span class='ocrx_word' id='word_1_509' title='bbox 522 4631 693 4688; x_wconf 87' lang='lat' dir='ltr'>convenienti</span> <span class='ocrx_word' id='word_1_510' title='bbox 708 4634 866 4704; x_wconf 89' lang='lat' dir='ltr'>conditioni,</span> <span class='ocrx_word' id='word_1_511' title='bbox 882 4640 909 4692; x_wconf 93' lang='lat' dir='ltr'>et</span> <span class='ocrx_word' id='word_1_512' title='bbox 924 4635 1033 4708; x_wconf 89' lang='lat' dir='ltr'>quando</span> <span class='ocrx_word' id='word_1_513' title='bbox 1048 4633 1083 4690; x_wconf 89' lang='lat' dir='ltr'>S.</span> <span class='ocrx_word' id='word_1_514' title='bbox 1102 4633 1210 4690; x_wconf 79' lang='lat' dir='ltr'>Santita</span> <span class='ocrx_word' id='word_1_515' title='bbox 1225 4632 1347 4690; x_wconf 85' lang='lat' dir='ltr'>lasciassi</span> <span class='ocrx_word' id='word_1_516' title='bbox 1364 4632 1468 4707; x_wconf 85' lang='lat' dir='ltr'>spirare</span> <span class='ocrx_word' id='word_1_517' title='bbox 1483 4633 1508 4690; x_wconf 92' lang='lat' dir='ltr'>le</span> <span class='ocrx_word' id='word_1_518' title='bbox 1524 4627 1640 4688; x_wconf 87' lang='lat' dir='ltr'>condocta</span> <span class='ocrx_word' id='word_1_519' title='bbox 1654 4616 1676 4670; x_wconf 81' lang='lat' dir='ltr'>dr</span> 
     </span>
     <span class='ocr_line' id='line_1_42' title="bbox 368 4713 1676 4797; baseline 0.005 -20"><span class='ocrx_word' id='word_1_520' title='bbox 368 4719 478 4778; x_wconf 87' lang='lat' dir='ltr'>Rimino</span> <span class='ocrx_word' id='word_1_521' title='bbox 488 4727 516 4778; x_wconf 90' lang='lat' dir='ltr'>et</span> <span class='ocrx_word' id='word_1_522' title='bbox 530 4721 645 4790; x_wconf 83' lang='lat' dir='ltr'>Faanra,</span> <span class='ocrx_word' id='word_1_523' title='bbox 658 4720 684 4778; x_wconf 89' lang='lat' dir='ltr'>la</span> <span class='ocrx_word' id='word_1_524' title='bbox 701 4722 775 4796; x_wconf 82' lang='lat' dir='ltr'>Sig¹¹</span> <span class='ocrx_word' id='word_1_525' title='bbox 790 4723 861 4780; x_wconf 89' lang='lat' dir='ltr'>saria</span> <span class='ocrx_word' id='word_1_526' title='bbox 879 4723 1086 4781; x_wconf 87' lang='lat' dir='ltr'>contentissima</span> <span class='ocrx_word' id='word_1_527' title='bbox 1101 4721 1199 4779; x_wconf 87' lang='lat' dir='ltr'>lacessi</span> <span class='ocrx_word' id='word_1_528' title='bbox 1214 4721 1305 4796; x_wconf 87' lang='lat' dir='ltr'>quello</span> <span class='ocrx_word' id='word_1_529' title='bbox 1319 4721 1450 4797; x_wconf 87' lang='lat' dir='ltr'>impresa.</span> <span class='ocrx_word' id='word_1_530' title='bbox 1471 4722 1491 4778; x_wconf 88' lang='lat' dir='ltr'>li</span> <span class='ocrx_word' id='word_1_531' title='bbox 1507 4723 1576 4794; x_wconf 88' lang='lat' dir='ltr'>Papa</span> <span class='ocrx_word' id='word_1_532' title='bbox 1589 4713 1676 4783; x_wconf 73' lang='lat' dir='ltr'>risl⁰³⁰</span> 
     </span>
     <span class='ocr_line' id='line_1_43' title="bbox 369 4797 1675 4888; baseline -0.002 -24"><span class='ocrx_word' id='word_1_533' title='bbox 369 4810 420 4866; x_wconf 89' lang='lat' dir='ltr'>che</span> <span class='ocrx_word' id='word_1_534' title='bbox 435 4827 491 4869; x_wconf 90' lang='lat' dir='ltr'>non</span> <span class='ocrx_word' id='word_1_535' title='bbox 506 4808 601 4866; x_wconf 82' lang='lat' dir='ltr'>volero</span> <span class='ocrx_word' id='word_1_536' title='bbox 615 4810 662 4884; x_wconf 82' lang='lat' dir='ltr'>piri</span> <span class='ocrx_word' id='word_1_537' title='bbox 677 4811 782 4868; x_wconf 83' lang='lat' dir='ltr'>doloro</span> <span class='ocrx_word' id='word_1_538' title='bbox 797 4811 868 4868; x_wconf 91' lang='lat' dir='ltr'>belle</span> <span class='ocrx_word' id='word_1_539' title='bbox 882 4813 984 4888; x_wconf 84' lang='lat' dir='ltr'>parole,</span> <span class='ocrx_word' id='word_1_540' title='bbox 999 4813 1050 4870; x_wconf 88' lang='lat' dir='ltr'>che</span> <span class='ocrx_word' id='word_1_541' title='bbox 1066 4829 1100 4869; x_wconf 92' lang='lat' dir='ltr'>na</span> <span class='ocrx_word' id='word_1_542' title='bbox 1115 4812 1219 4869; x_wconf 83' lang='lat' dir='ltr'>havera</span> <span class='ocrx_word' id='word_1_543' title='bbox 1239 4811 1321 4868; x_wconf 83' lang='lat' dir='ltr'>haute</span> <span class='ocrx_word' id='word_1_544' title='bbox 1337 4819 1442 4885; x_wconf 90' lang='lat' dir='ltr'>troppa,</span> <span class='ocrx_word' id='word_1_545' title='bbox 1457 4827 1502 4868; x_wconf 88' lang='lat' dir='ltr'>ma</span> <span class='ocrx_word' id='word_1_546' title='bbox 1517 4797 1624 4866; x_wconf 78' lang='lat' dir='ltr'>horrori</span> <span class='ocrx_word' id='word_1_547' title='bbox 1636 4809 1675 4849; x_wconf 71' lang='lat' dir='ltr'>t0·</span> 
     </span>
     <span class='ocr_line' id='line_1_44' title="bbox 370 4890 1675 4976; baseline -0.002 -22"><span class='ocrx_word' id='word_1_548' title='bbox 370 4899 430 4956; x_wconf 85' lang='lat' dir='ltr'>lava</span> <span class='ocrx_word' id='word_1_549' title='bbox 447 4899 504 4956; x_wconf 85' lang='lat' dir='ltr'>letti</span> <span class='ocrx_word' id='word_1_550' title='bbox 519 4917 526 4956; x_wconf 91' lang='lat'>:</span> <span class='ocrx_word' id='word_1_551' title='bbox 542 4905 570 4957; x_wconf 88' lang='lat' dir='ltr'>at</span> <span class='ocrx_word' id='word_1_552' title='bbox 583 4901 748 4974; x_wconf 84' lang='lat' dir='ltr'>comprenda</span> <span class='ocrx_word' id='word_1_553' title='bbox 762 4901 780 4956; x_wconf 90' lang='lat' dir='ltr'>li</span> <span class='ocrx_word' id='word_1_554' title='bbox 794 4901 940 4975; x_wconf 84' lang='lat' dir='ltr'>strignassi</span> <span class='ocrx_word' id='word_1_555' title='bbox 954 4901 982 4958; x_wconf 89' lang='lat' dir='ltr'>in</span> <span class='ocrx_word' id='word_1_556' title='bbox 996 4901 1076 4959; x_wconf 90' lang='lat' dir='ltr'>modo</span> <span class='ocrx_word' id='word_1_557' title='bbox 1091 4901 1141 4958; x_wconf 87' lang='lat' dir='ltr'>cha</span> <span class='ocrx_word' id='word_1_558' title='bbox 1157 4902 1280 4958; x_wconf 87' lang='lat' dir='ltr'>baranno</span> <span class='ocrx_word' id='word_1_559' title='bbox 1301 4907 1487 4976; x_wconf 87' lang='lat' dir='ltr'>apartamente</span> <span class='ocrx_word' id='word_1_560' title='bbox 1501 4895 1588 4975; x_wconf 85' lang='lat' dir='ltr'>patulo</span> <span class='ocrx_word' id='word_1_561' title='bbox 1601 4890 1675 4946; x_wconf 56' lang='lat' dir='ltr'>iniit·</span> 
     </span>
     <span class='ocr_line' id='line_1_45' title="bbox 372 4974 1675 5065; baseline -0.006 -21"><span class='ocrx_word' id='word_1_562' title='bbox 372 4989 507 5046; x_wconf 84' lang='lat' dir='ltr'>dersabe</span> <span class='ocrx_word' id='word_1_563' title='bbox 529 5006 558 5046; x_wconf 88' lang='lat' dir='ltr'>sa</span> <span class='ocrx_word' id='word_1_564' title='bbox 579 5005 713 5046; x_wconf 86' lang='lat' dir='ltr'>rorranno</span> <span class='ocrx_word' id='word_1_565' title='bbox 733 4989 821 5064; x_wconf 78' lang='lat' dir='ltr'>gratia</span> <span class='ocrx_word' id='word_1_566' title='bbox 839 4997 866 5047; x_wconf 92' lang='lat' dir='ltr'>et</span> <span class='ocrx_word' id='word_1_567' title='bbox 884 4991 989 5065; x_wconf 87' lang='lat' dir='ltr'>piscare</span> <span class='ocrx_word' id='word_1_568' title='bbox 1007 4991 1104 5048; x_wconf 89' lang='lat' dir='ltr'>alcuno</span> <span class='ocrx_word' id='word_1_569' title='bbox 1126 4991 1161 5046; x_wconf 91' lang='lat' dir='ltr'>da</span> <span class='ocrx_word' id='word_1_570' title='bbox 1182 4991 1213 5048; x_wconf 91' lang='lat' dir='ltr'>S.</span> <span class='ocrx_word' id='word_1_571' title='bbox 1235 4991 1342 5048; x_wconf 82' lang='lat' dir='ltr'>Santitd</span> <span class='ocrx_word' id='word_1_572' title='bbox 1367 4989 1515 5064; x_wconf 80' lang='lat' dir='ltr'>bisognerd</span> <span class='ocrx_word' id='word_1_573' title='bbox 1534 4983 1611 5045; x_wconf 88' lang='lat' dir='ltr'>ancha</span> <span class='ocrx_word' id='word_1_574' title='bbox 1630 4974 1675 5030; x_wconf 74' lang='lat' dir='ltr'>l⁰t⁰</span> 
     </span>
     <span class='ocr_line' id='line_1_46' title="bbox 376 5077 1403 5166; baseline 0.004 -34"><span class='ocrx_word' id='word_1_575' title='bbox 376 5077 537 5136; x_wconf 84' lang='lat' dir='ltr'>consentino</span> <span class='ocrx_word' id='word_1_576' title='bbox 547 5077 600 5136; x_wconf 87' lang='lat' dir='ltr'>alla</span> <span class='ocrx_word' id='word_1_577' title='bbox 613 5079 762 5166; x_wconf 28' lang='lat' dir='ltr'>voglialdel</span> <span class='ocrx_word' id='word_1_578' title='bbox 777 5080 885 5154; x_wconf 86' lang='lat' dir='ltr'>Papa...</span> <span class='ocrx_word' id='word_1_579' title='bbox 902 5081 999 5150; x_wconf 81' lang='lat' dir='ltr'>Roma,</span> <span class='ocrx_word' id='word_1_580' title='bbox 1014 5081 1060 5155; x_wconf 85' lang='lat' dir='ltr'>le</span> <span class='ocrx_word' id='word_1_581' title='bbox 1074 5079 1238 5156; x_wconf 87' lang='lat' dir='ltr'>septembris</span> <span class='ocrx_word' id='word_1_582' title='bbox 1254 5077 1403 5136; x_wconf 86' lang='lat' dir='ltr'>MCCCCC.</span> 
     </span>
    </p>
   </div>
   <div class='ocr_carea' id='block_1_4' title="bbox 408 5177 1675 5352">
    <p class='ocr_par' dir='ltr' id='par_1_5' title="bbox 408 5177 1675 5352">
     <span class='ocr_line' id='line_1_47' title="bbox 933 5177 1558 5236; baseline -0.01 0"><span class='ocrx_word' id='word_1_583' title='bbox 933 5179 1049 5236; x_wconf 89' lang='lat' dir='ltr'>Humilis</span> <span class='ocrx_word' id='word_1_584' title='bbox 1064 5177 1187 5236; x_wconf 81' lang='lat' dir='ltr'>Sarritor</span> <span class='ocrx_word' id='word_1_585' title='bbox 1201 5178 1287 5236; x_wconf 82' lang='lat' dir='ltr'>franc.</span> <span class='ocrx_word' id='word_1_586' title='bbox 1300 5177 1438 5236; x_wconf 78' lang='lat' dir='ltr'>Cnssccos</span> <span class='ocrx_word' id='word_1_587' title='bbox 1452 5182 1558 5234; x_wconf 89' lang='lat' dir='ltr'>sacret..</span> 
     </span>
     <span class='ocr_line' id='line_1_48' title="bbox 408 5251 1675 5352; baseline -0.003 -22"><span class='ocrx_word' id='word_1_588' title='bbox 408 5273 513 5348; x_wconf 77' lang='lat' dir='ltr'>(Arci.</span> <span class='ocrx_word' id='word_1_589' title='bbox 531 5277 668 5346; x_wconf 67' lang='lat' dir='ltr'>Floreat„</span> <span class='ocrx_word' id='word_1_590' title='bbox 680 5277 747 5335; x_wconf 88' lang='lat' dir='ltr'>clas.</span> <span class='ocrx_word' id='word_1_591' title='bbox 763 5279 799 5349; x_wconf 93' lang='lat' dir='ltr'>X,</span> <span class='ocrx_word' id='word_1_592' title='bbox 814 5277 879 5336; x_wconf 91' lang='lat' dir='ltr'>dist.</span> <span class='ocrx_word' id='word_1_593' title='bbox 896 5279 932 5348; x_wconf 95' lang='lat' dir='ltr'>ll,</span> <span class='ocrx_word' id='word_1_594' title='bbox 947 5276 1007 5335; x_wconf 79' lang='lat' dir='ltr'>blaa</span> <span class='ocrx_word' id='word_1_595' title='bbox 1021 5279 1066 5347; x_wconf 80' lang='lat' dir='ltr'>td,</span> <span class='ocrx_word' id='word_1_596' title='bbox 1081 5294 1098 5334; x_wconf 84' lang='lat' dir='ltr'>a</span> <span class='ocrx_word' id='word_1_597' title='bbox 1111 5296 1136 5336; x_wconf 86' lang='lat' dir='ltr'>a.</span> <span class='ocrx_word' id='word_1_598' title='bbox 1151 5278 1216 5348; x_wconf 70' lang='grc'>24.)</span> <span class='ocrx_word' id='word_1_599' title='bbox 1229 5277 1302 5352; x_wconf 75' lang='lat' dir='ltr'>ch.</span> <span class='ocrx_word' id='word_1_600' title='bbox 1321 5275 1397 5333; x_wconf 88' lang='lat' dir='ltr'>aussi</span> <span class='ocrx_word' id='word_1_601' title='bbox 1411 5277 1524 5346; x_wconf 85' lang='lat' dir='ltr'>Sancto,</span> <span class='ocrx_word' id='word_1_602' title='bbox 1536 5266 1583 5327; x_wconf 89' lang='lat' dir='ltr'>col.</span> <span class='ocrx_word' id='word_1_603' title='bbox 1599 5251 1675 5316; x_wconf 50' lang='lat' dir='ltr'>7⁸8·st</span> 
     </span>
    </p>
   </div>
   <div class='ocr_carea' id='block_1_5' title="bbox 0 0 1800 6042">
    <p class='ocr_par' dir='ltr' id='par_1_6' title="bbox 0 0 1800 6042">
     <span class='ocr_line' id='line_1_49' title="bbox 0 0 1800 6042; baseline 0 0"><span class='ocrx_word' id='word_1_604' title='bbox 0 0 1800 6042; x_wconf 95' lang='lat' dir='ltr'> </span> 
     </span>
    </p>
   </div>
  </div>
 </body>
</html>
