3502 6036
66 571 140 636 [lars
153 571 222 633 tata]
394 569 523 630 RERUM
545 565 774 626 decantabat
797 566 1060 628 combusturus
1341 571 1394 630 196

67 727 213 825 preterit
236 726 449 825 episcopum
473 725 713 801 Narniensem
737 744 862 796 vorsus
887 726 1084 798 cornetum
1106 747 1177 821 quo
1199 733 1390 816 venerunt,

66 850 275 926 (1133333313
291 857 313 926 t
326 851 464 926 mensis
479 850 601 925 martii
616 848 783 948 predicti.

109 977 175 1051 Die
195 978 338 1066 martis,
364 981 379 1050 1
406 976 542 1052 mensis
566 975 700 1063 martii,
725 974 763 1047 in
787 997 908 1064 mane,
936 975 998 1048 SS.
1026 977 1069 1048 D.
1099 985 1223 1052 noster
1251 977 1396 1052 intravit·

65 1103 201 1200 galeam
221 1111 257 1178 31
273 1127 357 1178 oum
375 1126 419 1177 33
433 1127 496 1176 sex
511 1100 715 1176 cardinales
732 1107 769 1175 et
787 1100 940 1174 sacrista
953 1109 989 1174 ct
1003 1101 1189 1176 residuum
1205 1110 1241 1176 31
1256 1103 1392 1179 familie

65 1227 271 1302 Sauctitntis
286 1251 350 1302 sue
362 1233 399 1302 31
416 1227 654 1302 cardinalium
669 1225 915 1324 predictorum
934 1251 941 1296 :
962 1225 1047 1316 dux,
1073 1250 1156 1302 cum
1181 1233 1289 1326 gente
1312 1253 1389 1318 sua,
1431 1239 1434 1246 “

65 1351 208 1426 intrarit
243 1352 353 1426 aliam
386 1352 541 1450 galeam.
575 1351 779 1428 Voluerunt
804 1350 974 1448 navigare
1006 1349 1153 1440 solatio;
1185 1353 1392 1450 supervenit

66 1483 207 1575 tempus
227 1477 452 1552 contrarium
477 1501 521 1552 ex
543 1500 615 1574 quo
639 1499 713 1550 non
737 1481 933 1574 potuerunt
958 1501 1084 1552 secure
1113 1477 1295 1574 navigare,
1325 1501 1393 1552 nco

64 1601 250 1677 roluerunt
259 1603 379 1678 redire
396 1603 640 1678 Plumbinum.
657 1606 1073 1700 Manseruutpropterea
1088 1603 1125 1676 13
1137 1603 1250 1702 331313
1265 1627 1392 1678 omues

66 1751 174 1824 usque
194 1727 232 1802 in
250 1727 348 1802 diem
363 1727 518 1820 veneris,
539 1727 707 1817 dmartii,
728 1751 800 1825 qua
812 1727 848 1800 13
864 1750 984 1820 mane,
1003 1727 1213 1818 antediem,
1230 1729 1393 1826 arripue-

65 1861 140 1928 runt
156 1852 242 1952 liter
260 1877 384 1928 versus
404 1857 554 1928 Portum
583 1853 762 1942 Herculis,
789 1851 826 1925 in
848 1865 925 1950 quo'
940 1852 1021 1926 sinu
1047 1861 1124 1928 erat
1147 1854 1394 1952 pulcherrima

65 1978 158 2052 naris
190 1979 405 2077 Anglicana,
431 2003 540 2076 quam
569 1983 667 2076 Papa
695 1977 784 2052 vidit
802 1979 848 2052 ab
869 1985 988 2068 extra;
1018 1978 1083 2054 sed
1106 1979 1221 2054 noluit
1245 1979 1282 2053 in
1311 2003 1394 2056 eam

66 2103 278 2196 ascendere,
296 2109 332 2178 et
345 2103 480 2178 mansit
492 2103 629 2179 ibidem
646 2103 708 2178 illa
722 2111 842 2177 nocte.

107 2227 283 2319 Sabbato,
303 2233 323 2302 5
342 2228 461 2304 martii
478 2227 645 2326 predicti,
662 2227 748 2302 licet
762 2227 855 2302 mari
872 2233 908 2303 31
921 2232 1086 2328 tempore
1100 2229 1265 2322 turbatis,
1285 2229 1393 2306 ambo

66 2353 164 2452 galee
178 2360 402 2453 prosequuta
417 2361 501 2428 sunt
515 2353 585 2429 iter
604 2377 710 2428 suum
724 2377 847 2429 uersus
868 2356 1078 2446 Cornetum,
1099 2355 1145 2430 ad
1167 2356 1268 2453 cujus
1286 2379 1394 2431 cous-

66 2487 210 2577 pectum
233 2478 531 2577 applicaverunt;
560 2479 648 2568 dux,
676 2479 793 2577 majus
817 2478 1018 2576 periculum
1050 2480 1265 2577 suspicatus,
1294 2480 1394 2556 eirca

66 2605 195 2680 horam
210 2603 351 2702 prandii
367 2605 555 2680 descendit
574 2605 620 2680 de
641 2605 746 2702 galea
764 2605 811 2678 ad
834 2605 1060 2680 barchettam
1076 2605 1114 2678 13
1138 2629 1211 2702 qua
1232 2605 1328 2679 venit
1356 2605 1394 2680 in

68 2739 217 2820 terram,
232 2735 269 2805 31
283 2729 382 2806 misit
397 2753 464 2828 pro
477 2732 578 2828 equis
590 2736 800 2822 Cornetum,
815 2738 899 2827 post
913 2753 1068 2828 quorum
1083 2729 1277 2804 adventum
1293 2731 1394 2826 equi-

69 2855 148 2930 tarit
162 2858 374 2930 Cornetum.
393 2857 494 2953 Papa
512 2878 690 2930 verorum
703 2855 808 2955 galea
820 2879 885 2929 sua
898 2879 972 2929 non
984 2855 1101 2954 potuit
1114 2856 1293 2953 attingere
1308 2880 1394 2953 por-

70 2987 153 3071 tum,
172 3003 218 3056 ex
236 3003 310 3077 quo
329 3001 458 3054 omnes
477 2979 515 3054 13
530 2981 635 3078 33133
646 2980 828 3079 perterriti
842 2986 878 3055 et
893 3005 937 3054 ex
952 2981 1155 3056 turbatione
1170 2981 1281 3054 maris
1296 3005 1396 3056 com-

70 3106 166 3195 moti,
191 3103 278 3179 hinc
299 3101 384 3178 inde
404 3102 441 3176 13
463 3104 568 3202 33133
589 3103 672 3180 3331
691 3108 867 3204 prostrati
885 3108 976 3202 solo,
1004 3113 1102 3207 Papa
1117 3107 1264 3205 dempto
1279 3107 1339 3204 qui
1356 3108 1394 3181 13

71 3231 150 3305 sede
171 3254 251 3321 sua,
275 3231 314 3305 in
335 3231 447 3330 puppi
471 3231 628 3304 firmiter
651 3239 686 3306 31
708 3231 886 3330 intrepide
904 3233 1034 3307 sedens
1050 3232 1235 3331 prospexit
1250 3232 1390 3323 omnia3

72 3359 104 3430 31
121 3379 203 3430 cum
225 3379 326 3430 mare
343 3379 466 3430 versus
482 3355 623 3456 galeam
642 3357 782 3432 sortiter
797 3359 940 3447 seviret,
962 3358 1107 3432 dicebat
1127 3362 1224 3456 Papa
1241 3381 1252 3432 ι
1267 3359 1390 3431 133331

73 3483 104 3553 31
121 3479 223 3578 signo
245 3479 364 3555 crucis
389 3506 428 3556 se
454 3481 634 3579 signabat.
664 3481 906 3580 Interpellavit
927 3507 1014 3582 3333
1036 3491 1177 3574 nautas,
1206 3491 1245 3558 ut
1270 3485 1400 3558 eibum.

73 3612 233 3702 pararent
248 3629 316 3704 pro
330 3607 499 3704 prandio,
517 3607 592 3704 qui,
610 3611 764 3706 propter
786 3609 897 3682 maris
916 3607 1228 3706 perturbationem
1243 3613 1280 3681 et
1296 3606 1394 3681 venti

74 3731 373 3806 continuationem
397 3729 521 3829 ignem
543 3731 623 3806 fieri
642 3755 715 3806 333
738 3755 846 3832 33333
866 3733 1100 3808 excusabant.
1122 3733 1283 3807 Tandem
1302 3731 1393 3806 mari

74 3853 328 3952 aliquantulum
345 3855 551 3954 pacificato,
573 3857 750 3932 trixeruut
770 3863 890 3932 certos
912 3857 1029 3955 pisces
1046 3881 1135 3955 quos
1153 3861 1251 3955 Papa
1270 3879 1394 3932 come·

75 3979 130 4054 dit.
146 3985 186 4055 13
206 4004 290 4055 3333
313 3979 477 4079 ejusdem
497 3981 647 4070 sabbati,
674 3985 770 4081 Papa
792 3983 828 4056 in
851 3983 953 4078 galea
976 4006 1040 4056 sua
1058 4005 1142 4056 cum
1164 3981 1263 4056 omni
1284 3983 1396 4056 comi·

76 4099 148 4195 tira,
165 4101 276 4179 rediit
297 4104 343 4180 ad
369 4107 516 4180 Portum
539 4106 719 4198 Herculis,
741 4113 778 4182 31
797 4107 859 4180 1113
877 4113 984 4180 33313
1004 4106 1102 4180 misit
1118 4110 1314 4183 (tornatum
1329 4131 1395 4204 pro

76 4227 278 4326 equitaturis
296 4253 366 4326 que
382 4229 615 4305 indominica
631 4232 795 4328 sequenti
810 4239 1001 4306 venerunt.

116 4353 306 4429 Dominica
321 4361 450 4450 quarta
466 4353 757 4453 quadragesime,
775 4357 927 4431 dmartii
943 4357 1108 4456 predicti,
1127 4359 1190 4433 SS.
1210 4361 1252 4432 D.
1273 4365 1398 4432 noster

78 4496 148 4554 rum
166 4477 413 4555 cardinalibus
431 4477 567 4554 audivit
577 4479 728 4554 missam
745 4482 896 4556 rectoris
913 4481 1087 4579 parochie
1106 4485 1236 4557 Portus
1257 4487 1397 4558 Hercu-

77 4604 163 4680 11313
180 4605 338 4704 qundam
356 4603 548 4680 ecclesiola
561 4607 634 4680 sive
651 4606 797 4696 sacello,
817 4605 878 4681 ubi
897 4631 978 4682 eam
992 4607 1093 4705 legit.

117 4733 229 4806 ltome
244 4738 381 4822 autem,
392 4735 518 4805 ltmus.
535 4733 578 4804 [t.
597 4731 791 4806 cardinalis
805 4717 1022 4807 arborensis
1040 4731 1235 4807 celebravit
1247 4733 1395 4807 missam

77 4857 249 4954 publicam
264 4856 302 4930 in
322 4855 463 4954 capella
477 4857 610 4955 maiori
627 4857 762 4955 palatii,
782 4857 859 4932 sine
876 4881 975 4950 rosa3
994 4881 1201 4933 sermonem
1216 4857 1302 4932 tecit
1316 4859 1396 4956 qui-

79 4979 152 5056 dam
173 4983 288 5058 trater
312 4981 449 5056 ordinis
472 4982 760 5074 carmelitarum;
786 4982 855 5058 alia
879 5006 983 5057 more
1008 4982 1128 5057 solito.
1154 4983 1399 5057 lutertuerunt

81 5107 164 5182 llllll
180 5107 396 5198 cardinales,
415 5107 607 5182 videlicet:
632 5107 904 5207 Neapolitanus,
923 5107 1216 5206 Ulissipoueusis,
1235 5113 1399 5183 Recaua·

81 5233 196 5325 tensis,
216 5237 505 5324 Beneventanus,
520 5233 798 5323 Alexandrinus,
817 5259 846 5307 s.
867 5233 1006 5326 Crucis,
1023 5232 1295 5330 Agrigentinus,
1316 5233 1399 5310 uris
