3506 6034
327 631 385 688 aot
675 675 679 682 .
795 627 970 685 JOHANNlS
995 627 1217 695 auecunnm,
1496 631 1658 698 [ltamtttttl

333 785 452 885 ‘puelle
466 785 666 860 maritanda
683 783 790 859 duote
806 808 828 858 a
842 783 1017 859 matronis
1029 771 1233 882 deputatis:
1256 806 1327 881 que
1340 783 1460 882 puelle
1474 783 1656 882 genuflexa

330 915 552 1010 receperunt
572 910 616 984 de
635 911 715 1008 ejus
733 933 842 984 manu
868 911 1019 984 dextera
1036 909 1177 1007 singule
1196 909 1356 1006 singulas
1375 909 1506 984 bursas
1528 917 1566 982 et
1587 912 1658 1008 ejus'

326 1060 480 1110 manum
496 1042 580 1111 sunt
595 1035 768 1110 osculato.
789 1039 867 1122 Quo
882 1036 989 1124 lacto,
1006 1041 1236 1110 recesserunt
1251 1057 1392 1126 omneS,
1407 1035 1555 1110 visitata
1570 1035 1658 1132 prius

331 1185 398 1261 per
417 1185 546 1236 omnes
564 1160 767 1235 cardinales
783 1160 890 1234 simul
905 1160 1098 1236 cardinalis
1113 1159 1339 1257 Neapolitani
1354 1160 1508 1258 capella.
1527 1160 1659 1234 Chorus

332 1289 398 1363 luit
416 1295 565 1386 paratus
582 1287 710 1385 pannis
729 1286 850 1361 aureis
866 1289 961 1385 Pape
977 1293 1013 1361 et
1030 1309 1181 1362 scamna
1194 1285 1434 1360 cardinalium
1450 1295 1488 1360 et
1505 1285 1657 1384 prelato-

330 1438 411 1489 rum
428 1414 507 1488 aliis
522 1413 650 1510 pannis
668 1419 703 1486 et
717 1413 929 1488 bancalibus
943 1412 1218 1503 convenienter,
1237 1417 1274 1485 et
1288 1415 1428 1509 tapetes
1449 1432 1518 1506 per
1533 1415 1656 1485 terram

329 1539 530 1638 ‘strati'per
554 1547 669 1613 totum
697 1537 861 1612 chorum.
890 1540 988 1612 lnter
1011 1537 1214 1613 cardinales
1239 1541 1378 1612 tantum
1398 1541 1550 1612 senator
1576 1537 1657 1611 sedit

333 1665 430 1740 solus
445 1667 482 1739 in
497 1663 614 1739 banco
630 1663 859 1740 transversali
874 1671 957 1738 ante
974 1664 1178 1738 cancellum
1199 1663 1302 1737 chori
1319 1663 1355 1736 in
1372 1661 1444 1736 fine
1465 1661 1656 1736 bancorum

331 1789 566 1888 prelatorum,
585 1789 671 1888 quia
684 1789 781 1887 quod
796 1788 841 1864 ab
859 1789 929 1863 alio
944 1789 1071 1879 latere,
1093 1797 1175 1887 post
1192 1788 1347 1862 bancum
1364 1787 1654 1886 presbyterorum

334 1915 570 1990 cardinalium
585 1916 756 1991 consuevi
771 1937 921 2014 ponere,
943 1939 1016 1990 non
1031 1915 1148 2013 potuit
1167 1913 1216 1989 ibi
1237 1919 1333 1988 stare
1351 1921 1504 2012 propter
1520 1937 1655 1988 scamna

334 2040 633 2140 presbyterorum
649 2039 887 2116 cardinalium
903 2065 1017 2138 usque
1034 2040 1119 2114 illuc
1134 2040 1264 2138 posita.
1285 2041 1420 2113 Omnes
1439 2039 1569 2137 prelati
1587 2038 1654 2114 lue·

334 2169 416 2240 runt
438 2165 569 2263 cappis
586 2165 741 2265 [paralip
767 2165 933 2240 similiter
955 2172 992 2240 et
1016 2165 1087 2239 duo
1112 2165 1301 2262 apostolici
1320 2165 1381 2261 qui
1408 2165 1652 2249 interfuerunt,

329 2290 549 2366 videlicet'l).
570 2289 775 2364 Bonitacius
786 2289 831 2365 de
844 2294 968 2365 Castro
982 2290 1103 2365 Oterio
1115 2295 1151 2364 et
1167 2292 1209 2363 D.
1226 2289 1472 2365 Bernardinus
1485 2289 1653 2364 Gambara

327 2416 464 2515 junior,
483 2415 543 2514 qui
563 2415 736 2490 sederunt
753 2415 788 2488 in
806 2403 967 2490 secundo
984 2416 1098 2513 gradu
1114 2414 1251 2504 altaris,
1273 2414 1310 2488 in
1327 2438 1438 2490 cornu
1461 2413 1650 2511 evangelii;

329 2549 500 2618 cantores
519 2545 615 2640 Pape
634 2549 812 2618 steterunt
836 2548 933 2617 retro
951 2541 1065 2616 altare
1085 2542 1216 2638 majus,
1237 2545 1425 2616 cantantes
1445 2541 1526 2616 sine
1543 2563 1653 2637 super·

329 2667 503 2766 pelliciis:
522 2666 593 2741 alio
611 2689 716 2741 more
734 2666 853 2741 solito.

378 2792 486 2866 Faria
511 2797 657 2888 quarta,
685 2796 732 2866 30
761 2791 897 2867 mensis
923 2793 1044 2867 martii
1070 2791 1239 2891 predicti,
1270 2791 1473 2867 Ludovicus
1499 2790 1647 2869 Moscha.

325 2916 445 3006 miles,
466 2916 554 2989 civis
570 2920 768 3007 Romanus,
786 2917 948 3014 scriptor
960 2917 1164 2992 litterarum
1182 2917 1434 3015 penitentiarie
1448 2915 1647 3015 apostolice.

185 3071 191 3084 π·
326 3040 540 3137 capitaneus
564 3041 671 3112 unius
688 3041 791 3138 galee
811 3044 873 3116 SS.
898 3046 941 3116 D.
962 3043 1077 3118 nostri
1098 3045 1209 3140 Papa,
1228 3042 1290 3140 qui
1307 3041 1391 3116 heri
1413 3043 1514 3116 circa
1534 3041 1649 3116 horam

329 3165 474 3240 tertiam
495 3165 602 3240 vitam
626 3165 753 3258 linivit,
774 3167 921 3244 indutus
937 3191 1030 3244 novo
1054 3169 1213 3266 diploide
1229 3169 1390 3244 broccati
1409 3169 1488 3244 auri
1507 3175 1542 3243 et
1558 3167 1649 3241 desu·
1740 3239 1741 3271 ,

329 3315 396 3389 per
413 3296 512 3366 vaste
527 3291 572 3364 de
591 3291 724 3366 velluto
737 3292 899 3369 violaceo
919 3315 1026 3384 nova,
1047 3317 1173 3368 ensem
1193 3293 1385 3391 pulchram
1407 3300 1538 3369 tenens
1556 3313 1650 3388 super

328 3423 455 3514 pectus
475 3421 511 3490 at
527 3415 686 3490 calcaria
697 3417 868 3493 inaurata
882 3419 919 3492 in
934 3419 1085 3516 pedibus
1102 3425 1138 3493 et
1155 3427 1313 3516 quatuor
1329 3419 1457 3492 anulos
1478 3441 1603 3494 aureos
1618 3415 1648 3486 in
1739 3511 1740 3524 ἵ

327 3541 464 3638 digitis,
486 3541 768 3638 precedentibus
786 3544 1026 3641 quadraginta
1046 3545 1238 3620 intorticiis
1258 3550 1294 3618 e't
1311 3546 1548 3642 sequentibus
1567 3539 1647 3616 mul·
1739 3527 1740 3543 ¹

328 3666 373 3738 tis
400 3666 564 3756 funestis,
593 3673 756 3764 portatus
785 3675 839 3742 est
865 3669 909 3742 de
935 3670 1045 3744 domo
1070 3695 1135 3744 sua
1155 3672 1259 3767 juxta
1282 3669 1461 3744 Zeccham
1492 3671 1593 3744 sitam
1616 3665 1646 3738 in
1738 3749 1739 3756 ἵ

328 3789 526 3886 parrochia
550 3815 579 3863 s.
602 3791 775 3886 Stephani
792 3793 838 3866 de
864 3793 1043 3868 Piscinola
1066 3794 1102 3867 in
1122 3795 1273 3892 regione
1294 3796 1339 3868 ad
1360 3797 1536 3891 Campum
1556 3791 1645 3866 Flore
1738 3765 1739 3815 ¹

326 3921 363 3988 et
380 3915 416 3986 in
430 3913 525 3986 illios
541 3893 658 4010 capite
673 3939 797 3989 versus
815 3917 964 3990 domum
978 3918 1022 3991 dc
1039 3923 1136 4016 Capo
1152 3919 1196 3993 da
1213 3923 1325 3994 Ferro
1341 3918 1476 3994 atinde
1493 3925 1556 4017 per
1570 3921 1644 3989 Are

327 4037 449 4112 nulam
476 4037 532 4112 via
556 4044 657 4112 recta
683 4039 729 4114 ad
758 4041 894 4116 dictam
924 4043 1116 4118 ecclesiam
1148 4069 1178 4116 s.
1211 4043 1400 4142 Stephani,
1429 4041 1642 4140 parrochiam
1737 4017 1738 4087 l

328 4169 445 4250 suam,
465 4163 501 4235 in
517 4173 591 4259 qua'
603 4186 687 4236 cum
703 4164 878 4262 diploide,
900 4171 1012 4257 veste,
1031 4193 1131 4259 ense,
1150 4175 1187 4243 et
1205 4169 1406 4244 calcaribus
1424 4167 1593 4268 predictis
1607 4185 1641 4237 ac
1736 4257 1737 4270 ἵ

328 4287 539 4377 unoanu10,
564 4289 679 4362 tribus
698 4289 776 4364 aliis
794 4291 910 4366 anulis
927 4293 995 4366 sibi
1017 4295 1199 4385 extractis,
1220 4302 1275 4370 est
1295 4296 1471 4393 sepultus
1492 4290 1643 4370 Associa-
1736 4273 1737 4357 l

329 4419 386 4487 tus
404 4413 620 4509 luit'magna
635 4414 804 4489 comitiva
821 4415 1037 4508 honorifice,
1056 4417 1259 4516 plusquam
1277 4421 1405 4518 aliquis
1423 4426 1599 4494 Romanus
1614 4413 1642 4486 in
1735 4463 1736 4498 ,

324 4537 451 4611 multis
470 4537 588 4610 annis.
616 4537 682 4610 Hic
701 4538 799 4629 lecit,
819 4541 875 4614 die
893 4542 979 4617 luno
1000 4544 1163 4640 proxime
1188 4547 1363 4644 preterita
1383 4552 1427 4621 28
1447 4547 1564 4646 hujus,
1583 4553 1640 4617 tes·

326 4667 527 4737 tamentum
544 4661 588 4735 de
607 4684 788 4738 consensu
808 4667 920 4762 patris
939 4673 976 4742 et
994 4671 1120 4742 matris
1138 4693 1302 4762 suorum,
1325 4672 1451 4770 inquo
1471 4677 1561 4748 inter
1580 4667 1641 4742 alia

326 4788 502 4862 ordinavit
517 4785 649 4862 debere
665 4788 812 4886 sepeliri
826 4791 862 4864 in
878 4792 1003 4867 habitu
1017 4803 1051 4867 et
1067 4794 1225 4870 vestibus
1240 4799 1459 4894 supradictis
1475 4805 1509 4872 et
1521 4789 1639 4894 portari

326 4917 410 4986 ante
429 4935 514 4985 eum
530 4911 714 4987 intorticia
730 4916 958 5010 supradieta;
977 4924 1014 4992 et
1031 4924 1250 4996 testamento
1266 4923 1476 5020 hujusmodi
1495 4919 1635 5002 condito,
1733 4923 1734 4932 ’

327 5037 411 5110 lecit
432 5035 558 5110 venire
575 5059 700 5110 coram
718 5062 757 5110 se
776 5039 950 5116 vellutum
970 5043 1170 5119 violaceum
1192 5047 1236 5120 de
1255 5071 1369 5144 grano
1387 5053 1428 5123 ct
1448 5048 1493 5124 de
1510 5070 1550 5122 eo
1568 5042 1638 5116 ebs-

326 5160 422 5232 cindi
438 5183 573 5234 cannas
590 5169 745 5257 quatuor
759 5186 827 5260 pro
840 5173 939 5242 veste
956 5171 1165 5266 supradicta
1181 5177 1216 5244 et
1228 5174 1363 5270 patiam
1377 5197 1486 5248 unam
1498 5163 1637 5246 braccati
1731 5175 1733 5184 ⁴

325 5285 403 5360 auri
426 5289 462 5356 et
483 5283 528 5358 de
551 5307 595 5357 eo
617 5285 782 5360 abscindi
803 5313 912 5366 unam
935 5315 1089 5369 cannam
1107 5318 1173 5393 pro
1193 5297 1353 5397 diploide
1374 5297 1588 5396 supradicto,
1609 5291 1637 5362 iu
