3520 6036
71 600 136 662 [tout
148 597 210 659 15⁰5]
377 592 505 650 RERUM
529 592 756 651 URBANARUM
780 593 1043 652 COMMENTARll.
1319 601 1372 657 399

71 759 139 827 runt
161 747 341 847 premissis
373 745 648 842 quatuordecim
684 746 906 837 cardinales,
946 746 1112 822 videlicet
1141 774 1170 822 s.
1207 753 1371 851 Georgii,

70 875 320 965 Alexandrinus,
340 897 370 946 a.
386 871 524 962 Crucis,
543 870 604 966 qui
617 872 714 945 venit
730 873 777 945 ad
793 872 985 946 ecclesiam
1010 873 1056 946 ad
1073 898 1102 946 s.
1125 877 1373 952 ltlartincllum

71 1009 98 1076 el
111 1026 173 1074 uon
190 999 282 1073 venit
297 1021 381 1072 cum
397 1001 507 1094 Papa,
532 1021 561 1070 a.
580 997 689 1087 Petri,
708 997 943 1094 Argentinus,
976 999 1178 1094 Regiensis,
1209 1004 1375 1076 Cusenti-

70 1152 133 1216 nus,
149 1123 406 1213 Salernitanus,
419 1121 672 1212 Bononiensis,
685 1122 961 1212 Volaterranos
975 1122 1170 1215 Adrianus,
1184 1125 1371 1219 Columna,

70 1252 227 1350 ¹tragouia
241 1257 277 1324 et
292 1249 473 1324 Elnensis

106 1377 254 1466 Veneris,
278 1381 321 1450 15
338 1373 495 1470 augusti,
509 1374 643 1447 leslum
655 1375 921 1471 Assumptionis
933 1376 967 1451 b.
984 1377 1098 1452 Maria
1115 1379 1275 1477 virginis,
1294 1404 1374 1455 cara

70 1503 177 1576 diualis
194 1502 364 1598 Reginus,
384 1501 428 1573 de
446 1499 595 1574 licentia
619 1503 729 1596 Papo,
748 1524 814 1597 per
841 1501 978 1576 bullam
1001 1503 1039 1576 iu
1057 1504 1228 1579 columna
1250 1507 1374 1580 altaris

70 1628 203 1716 affixam,
223 1625 419 1700 celebravit
433 1623 583 1697 missam
603 1623 804 1697 solemnem
821 1625 880 1698 cui
895 1627 1140 1702 interfuerunt
1157 1653 1283 1704 omnes
1300 1637 1374 1706 tre-

70 1751 164 1824 decim
181 1749 379 1825 cardinales
395 1749 475 1822 heri
497 1747 675 1822 nominati
694 1757 730 1822 et
753 1749 850 1823 ultra
875 1750 958 1824 illos
975 1753 1167 1827 cardinalis
1188 1755 1376 1829 Comensis

70 1883 97 1949 et
111 1881 196 1974 Papa
209 1875 266 1972 qui
283 1874 433 1949 venitin
451 1873 537 1948 sede
555 1874 599 1946 de
614 1874 749 1970 palatio
761 1899 825 1949 suo
841 1901 954 1972 usque
970 1877 1015 1950 ad
1031 1878 1192 1953 medium
1203 1879 1373 1970 ecclesie,

70 2001 117 2072 ubi
131 2000 279 2097 positum
295 1999 362 2072 luit
378 1997 620 2072 faldistorium
640 1997 677 2070 in
702 2021 774 2095 quo
797 2000 1006 2096 genuflexit,
1032 2003 1150 2099 primo
1173 2009 1318 2078 vertens
1336 2028 1376 2078 se

70 2125 105 2197 ad
115 2125 298 2222 imaginem
324 2121 523 2198 Salvatoris
549 2123 595 2194 ad
622 2122 807 2197 sinistrum
835 2148 941 2198 suum
964 2125 1078 2218 latus;
1103 2129 1149 2201 ad
1176 2128 1375 2228 imaginem

70 2251 174 2341 llario,
207 2251 251 2324 ad
280 2249 449 2322 dextram
486 2270 602 2336 suam,
632 2247 749 2322 oravit
773 2249 927 2340 diutius;
958 2256 1080 2326 tamen
1110 2252 1174 2325 ivit
1201 2255 1375 2350 pedester

71 2383 135 2448 aute
160 2376 267 2450 altare
298 2374 418 2472 majus
456 2371 516 2446 ubi
548 2373 682 2446 iterum
718 2375 931 2471 genuflexus
964 2376 1098 2450 iterum
1128 2377 1257 2467 oravit;
1287 2384 1375 2452 tuuc

71 2499 138 2572 lecit
153 2499 415 2574 contessionem
433 2521 517 2572 cum
543 2497 770 2590 celebrante;
805 2501 878 2574 alia
899 2523 1001 2574 more
1029 2502 1150 2576 solito.
1175 2503 1375 2577 Cardinalis

72 2649 92 2696 s.
107 2626 218 2700 Crucis
239 2625 416 2699 assisiens
434 2623 501 2696 luit
523 2623 559 2695 in
586 2624 745 2698 scabello
772 2625 868 2698 inter
898 2631 1033 2724 Papam
1060 2633 1097 2701 et
1124 2628 1314 2725 episcopos
1340 2635 1376 2703 ct

73 2749 280 2848 presbyteros
317 2747 524 2822 cardinales
558 2747 619 2843 qui
653 2749 825 2822 sederunt
843 2749 894 2822 -in
930 2751 1090 2824 scamnis
1136 2752 1290 2826 muratis
1329 2753 1375 2826 ad

72 2873 232 2948 dexteram
248 2878 360 2972 Pape,
381 2872 541 2970 quinque
559 2871 637 2944 aliis
653 2873 699 2946 ad
718 2873 900 2948 sinistram
924 2875 961 2948 in
988 2876 1165 2950 similibus
1193 2877 1372 2966 scamnis;

73 3023 215 3074 scamnus
228 3001 325 3074 iuter
342 3001 456 3075 altare
475 3008 511 3072 et
531 3001 802 3098 presbyterium
824 3000 891 3074 luit
915 3001 1010 3074 inter
1032 3002 1254 3076 testudinem
1280 3002 1376 3076 clau-

72 3147 143 3214 sam,
161 3131 195 3199 et
208 3126 340 3224 prelati
358 3125 535 3198 sederunt
552 3123 590 3196 in
605 3123 762 3198 scamnis
784 3149 850 3222 per
867 3133 1128 3218 transversum,
1147 3151 1168 3201 a
1193 3128 1266 3202 fine
1293 3151 1377 3201 car·

72 3248 218 3324 dinalium
249 3275 271 3325 a
304 3250 460 3324 sinistris
490 3273 583 3347 pape
614 3248 650 3322 in
675 3249 738 3323 illo
767 3250 876 3347 plano
906 3251 1047 3348 positis,
1077 3253 1136 3327 cui
1170 3253 1304 3327 insedit
1330 3256 1373 3327 D.

71 3373 212 3450 Nicotaus
235 3375 357 3473 Zepel,
383 3377 508 3448 orator
530 3373 629 3470 regis
655 3357 816 3447 Polonie.
840 3373 944 3448 Solus
969 3379 1013 3449 D.
1039 3376 1155 3449 Julius
1179 3377 1267 3452 Cibo
1291 3377 1377 3449 sub-

71 3497 216 3574 diaconus
235 3499 359 3574 serviit
382 3523 451 3596 pro
476 3499 642 3573 auditore
669 3497 714 3572 de
741 3499 859 3589 mitra,
889 3501 1116 3596 quianullus
1142 3501 1319 3587 interluit,
1340 3507 1376 3574 et

71 3625 223 3700 solusluit
246 3630 288 3702 D.
314 3623 519 3699 Ludovicus
541 3623 680 3698 Mesola
697 3624 878 3722 acolytus3
906 3625 978 3698 alia
1003 3647 1106 3700 more
1132 3625 1253 3699 solito.
1291 3629 1377 3698 Post

70 3744 333 3826 benedictionem
349 3753 448 3846 Papa
462 3773 536 3822 non
554 3748 654 3823 dedit
674 3749 932 3846 indulgentias,
950 3773 1033 3824 cum
1058 3756 1181 3825 essent
1197 3750 1373 3848 plenarie,

70 3897 120 3968 per
132 3875 239 3950 bullas
254 3877 412 3951 aliorum
431 3897 657 3948 summorum
679 3875 911 3972 pontificum
930 3880 978 3968 et,
1001 3875 1086 3950 dala
1101 3875 1371 3968 benedictione,

71 4001 246 4075 cardinales
262 4023 389 4076 omnes
405 4001 641 4073 accesserunt
659 3999 705 4072 ad
723 4002 859 4096 Papam
881 4003 918 4073 et
941 3999 1178 4074 obtinuerunt
1196 4001 1241 4074 de
1259 4000 1375 4097 gralia

70 4125 145 4218 quod
169 4127 224 4202 die
245 4126 333 4200 lune
366 4122 646 4198 celebrarentur
671 4123 822 4220 exequie
851 4128 948 4221 Pape
972 4125 1182 4215 Alexandri,
1211 4130 1247 4199 et
1277 4128 1374 4222 Papa
1397 4199 1401 4210 ,

70 4248 191 4324 admisit
204 4275 268 4348 pro
284 4273 330 4324 ea
343 4249 419 4323 vice
437 4253 592 4338 tantum,
611 4253 647 4322 et
657 4248 769 4321 oravit
784 4253 868 4322 ante
884 4249 1011 4339 altare,
1033 4250 1166 4323 deinde
1183 4255 1266 4323 ante
1286 4250 1374 4324 ima-

71 4373 166 4467 gines,
183 4384 289 4474 prout
306 4376 344 4448 iu
357 4375 510 4449 introitu
526 4374 682 4463 lecerat;
712 4373 843 4448 deinde
870 4374 908 4448 in
937 4375 1023 4450 sede
1047 4375 1113 4448 luit
1139 4381 1303 4473 portatus
1328 4374 1374 4447 ad

70 4499 220 4594 palatium
246 4524 366 4579 suum.
394 4504 438 4574 D.
467 4505 625 4596 Prosper
659 4499 847 4591 Columna,
875 4500 960 4591 dux,
986 4501 1088 4574 stetit
1108 4501 1155 4574 ad
1184 4500 1373 4575 dexteram

72 4625 162 4720 Papo,
180 4633 213 4702 et
232 4633 274 4704 D.
307 4626 564 4700 Constantinus
588 4625 634 4698 ad
659 4625 857 4699 sinistram.
879 4625 979 4700 Fecit
999 4627 1192 4724 prandium
1215 4626 1252 4698 in
1276 4623 1375 4698 lodia

70 4743 171 4846 longa,
202 4762 236 4827 et
269 4775 351 4828 cum
385 4773 429 4825 eo
459 4757 614 4846 quatuor
647 4749 864 4828 cardinales.
897 4751 935 4823 in
974 4750 1045 4823 alia
1074 4755 1197 4824 tamen
1232 4769 1371 4838 mensa,

70 4869 211 4951 videlicet
227 4901 255 4952 s.
276 4877 414 4966 CruciS,
435 4873 675 4964 camerarius
695 4875 897 4972 Regiensis,
921 4875 1150 4966 Cusentinus,
1176 4873 1374 4950 Salernita-

70 5017 135 5088 uus,
151 5003 332 5094 Adrianus,
354 5000 544 5090 Columna,
562 4997 747 5098 Aragonia
758 5005 794 5072 et
811 5000 988 5091 Elueusis,
1005 5025 1095 5098 quos
1114 5002 1214 5075 circa
1224 5004 1374 5098 pontem
1410 5051 1415 5060 -

71 5119 152 5220 Papa
165 5125 367 5204 licentiavit.

111 5253 211 5346 Luue,
233 5261 275 5330 18
290 5253 446 5354 augusti,
464 5251 563 5324 circa
576 5249 705 5323 horam
719 5249 866 5324 tertiam
882 5251 1076 5344 decimam,
1093 5252 1238 5351 incepta
1255 5251 1322 5326 luit
1337 5251 1373 5324 in
