3502 6036
359 628 410 682 172
813 619 986 678 Jonnnnrs
1014 617 1237 685 conculam,
1446 621 1672 688 {necessarus

1737 691 1738 738 i

361 784 444 852 ante
471 778 716 874 quadraginta
743 799 858 848 annos
884 775 995 848 luisse
1024 773 1240 847 comitatum
1267 777 1304 844 et
1329 795 1351 845 a
1373 773 1564 871 sexaginta
1584 780 1670 850 anuis

360 905 454 976 citra
486 926 565 974 esse
593 885 759 975 erectum
784 902 820 974 in
849 902 1038 988 ducatum,
1069 903 1270 1002 propterea
1287 897 1599 998 “etiaanenetos
1623 905 1670 998 qui

357 1029 567 1101 hahuerunt
579 1028 624 1100 ad
638 1030 752 1103 DCCC
765 1028 910 1114 ducem,
924 1026 1059 1098 debere
1079 1024 1269 1098 Sabandos
1289 1023 1506 1119 precedere.
1523 1027 1616 1122 Papa
1632 1027 1672 1099 in-

360 1154 562 1250 terrogavit
579 1177 637 1225 me
653 1153 739 1249 quid
758 1152 849 1245 mihi
859 1151 1061 1224 videretur.
1084 1147 1268 1246 Respondi
1288 1148 1483 1221 sanctitati
1502 1153 1670 1245 suequod.

360 1285 526 1375 tempore
545 1277 635 1351 Sixti
658 1279 719 1350 llll
741 1270 853 1374 Pape,
877 1280 1005 1348 orator
1022 1273 1126 1347 ducis
1154 1271 1340 1345 Sabaudie
1361 1273 1543 1368 precessit
1568 1279 1672 1346 orato-

358 1385 437 1475 rem
462 1402 565 1474 ducis
593 1401 804 1492 Mediolani,
825 1406 861 1473 et
889 1405 975 1472 tunc
994 1397 1187 1494 temporis,
1213 1400 1401 1503 oratorem
1424 1397 1532 1469 ducis
1553 1397 1673 1469 Medio-

359 1528 432 1600 lani
451 1527 676 1625 precessisse
695 1532 884 1603 oratorem
902 1529 1144 1613 Venetorum,
1158 1511 1287 1619 quade
1300 1509 1341 1592 re
1354 1521 1451 1594 idem
1468 1521 1559 1593 dixit
1571 1523 1673 1594 cardi-

359 1654 452 1727 ualis
473 1677 501 1726 s.
524 1653 699 1727 Severini.
791 1677 793 1697 ¹

406 1779 541 1851 Eadem
559 1779 632 1866 die,
655 1779 691 1852 in
710 1801 806 1867 sero,
828 1777 978 1874 quidam
990 1773 1247 1848 mascheratus
1265 1796 1351 1844 usus
1369 1778 1425 1845 est
1442 1797 1512 1870 per
1531 1777 1673 1868 Bnrgurn

278 1937 284 1948 ·
358 1903 577 2000 quibusdam
595 1904 713 1975 verbis
732 1901 935 1975 inhonestis
953 1905 1084 1974 contra
1106 1899 1239 1970 ducem
1257 1896 1574 1988 Valentinensem,
1593 1897 1673 1992 quod

359 2029 432 2100 dux
450 2027 656 2124 intelligens
682 2027 769 2100 lecit
789 2048 874 2098 eum
898 2025 979 2122 capi
999 2029 1035 2096 et
1053 2023 1138 2095 duci
1158 2022 1204 2094 ad
1225 2021 1367 2093 curiam
1386 2045 1415 2096 s.
1437 2021 1580 2110 Crucis,
1600 2021 1672 2093 alirn

359 2152 556 2241 Sabellam,
578 2157 614 2225 et
632 2153 732 2225 circa
753 2174 888 2225 nonam
915 2150 1048 2223 huram
1072 2149 1190 2220 noctis
1214 2146 1331 2220 fuitei
1360 2146 1526 2220 abscissa
1549 2170 1672 2232 manus,

358 2278 438 2374 ipsa
457 2278 620 2350 anterior
640 2255 726 2374 pars
753 2276 890 2372 lingue,
916 2299 986 2372 que
1011 2273 1078 2346 luit
1101 2295 1264 2370 appensa
1285 2295 1398 2368 parvo
1422 2272 1541 2369 digito
1562 2293 1672 2344 manus

361 2403 536 2492 abscisse,
561 2408 597 2475 et
621 2425 751 2475 manus
779 2401 857 2498 ipsa
878 2400 1039 2472 fenestre
1067 2397 1225 2470 curies.
1264 2397 1392 2471 Crucis
1420 2419 1596 2494 appensa,
1625 2393 1671 2466 ubi

361 2528 496 2600 mansit
514 2527 559 2600 ad
579 2527 778 2600 secundam
796 2526 893 2598 diem
913 2528 922 2624 (
949 2523 972 2600 l.
1252 2515 1254 2520 ’

406 2651 596 2724 [lominica
616 2653 724 2725 tertia
748 2649 935 2738 adventus,
966 2654 1008 2722 la
1043 2647 1128 2722 dicti
1154 2647 1290 2720 mensis
1317 2646 1541 2736 decembris,
1565 2649 1669 2717 Rmus.

362 2781 404 2850 b.
424 2775 619 2851 cardinalis
635 2776 826 2848 Grimanus
840 2774 1038 2848 celebravit
1050 2775 1199 2847 missam
1215 2772 1411 2870 plublicam
1427 2773 1463 2844 in
1477 2769 1613 2870 capella
1626 2791 1674 2838 su·

364 2900 541 2997 predicta.
562 2904 660 2996 Papa
676 2904 857 2997 presente.
875 2902 1091 2974 Sermonem
1108 2898 1195 2972 lecit
1210 2903 1424 2996 procurator
1437 2893 1674 2970 ordinishere·

365 3025 537 3096 mitarum
554 3047 584 3095 s.
603 3024 806 3122 Augustini.
826 3023 906 3097 Alia
924 3046 1027 3098 more
1043 3023 1163 3097 solito.

412 3152 489 3222 Hoc
508 3171 626 3238 mane,
652 3143 828 3223 venerunt
854 3149 975 3222 littere
1004 3149 1050 3221 de
1073 3147 1230 3244 quadam
1251 3145 1371 3218 insula
1394 3147 1594 3220 'furcarum
1619 3162 1674 3237 per

364 3273 597 3371 monsignore
613 3273 658 3346 de
674 3273 865 3348 Rabestani
886 3274 1117 3370 capitaneum
1139 3270 1350 3368 generalem
1372 3269 1577 3344 triremium
1594 3263 1673 3361 regis

363 3398 527 3488 Francia,
544 3399 732 3471 etduobus
748 3397 907 3471 millibus
922 3401 1122 3470 Turcarum
1141 3395 1346 3469 intersectis
1363 3395 1419 3467 rel
1432 3393 1556 3491 circa(
1580 3391 1602 3490 ).
1737 3465 1738 3504 1

414 3524 543 3596 Orator
560 3523 663 3596 ducis
684 3523 863 3598 Sabaudie
880 3523 951 3596 hoc
968 3545 1074 3596 mane
1093 3521 1159 3594 luit
1177 3522 1214 3594 in
1233 3519 1385 3617 capella,
1412 3520 1468 3592 cui
1490 3523 1585 3614 Papa
1599 3513 1671 3587 dixit

364 3649 401 3720 in
424 3671 570 3722 camera
593 3649 776 3746 Papagalli
798 3647 895 3745 quod
921 3671 993 3722 non
1016 3647 1165 3720 deberet
1186 3645 1407 3720 contendere
1434 3668 1520 3717 cum
1549 3645 1671 3715 oratore
1737 3659 1738 3730 i

364 3776 504 3847 Veneto
523 3797 634 3869 super
651 3773 897 3869 procedentia,
916 3774 978 3848 sed
992 3773 1024 3848 ei
1044 3773 1187 3859 cedere,
1205 3771 1234 3844 si
1252 3770 1405 3860 veniret,
1426 3779 1462 3844 et
1483 3793 1554 3844 non
1572 3767 1671 3839 lacero
1737 3755 1738 3836 i

367 3895 607 3995 scandalum(
634 3897 658 3995 ).
1737 3871 1738 3908 ³

402 4135 427 4189 1.
448 4131 497 4190 Cet
510 4135 665 4209 imprudent
684 4155 714 4193 se
728 4136 860 4194 nommait
872 4137 1001 4193 Jeronino
1012 4135 1157 4194 Mandoni
1173 4155 1180 4192 :
1197 4135 1213 4190 il
1230 4135 1296 4193 etait
1311 4135 1345 4192 de
1361 4134 1464 4209 Naples
1484 4139 1522 4192 οὺ
1540 4133 1556 4188 il
1575 4122 1671 4192 cramail
1737 4129 1738 4174 ἰ

365 4223 391 4278 la
403 4223 556 4296 profession
575 4225 609 4280 de
629 4226 748 4284 rheteur.
766 4225 901 4299 egestino
920 4225 980 4283 Nilo
995 4233 1105 4282 raconte
1124 4225 1149 4280 le
1164 4225 1212 4281 lait
1231 4243 1266 4280 un
1282 4241 1336 4298 peu
1356 4223 1555 4281 dillerammsnt
1573 4220 1603 4275 de
1616 4215 1670 4270 Bur·

364 4311 447 4366 ehard
471 4329 478 4368 :
504 4336 518 4363 u
541 4313 580 4369 De
604 4314 708 4372 salibus
731 4323 821 4372 autem
848 4325 875 4371 et
899 4315 1019 4372 dicteriis
1044 4313 1218 4370 mordacibus
1244 4313 1507 4388 pretermittendum
1531 4327 1588 4369 esse
1608 4309 1669 4380 puto,
1737 4365 1738 4368 ,

365 4401 491 4474 quoniam
508 4420 569 4458 cum
584 4421 724 4460 sermones
739 4403 795 4460 sint
808 4403 924 4461 aculeati
936 4422 968 4460 ac
982 4404 1134 4472 mordaces,
1151 4402 1239 4477 magis
1254 4401 1373 4459 attinent
1389 4402 1669 4468 adnatantesque

364 4491 399 4546 ad
416 4490 547 4547 aulicares
562 4491 649 4560 viros;
664 4493 728 4566 quia
743 4499 874 4567 preterea
888 4501 1036 4568 provocant
1050 4493 1083 4549 ad
1106 4491 1199 4548 odium
1214 4493 1256 4548 vel
1268 4490 1399 4548 ultionem
1413 4509 1474 4564 quae
1489 4508 1506 4546 a
1521 4491 1589 4547 bono
1599 4481 1670 4539 aulico
1737 4539 1738 4552 χ

364 4578 475 4636 omnino
489 4579 620 4651 fugienda
633 4597 695 4638 esse
704 4581 869 4654 judicamus.
886 4582 955 4639 Cum
972 4580 1144 4638 Hieranimus
1160 4580 1322 4638 Mancianus
1338 4579 1544 4655 Neapolitanus,
1561 4575 1670 4633 adversus
1737 4589 1738 4592 ¹

363 4668 497 4725 Caesarem
514 4669 641 4742 Bargiam
663 4688 730 4727 usus
746 4681 821 4728 esset
833 4670 934 4727 talibus
949 4670 1078 4727 aculeatis
1099 4671 1281 4740 sermonibus,
1297 4677 1325 4726 et
1343 4688 1360 4726 a
1374 4669 1483 4728 Caesare
1502 4669 1590 4742 lingue
1602 4653 1668 4716 muti·
1737 4729 1738 4736 ἵ

365 4755 465 4814 latione
479 4757 506 4813 in
522 4757 595 4814 illum
610 4759 829 4818 animadversum
845 4767 897 4817 est.
912 4781 926 4813 u
943 4763 982 4816 Dr
996 4759 1198 4829 recollectis.
1215 4759 1237 4829 l,
1253 4759 1334 4833 chap.
1354 4777 1418 4823 cun.
1435 4775 1461 4832 p.
1478 4759 1570 4814 336-7.
1585 4743 1667 4824 (istit.

398 4849 425 4903 2.
447 4847 501 4904 Sur
514 4846 541 4904 lo
555 4848 628 4922 prise
644 4849 678 4905 de
693 4849 815 4919 Metelin,
831 4867 897 4924 roy.
916 4850 983 4906 Jean
999 4850 1129 4913 d'Auton,
1145 4850 1189 4906 eh.
1206 4867 1369 4905 cxix-cxxii.

398 4935 425 4995 3.
446 4937 498 4994 Les
514 4938 656 5012 questions
674 4939 707 4995 de
721 4943 871 5014 preseance
890 4945 974 5012 ayant
990 4938 1063 4995 alors
1083 4937 1110 4994 la
1124 4938 1186 5012 plus
1206 4937 1311 5012 grande
1327 4937 1494 5011 importance
1508 4945 1535 4994 et
1552 4925 1669 4990 occasion·

364 5033 432 5082 nant
450 5034 565 5084 souvent
582 5027 631 5084 des
655 5029 827 5086 discussions
843 5028 890 5102 qui
911 5028 1104 5103 degeneratam
1119 5026 1290 5102 quelquetois
1310 5045 1344 5083 en
1365 5027 1441 5085 voies
1460 5013 1669 5092 delatraret

363 5131 415 5185 pas
427 5113 522 5173 inutile
536 5116 570 5172 de
587 5125 728 5192 rapporter
742 5135 773 5174 ce
791 5136 845 5192 que
861 5118 1013 5174 Franeesco
1027 5117 1095 5191 Pepi
1110 5117 1222 5174 eerivait
1235 5120 1252 5172 e
1265 5116 1293 5173 la
1307 5115 1469 5189 Seigneurie
1485 5134 1519 5173 au
1535 5113 1599 5185 sajet
1611 5104 1637 5160 de
1649 5097 1669 5152 ¹⁸
1737 5155 1738 5180 3

365 5201 518 5260 discussion
543 5205 589 5278 qui
609 5207 699 5264 s'etait
723 5206 813 5262 elevee
829 5214 904 5264 entre
928 5206 1057 5264 l'orateur
1075 5207 1109 5262 de
1131 5205 1276 5264 Venisset
1299 5204 1369 5261 celui
1384 5205 1422 5261 du
1445 5205 1498 5261 duc
1513 5203 1546 5259 de
1567 5190 1665 5255 Sar⁰l⁰²

366 5313 380 5341 u
441 5290 513 5347 llieri
528 5293 641 5351 mattina
657 5292 752 5359 l'altra,
769 5296 887 5352 essendo
902 5296 1001 5370 perire
1017 5296 1043 5352 in
1059 5295 1192 5369 cappella,
1209 5301 1236 5352 et
1248 5294 1434 5352 trovandovisi
1448 5294 1567 5351 l’oratore
1584 5280 1667 5340 Veneto
