3554 6042
305 539 349 576 rnr
690 504 929 574 surrthusttr
953 516 976 573 A
1004 513 1250 576 L’APPENDICE.

347 675 411 738 «ln
428 671 562 736 nomine
578 669 719 746 Domini,
740 671 856 732 Amen.
879 668 1035 734 Noverint
1052 669 1198 734 universi
1218 673 1252 732 et
1269 671 1393 752 singull
1411 673 1475 736 hoc
1494 689 1637 752 presens

301 773 472 854 publicum
500 770 759 832 instrumentum
783 767 976 846 inspecturi,
1006 767 1124 830 lecturi
1150 772 1183 832 et
1209 768 1355 832 audituri
1383 771 1473 849 quod
1499 788 1591 837 anno
1618 791 1637 835 a

302 871 477 936 Nativitate
501 866 652 932 eiusdem
684 865 815 930 Domini
842 866 1018 928 millesimo
1048 865 1380 947 quadringentesimo
1407 872 1638 952 octuagesimo

303 969 412 1045 lertio,
424 969 602 1032 indictione
619 965 737 1046 prima,
751 962 804 1026 die
820 981 898 1027 vero
912 965 1047 1027 sabbati
1070 965 1165 1028 tertia
1184 966 1310 1028 mensis
1331 967 1404 1030 Maii
1420 969 1638 1032 Pontificatus

304 1067 496 1131 Sanctissini
508 1066 542 1128 in
558 1067 610 1126 11ιο
626 1063 731 1126 Patris
748 1067 781 1124 et
796 1063 858 1126 Dni
872 1063 992 1136 Nostri,
1008 1063 1071 1126 Dni
1087 1063 1180 1143 sixti,
1198 1063 1309 1126 divina
1323 1065 1531 1130 Providentia
1553 1068 1639 1146 Pape

302 1167 422 1246 quarti,
431 1181 519 1228 anno
529 1162 777 1237 duodecimo,in
787 1162 853 1224 mei
867 1162 988 1224 notarii
999 1162 1122 1239 publici
1134 1163 1334 1242 testiumque
1348 1161 1638 1247 infrascriptorum

301 1263 470 1346 presentia
501 1261 719 1342 personaliter
749 1259 931 1335 constituti,
960 1259 1155 1338 Spectabilis
1184 1265 1217 1323 et
1243 1260 1436 1341 Magnificus
1463 1263 1521 1324 Vir
1543 1265 1638 1326 Dnus

300 1365 416 1426 Petrus
443 1360 626 1426 Ludovicus
646 1358 687 1420 de
708 1358 802 1420 Boria
821 1361 854 1420 ct
880 1359 963 1438 Mag.
985 1358 1042 1420 Vir
1064 1362 1156 1422 Dnus
1181 1359 1265 1422 Otho
1291 1361 1391 1422 etiam
1414 1359 1456 1424 de
1477 1361 1578 1424 Boria
1600 1368 1637 1425 ut

301 1465 428 1522 tutores
446 1458 639 1539 Spectabilis
657 1461 690 1520 et
699 1454 862 1536 Magnidci
875 1454 1012 1518 lnlantis
1026 1457 1088 1519 Dni
1103 1457 1261 1520 lobannis
1277 1457 1318 1520 de
1336 1459 1432 1522 Boria
1450 1463 1483 1522 et
1499 1477 1636 1540 sposue-

299 1563 378 1622 runt
401 1562 435 1622 et
456 1559 674 1621 narraverunt
696 1555 838 1634 qualiter
856 1555 920 1633 ipsi
938 1554 1187 1619 considerantes
1209 1557 1299 1636 quod
1322 1559 1636 1624 Reverendissimus

299 1659 334 1720 in
357 1659 411 1720 111ο
432 1661 526 1738 pater
546 1661 580 1719 et
604 1657 709 1732 nnus,
736 1657 829 1718 linus
856 1653 1035 1717 Rodericus
1063 1652 1104 1716 de
1129 1654 1224 1716 Boria
1252 1660 1462 1720 sacrosancte
1486 1659 1636 1722 Romane

299 1756 442 1819 Ecclesia
458 1753 749 1819 vicecancellarius
761 1751 838 1814 dicti
856 1752 919 1816 Dni
933 1751 1091 1814 iohannis
1107 1755 1241 1814 curator
1254 1751 1382 1816 dudum
1398 1753 1546 1832 predicto
1563 1757 1634 1818 Dno

298 1853 450 1928 iohanni,
469 1853 543 1933 ejus
559 1852 681 1915 carnali
696 1850 765 1914 lilio
781 1867 842 1913 seu
859 1849 1014 1930 predictis
1031 1850 1210 1927 tutoribus,
1229 1851 1348 1915 tutoris
1368 1852 1502 1916 nomino
1517 1855 1634 1932 prefati

299 1951 435 2014 infantis
458 1951 586 2015 dedit...
611 1966 776 2012 summam
802 1953 835 2011 et
858 1947 1078 2027 quantitatem
1104 1948 1221 2029 viginti
1242 1949 1390 2030 quinque
1411 1951 1519 2013 millia
1538 1952 1634 2016 duca·

301 2053 450 2112 torum...
482 2048 696 2112 Postmodum
731 2049 880 2112 volentes
906 2046 984 2109 dicti
1008 2051 1135 2108 tutores
1160 2047 1322 2126 prelatum
1346 2049 1570 2128 quantitatem
1592 2049 1633 2112 ad

299 2147 460 2228 majorem
479 2146 556 2210 dicti
580 2145 643 2210 Dni
663 2145 824 2210 iohannis
850 2143 989 2208 infantis
1015 2144 1203 2220 utilitatem,
1224 2143 1267 2208 ad
1294 2145 1460 2210 civitatem
1485 2149 1633 2214 Valentio

299 2245 515 2308 transferre...
550 2245 590 2308 Et
613 2244 704 2324 quia,
735 2247 772 2306 ut
802 2241 969 2318 dicebant,
996 2241 1062 2304 duo
1087 2259 1128 2305 ex
1154 2243 1251 2306 dictis
1277 2245 1456 2319 tutoribus,
1483 2246 1632 2311 videlicet

300 2345 393 2407 Dnus
412 2345 528 2406 Petrus
555 2343 740 2406 Ludovicus
764 2341 805 2404 de
827 2342 923 2404 Boria
945 2345 1014 2404 et...
1040 2343 1132 2404 Dnns
1150 2341 1342 2404 Francisnus
1367 2344 1573 2406 Rocbcmora
1593 2347 1632 2408 ad

299 2458 450 2520 presens,
469 2441 511 2504 ad
532 2441 654 2504 dictam
676 2441 841 2504 civitatem
863 2439 1011 2502 Valentio
1029 2438 1224 2502 accedere...
1246 2445 1442 2504 conventum
1463 2447 1497 2504 et
1511 2442 1633 2505 dehbe
1762 2431 1763 2446 ¹

302 2545 413 2602 ratum
429 2541 508 2603 sit...
526 2539 650 2620 quoad
667 2539 788 2602 dictam
802 2539 1005 2602 civilatem...
1023 2553 1082 2616 pro
1099 2537 1337 2616 recipiendis...
1359 2538 1454 2602 dictis
1470 2543 1633 2618 quantita·
1762 2567 1763 2602 t

302 2639 392 2701 tibus
407 2637 567 2701 accedant
586 2639 628 2700 ad
650 2637 770 2700 dictam
791 2637 956 2702 civitatem
976 2635 1008 2694 et
1031 2635 1218 2711 specialiter
1238 2635 1386 2716 prelatus
1403 2640 1497 2700 Dnus
1518 2641 1632 2702 Petrus

299 2730 486 2795 Ludovicus
504 2727 666 2794 beneficio
684 2730 821 2794 minoris
841 2730 938 2794 etatis
960 2738 994 2796 et
1018 2735 1240 2800 restitutionis
1265 2737 1298 2798 in
1320 2737 1490 2818 integrum
1509 2756 1631 2802 renun-

296 2829 457 2894 ciavit.....
479 2852 490 2884 ι

821 3125 842 3185 2
862 3143 995 3189 ocrosns
1016 3125 1106 3192 1483.

335 3304 374 3364 N⁰
390 3300 461 3365 313.
480 3299 670 3382 Obligation
681 3301 726 3364 du
744 3301 890 3367 cardinal
903 3305 1070 3388 Rodrigue
1085 3307 1126 3370 de
1141 3310 1235 3372 Boria
1252 3327 1294 3374 en
1309 3309 1424 3376 fureur
1435 3315 1476 3378 de
1491 3331 1553 3378 son
1563 3315 1625 3384 fils.

296 3399 480 3462 DonPedro
498 3399 576 3462 huis
594 3400 634 3464 de
656 3402 765 3478 Beria,
784 3419 870 3481 pour
888 3403 982 3480 81110
999 3404 1127 3482 dumis,
1141 3423 1182 3470 en
1193 3409 1238 3470 lui
1255 3409 1427 3492 assignant
1441 3430 1528 3493 pour
1542 3416 1626 3494 paie-

293 3497 611 3576 ment5,7701lvres,
630 3501 667 3562 15
686 3499 794 3564 sensti
809 3500 940 3564 deniers
958 3519 1017 3565 sur
1027 3520 1073 3566 un
1088 3503 1191 3568 credit
1210 3507 1289 3584 qu'il
1303 3510 1390 3573 avait
1409 3511 1494 3574 dans
1518 3513 1551 3576 la
1569 3515 1624 3577 ba-

293 3596 435 3661 roniedo
451 3598 607 3679 Lombay.
625 3631 663 3645 -
680 3601 794 3674 Rome,
811 3600 829 3663 2
845 3603 978 3665 octobre
994 3602 1083 3668 1483.
1101 3605 1205 3686 (Orig.
1223 3623 1283 3670 sur
1300 3609 1522 3696 parchemin.)

840 3959 859 4021 3
880 3978 968 4024 svau
992 3961 1082 4026 1484.

335 4133 375 4194 N⁰
388 4132 477 4196 llll.
496 4133 589 4196 Bulle
606 4133 647 4198 de
667 4135 755 4200 Siste
774 4138 812 4200 lV
830 4145 1003 4204 nommant
1021 4144 1093 4206 Don
1113 4141 1212 4206 Cesar
1230 4143 1271 4206 de
1286 4145 1385 4224 Borja
1406 4142 1425 4207 a
1443 4145 1475 4210 la
1494 4148 1623 4227 presoli

296 4229 336 4294 tle
351 4230 461 4310 Albar,
478 4230 687 4312 dependente
701 4234 743 4300 de
757 4236 789 4300 la
804 4238 991 4304 cathedrale
1007 4239 1048 4303 de
1064 4242 1190 4306 Xativa.

793 4601 835 4666 tt
858 4619 1029 4670 stererant
1051 4607 1139 4672 1484.

336 4777 378 4838 N⁰
401 4774 491 4840 3443.
515 4777 606 4840 Bulle
627 4780 788 4861 originale
810 4801 867 4847 sur
882 4785 1073 4863 parchemin
1090 4787 1136 4850 du
1152 4805 1237 4868 pape
1259 4791 1416 4852 innocent
1434 4791 1515 4869 thl,
1534 4809 1624 4856 nom·

296 4877 388 4934 mant
403 4875 474 4935 Don
490 4871 589 4937 Cesar
605 4876 646 4939 de
661 4881 782 4961 Borgia
799 4881 956 4945 tresorier
968 4885 1009 4947 dc
1025 4884 1153 4966 l'eglise
1167 4885 1209 4949 de
1225 4885 1431 4968 Carthagine
1502 4893 1624 4953 Titiis

296 4987 385 5031 trono
403 4977 455 5032 tue
470 4975 566 5034 etatis
583 4993 671 5038 anno
684 4981 870 5058 constituto,
889 4999 912 5063 y
926 4981 1019 5043 est-il
1033 4983 1080 5046 (111
1091 4985 1318 5048 relativement
1333 4983 1351 5045 a
1366 4985 1452 5066 l'aige
1463 4985 1505 5049 de
1515 4988 1621 5051 Cesar.

296 5067 357 5140 (Le
382 5083 524 5151 passage
548 5077 598 5134 est
620 5073 683 5137 cite
706 5093 766 5154 par
789 5079 829 5140 ll.
854 5079 894 5141 de
911 5079 1081 5160 l'Epinois‚
1097 5081 1203 5145 Rcoue
1222 5087 1278 5146 des
1300 5092 1401 5164 quest.
1421 5087 1513 5162 hist,
1535 5086 1622 5164 1881,

295 5179 328 5240 p.
347 5161 417 5240 311,
435 5173 513 5231 note
527 5167 572 5250 4.)
588 5171 637 5234 On
653 5171 691 5234 lit
705 5191 748 5236 au
763 5192 859 5240 verso
873 5175 914 5239 de
933 5176 1027 5240 l'aote
1044 5196 1110 5258 que
1127 5187 1211 5246 cette
1230 5181 1356 5262 dignitt
1375 5185 1464 5247 avait
1483 5182 1560 5264 de'jii
1573 5181 1622 5246 eti
