3554 6042
99 669 214 729 lFWler
231 673 304 736 Ι506]
435 675 561 732 RERUM
587 675 811 734 URBANARUM
835 675 1096 735 conxuuuxxun.
1380 677 1432 732 ΙΙΙ

99 831 189 914 tuor,
209 825 386 900 videlicet
402 827 607 924 Agrigensi,
629 827 839 918 Arborensi,
866 829 1098 902 Salernitano
1121 833 1158 901 et
1181 827 1351 901 comensi
1375 828 1432 900 in-

100 950 226 1039 firmis,
250 973 384 1024 omnes
413 956 487 1024 tres
513 974 604 1026 nove
630 953 783 1027 ecclesie
814 954 851 1026 in
880 955 998 1050 capite
1027 953 1087 1027 ubi
1116 957 1222 1027 crant
1244 952 1291 1025 ad
1316 952 1431 1026 altare

99 1075 245 1148 luerunt
261 1073 389 1148 clause
405 1075 443 1148 in
460 1077 609 1168 sbarris,
628 1085 780 1175 excepto
799 1078 898 1174 quod
915 1078 952 1151 in
972 1077 1093 1151 medio
1109 1077 1228 1152 medie
1247 1076 1348 1151 navis
1367 1076 1434 1150 luit

100 1199 286 1272 dimissum
311 1201 468 1296 spatium
491 1223 555 1297 pro
579 1201 745 1290 introitu;
768 1181 952 1298 processio
974 1201 1082 1276 exivit
1100 1224 1167 1298 per
1184 1201 1286 1274 illum
1301 1201 1434 1275 introi-

102 1331 171 1396 tum
189 1324 235 1397 ad
258 1347 408 1416 navem,
428 1327 473 1399 ad
492 1328 681 1401 dexteram
700 1327 923 1419 exeuntium,
945 1327 1053 1400 exivit
1076 1351 1142 1424 per
1164 1327 1295 1401 ostium
1314 1326 1433 1401 eccle-

101 1449 147 1521 sie
167 1433 267 1520 illius
288 1450 392 1523 navis
417 1455 454 1524 et
471 1451 612 1524 intravit
634 1475 702 1548 per
724 1451 855 1525 ostium
875 1475 941 1549 per
958 1451 1056 1547 quod
1073 1451 1222 1525 exierat.
1246 1454 1343 1548 Papa
1364 1451 1433 1524 luit

101 1577 262 1668 portatus
290 1574 332 1647 in
359 1575 596 1670 processione
624 1576 772 1650 insede
802 1575 925 1664 solita;
953 1574 1147 1648 cardinalis
1176 1574 1431 1672 Neapolitanus

103 1696 195 1771 dedit
211 1697 390 1772 candelas
407 1697 452 1772 de
476 1698 544 1771 illis
566 1697 658 1772 albis
679 1723 768 1795 quas
786 1699 885 1772 dedit
904 1699 1160 1788 cardinalibus,
1181 1698 1351 1773 videlicet
1366 1721 1434 1795 pro

103 1845 149 1912 se,
176 1826 212 1896 et
237 1822 351 1896 eliam
376 1847 441 1922 pro
466 1823 638 1898 cardinali
663 1827 860 1898 Mantuano
884 1824 1050 1914 absente,
1077 1831 1113 1896 et
1136 1823 1244 1898 aliam
1268 1824 1433 1898 similiter

104 1945 197 2020 dedit
214 1950 259 2020 Ι).
280 1947 537 2036 Constantium
559 1947 659 2022 dedit
676 1947 785 2022 etiam
805 1949 977 2022 cardinali
996 1973 1026 2022 s.
1046 1948 1176 2025 Vitalis
1194 1949 1282 2024 duas
1301 1950 1435 2024 caude-

104 2069 174 2160 las;
193 2071 383 2167 prefectus
404 2073 519 2146 tenuit
542 2073 733 2147 candelam
751 2077 847 2170 Pape
871 2073 917 2146 ad
935 2072 1124 2147 dexteram
1142 2077 1178 2147 et
1197 2075 1238 2146 Ι).
1261 2077 1437 2147 Constan-

106 2194 195 2268 tinus
220 2196 269 2269 ad
292 2198 494 2271 sinistram.
518 2201 659 2294 Aquam
682 2198 849 2271 manibus
872 2201 969 2295 Papo
992 2197 1090 2272 dedit
1112 2204 1195 2296 post
1215 2198 1439 2272 distributio-

107 2342 181 2392 nem
198 2329 350 2396 senator
368 2323 475 2396 Urbis
490 2347 555 2420 pro
572 2323 794 2420 imponendo
813 2322 942 2412 thure;
959 2327 1042 2419 post
1062 2322 1304 2411 offertorium,
1320 2323 1438 2396 socius

108 2444 206 2518 exivit
232 2445 360 2545 ignem
391 2472 434 2520 ex
465 2447 649 2522 thuribulo
681 2471 792 2544 super
824 2447 1027 2522 scabellum
1052 2449 1149 2543 Pape
1177 2453 1212 2521 et
1239 2446 1439 2520 combussit

109 2591 260 2664 pannum
278 2571 436 2647 rubeum
456 2579 492 2647 et
516 2573 583 2646 sibi
606 2573 787 2646 manicam
809 2571 1053 2670 superpellicii
1073 2594 1156 2646 cum
1179 2595 1313 2667 magna
1334 2595 1438 2646 vere·

110 2693 230 2769 cundia
251 2720 334 2770 sua.

150 2821 321 2910 VeneriS,
343 2825 365 2893 6
388 2821 579 2912 februarii,
598 2823 666 2896 luit
689 2821 945 2897 consistorium
972 2831 1155 2897 secretum
1182 2822 1218 2894 in
1244 2845 1316 2919 quo
1345 2820 1439 2918 epis-

115 2965 217 3040 copus
228 2945 391 3020 Civitatis
409 2947 553 3022 Castelli
570 2947 636 3022 luit
649 2947 843 3022 translatus
864 2947 910 3021 ad
930 2947 1124 3022 ecelesiam
1144 2947 1382 3046 sipontinam,
1403 2955 1441 3020 et

113 3067 149 3138 Ι).
173 3070 332 3146 Achilles
361 3071 405 3145 de
429 3072 584 3145 Grassis.
606 3074 751 3146 auditor
775 3080 866 3160 rote,
890 3071 1076 3170 prefectus
1103 3071 1258 3146 ecclesie
1284 3070 1440 3146 Civitatis

113 3193 244 3268 Castelli
265 3225 271 3269 :
293 3203 331 3271 et
352 3196 449 3270 filius
475 3197 742 3294 archiepiscopi
767 3198 951 3271 Tarentini
982 3197 1138 3272 ecclesie
1163 3197 1207 3270 de
1232 3196 1378 3271 Sutrino
1404 3199 1441 3268 et

114 3315 302 3412 Nepesino;
324 3328 372 3410 et,
391 3321 450 3395 die
467 3321 621 3412 sabbati,
639 3321 736 3395 venit
752 3321 798 3394 ad
813 3322 1035 3419 signaturam
1054 3326 1151 3418 Pape
1169 3321 1212 3394 de
1231 3321 1309 3419 ejus
1324 3320 1440 3394 licen-

115 3435 174 3527 tia;
194 3441 326 3518 deinde
344 3468 419 3519 non
435 3445 588 3519 visitavit
602 3447 639 3519 in
658 3469 774 3542 cappa
791 3447 856 3518 sed
875 3446 911 3518 in
930 3445 1103 3519 mantello
1117 3445 1336 3520 cardinales.

157 3565 264 3659 Lune,
296 3573 319 3641 9
344 3569 530 3661 februarii,
562 3573 661 3667 Papa
683 3570 781 3642 bono
808 3593 915 3644 mano
942 3569 1115 3666 equitavit
1139 3569 1185 3642 ad
1211 3569 1344 3674 ¹Ripam
1374 3589 1441 3664 per
1503 3632 1506 3639 .

116 3688 382 3784 transtiberim,
403 3693 463 3767 ubi
491 3695 656 3767 ascendit
678 3695 830 3768 barcam
854 3694 954 3767 solus
974 3693 1211 3792 navigaturus
1232 3691 1385 3780 Ostiam,
1405 3696 1442 3764 et

117 3832 190 3884 cum
212 3839 254 3889 eo
277 3825 358 3896 tres,
379 3817 587 3892 cardinales
609 3841 690 3892 cum
709 3842 827 3914 pauca
843 3817 997 3908 familia,
1019 3823 1054 3892 et
1072 3841 1146 3892 non
1169 3817 1236 3890 luit
1257 3815 1442 3890 audientia
1495 3855 1500 3872 ·

117 3941 255 4034 propter
277 3965 466 4017 recessum
500 3945 595 4041 Pape
619 3967 627 4016 :
655 3942 778 4016 nescio
806 3941 837 4015 si
863 3941 907 4016 de
934 3943 1013 4041 ejus
1042 3943 1136 4015 scitu
1163 3941 1218 4014 vel
1242 3963 1328 4014 non.
1351 3943 1440 4012 Tres

118 4063 311 4142 cardinales
330 4067 477 4142 luerunt
498 4094 504 4140 :
526 4067 727 4165 PapiensiS,
748 4093 778 4140 s.
798 4067 930 4144 Vitalis
950 4071 987 4141 et
1005 4066 1209 4156 Cornelius,
1232 4064 1292 4162 qui
1310 4087 1440 4138 ascen-

118 4181 236 4265 derunt
262 4192 354 4266 alias
380 4193 525 4281 barcas,
551 4197 588 4266 et
611 4192 801 4290 sexaginta
830 4193 876 4266 de
901 4192 1069 4266 custodia
1090 4195 1186 4289 Pape
1209 4189 1442 4263 associarunt

119 4307 157 4379 ud
184 4313 308 4412 Ripam
339 4317 430 4392 alios
459 4321 543 4392 octo
573 4317 795 4408 cardinales,
820 4315 990 4389 videlicet
1013 4315 1315 4404 Alexandrinum,
1335 4312 1443 4387 Vola-

120 4433 304 4534 lemanum,
333 4441 662 4541 senogalliensem,
696 4443 964 4532 Redouensem,
987 4443 1257 4538 Agennensem,
1288 4437 1444 4513 Urbina-

120 4557 260 4660 tensem,
289 4572 576 4643 Cesenatensem
600 4571 636 4641 et
661 4567 822 4641 Finalem
841 4565 902 4663 qui
921 4566 1115 4640 redierunt
1134 4566 1180 4640 ad
1195 4561 1443 4639 habitationes

120 4700 204 4761 suas.

166 4811 271 4910 Lune,
287 4823 330 4894 ΙΙ)
343 4821 532 4910 februarii,
549 4820 650 4894 circa
660 4819 792 4893 horam
802 4817 1014 4916 vigesimam
1028 4821 1209 4913 quartam,
1225 4818 1323 4912 Papa
1333 4811 1445 4887 rediit

122 4929 157 5004 in
170 4961 236 5015 una
251 4945 354 5044 galea
367 4951 404 5020 et
419 4947 498 5043 ejus
508 4945 646 5020 lamilia
657 4946 693 5019 in
712 4945 796 5036 alia,
817 4967 882 5040 per
900 4943 1049 5034 ssumen,
1068 4943 1114 5014 od
1130 4941 1261 5015 voltam
1278 4963 1306 5012 s.
1325 4938 1442 5028 Pauli,

124 5057 174 5130 uhi
190 5072 385 5166 expectavit
400 5071 604 5146 cardinales
615 5071 909 5160 Volaterranum,
926 5094 956 5142 s.
973 5067 1072 5142 Petri
1085 5065 1314 5155 ad.Viucula,
1332 5067 1445 5138 Seno·

126 5185 336 5290 galliensem,
362 5198 631 5286 Redouensem,
661 5200 932 5295 Agennenscm,
963 5194 1259 5282 Urbinatensem,
1294 5195 1447 5265 Cesena-

126 5309 248 5394 tensem
269 5331 306 5401 et
329 5327 505 5404 Finalem.
533 5329 630 5424 Papa
650 5322 760 5399 exivit
788 5321 833 5394 de
853 5321 970 5419 galea,
992 5319 1157 5396 ascendit
1173 5317 1310 5393 mulam
1328 5324 1364 5389 et
1383 5338 1448 5412 per

248 5493 270 5534 r.
288 5495 325 5537 ιιι.
489 5537 503 5548 ᾗ
517 5535 552 5548 ,Α
767 5556 772 5572 „
1247 5470 1283 5526 27
