3502 6036
311 587 362 642 ‚52
769 579 944 638 vonnnnrs
969 580 1189 650 BUACHARDt
1305 605 1309 652 2
1456 581 1639 646 [narrarent
1735 563 1736 654 Ὗ

312 737 348 810 in
366 738 486 834 capsis
504 735 721 833 impicciatis
742 736 961 832 apportatis,
986 735 1156 808 associati
1179 759 1202 808 a
1225 733 1363 824 familia
1383 735 1484 808 Rmi.
1506 737 1550 808 D.
1570 757 1640 808 car·
1735 783 1736 796 ,

311 862 442 935 dinalis
472 887 500 934 s.
531 861 704 949 Severini,
731 867 766 935 et
789 860 1004 934 mandatum
1031 859 1208 934 tratribus
1231 860 1276 934 de
1296 860 1437 957 Populo
1464 860 1534 948 sub
1554 884 1638 956 pena
1735 899 1736 930 r

311 985 555 1060 inobedientia
572 983 817 1082 quodnemini
838 983 1004 1058 dicerent
1014 983 1191 1057 visionem
1212 982 1320 1058 banc.
1341 982 1591 1058 Nihilominus
1607 985 1636 1076 in

312 1132 416 1182 mane
445 1109 576 1182 scitum
603 1108 694 1182 duos
720 1109 753 1179 in
784 1107 921 1204 Populo
948 1107 1059 1181 tuisse
1091 1112 1235 1181 secrete
1265 1107 1429 1205 sepultos
1459 1129 1482 1179 a
1510 1107 1637 1182 familia

310 1234 403 1306 Rmi.
435 1237 477 1307 D.
510 1233 704 1307 cardinalis
737 1257 765 1306 s.
797 1233 959 1308 Severini
993 1233 1204 1323 associatos,
1231 1233 1296 1308 sod
1317 1232 1378 1330 qui
1405 1239 1546 1322 essent,
1572 1255 1635 1306 non

310 1357 458 1446 scitum;
479 1364 601 1432 tamen
617 1357 866 1432 asserentibus
885 1381 997 1431 unum
1014 1381 1058 1431 ex
1074 1358 1127 1432 eis
1144 1357 1256 1431 tuisse
1277 1357 1455 1432 comitem
1475 1356 1638 1430 Caiacen-

310 1483 562 1571 sem,tratrem
580 1506 795 1582 germanum
812 1483 905 1558 Rmi.
925 1486 968 1557 u.
987 1483 1227 1560 cardinalias.
1245 1483 1419 1558 Severini.
1470 1529 1474 1536 ·
1517 1505 1520 1512 ·
1735 1495 1736 1502 ’

360 1609 466 1681 Feria
494 1609 630 1704 quinta,
662 1608 817 1696 insero,
847 1615 888 1682 15
914 1609 999 1682 dicti
1033 1608 1168 1682 mensis
1188 1608 1283 1706 julii,
1311 1609 1482 1706 sepultus
1512 1606 1578 1682 fuit
1605 1609 1636 1681 in

309 1733 466 1808 ecclesia
480 1733 669 1830 hospitalis
691 1733 878 1807 Gallorum
900 1737 942 1806 D.
966 1734 1168 1807 Ludovicus
1182 1733 1421 1823 Alamannus,
1440 1740 1568 1808 orator
1582 1733 1636 1806 du·

309 1858 360 1931 cis
378 1857 571 1949 Sabaudie,
591 1859 720 1931 eadem
742 1857 799 1930 die
818 1857 1024 1947 defunctus,
1054 1865 1090 1933 et
1109 1859 1146 1931 in
1165 1882 1272 1932 mane
1289 1858 1459 1955 sequenti
1481 1862 1634 1954 portatus

309 1981 375 2056 tuit
393 1983 438 2055 de
464 1984 575 2056 domo
604 2005 671 2056 sua
691 1983 736 2056 ad
762 1982 955 2056 ecclesiam
982 1983 1187 2080 predictam
1211 1981 1388 2058 teretrum
1412 1987 1584 2080 paratum
1605 1987 1633 2054 et

310 2115 478 2182 ornatum
495 2109 582 2182 acsi
602 2108 650 2181 ibi
675 2112 769 2181 esset
793 2108 947 2182 cadaver
970 2108 1234 2206 sepeliendum,
1261 2108 1488 2182 associatum
1509 2106 1634 2181 alami-
1735 2133 1736 2200 3

308 2232 366 2305 liis
382 2232 539 2331 plurium
559 2233 799 2307 cardinalium
819 2237 855 2306 et
871 2233 950 2307 aliis
965 2233 1225 2308 cardinalibus.
1251 2238 1515 2308 precesserunt
1528 2232 1634 2306 intor-
1735 2227 1736 2302 3

310 2359 396 2432 ticia
424 2358 572 2457 triginta
597 2382 660 2433 sex
686 2359 816 2456 quibus
838 2383 1001 2457 appensa
1027 2366 1131 2434 erant
1153 2382 1257 2434 arma
1280 2360 1383 2434 ducis
1406 2358 1588 2434 Sabaudie
1604 2365 1633 2428 et
1735 2369 1736 2422 s

312 2481 487 2574 defuncti,
510 2507 615 2558 more
631 2484 780 2582 gallico;
807 2485 852 2557 de
879 2483 1029 2557 funestis
1054 2491 1087 2558 et
1114 2485 1194 2558 aliis
1214 2485 1351 2575 nescio,
1378 2485 1468 2580 quia
1485 2505 1553 2579 ego
1569 2505 1632 2554 non

312 2607 472 2698 interlui,
490 2610 554 2682 sed
573 2609 693 2683 socius
710 2633 826 2683 meus.

358 2733 557 2822 Dominica,
578 2737 622 2808 25
638 2733 731 2830 julii,
748 2735 839 2809 testo
856 2759 885 2807 s.
907 2734 1030 2808 Jacobi
1050 2736 1219 2831 apostoli,
1240 2740 1281 2809 R.
1304 2740 1343 2809 P.
1364 2735 1546 2810 Antonius
1561 2731 1633 2806 vla-

309 2882 381 2948 res,
400 2857 591 2954 episcopus
608 2859 753 2932 Castelli
769 2860 892 2950 Maris,
909 2883 1001 2932 unus
1017 2883 1061 2931 ex
1077 2863 1152 2934 DD.
1169 2860 1393 2934 auditoribus
1410 2867 1493 2935 rote
1508 2859 1633 2932 locum·

311 2989 451 3072 tenens,
473 2981 666 3055 celebravit
690 2983 838 3056 missam
859 2981 1061 3056 solemnem
1078 2982 1114 3056 in
1138 2983 1294 3058 ecclesia
1315 3009 1344 3058 s.
1371 2983 1500 3058 Jacobi
1520 2979 1631 3076 hospi-

310 3104 390 3178 talis
408 3105 663 3202 Hispanorum,
686 3107 743 3180 cui
761 3107 1001 3182 interfuerunt
1021 3093 1215 3183 duodecim
1238 3109 1456 3199 cardinales,
1481 3105 1633 3180 videlicet

310 3253 339 3302 s.
360 3227 545 3318 Prauedis,
566 3230 837 3326 Neapolitanus
858 3231 1136 3324 Alexandrinus,
1157 3257 1187 3307 s.
1208 3233 1344 3324 Crucis,
1367 3229 1628 3330 Agrigentinus,

310 3352 514 3451 Capuanus,
547 3355 777 3446 Arborensis,
809 3357 1108 3452 CaputaquensiS,
1135 3357 1363 3446 Mutinensis,
1393 3353 1578 3438 Senensis,
1604 3373 1627 3420 s.
1735 3421 1736 3424 ,

309 3475 468 3552 Severini
488 3485 524 3550 et
541 3478 684 3575 Bargia.
713 3479 793 3552 Fuit
810 3479 928 3576 prima
952 3481 1031 3576 ejus
1049 3479 1160 3553 missa
1181 3480 1217 3552 in
1242 3489 1373 3568 cantu;
1396 3475 1579 3575 quomodo
1598 3493 1631 3543 sc

309 3601 432 3678 habuit
453 3602 576 3676 nescio
595 3603 769 3700 quianon
789 3604 951 3696 interlui,
971 3606 1035 3677 sed
1051 3605 1170 3678 socius
1186 3607 1302 3679 maus.

357 3727 462 3800 Faria
484 3727 655 3818 secunda,
683 3731 728 3800 26
754 3727 839 3801 dicti
862 3729 998 3802 mensis
1017 3728 1111 3826 julii,
1140 3728 1205 3802 tuit
1227 3728 1409 3802 celebrata
1437 3729 1517 3804 dies
1539 3721 1630 3799 anni·

310 3851 455 3924 versarii
472 3851 586 3924 felicis
601 3852 864 3927 recordationis
883 3855 1080 3928 Innocentii
1095 3857 1191 3950 Papa
1211 3857 1301 3931 Vlll.
1320 3858 1362 3927 R.
1382 3857 1426 3928 D.
1444 3835 1629 3933 lohannes,

311 3973 607 4072 archiepiscopus
627 3975 830 4072 Ragusinus
857 3976 1051 4050 celebravit
1073 3977 1221 4050 missam
1238 3977 1421 4074 publicam
1446 3980 1484 4051 in
1506 3969 1631 4070 capella

310 4099 449 4196 maj0rc
470 4097 606 4196 palatii,
632 4101 730 4196 Papa
758 4099 921 4174 absente.
950 4101 1195 4176 Intertuerunt
1220 4103 1397 4176 tredecim
1425 4095 1626 4178 cardinales,

310 4221 477 4297 videlicet
493 4223 763 4320 Neapolitanus,
786 4225 1081 4324 Ulissiponensis,
1102 4252 1131 4299 s.
1158 4227 1341 4309 praxedis,
1362 4221 1626 4316 Alexandrinus.

311 4372 341 4420 s.
366 4347 503 4437 Crucis,
534 4348 803 4446 Agrigentinus,
829 4350 1057 4440 Arborensis,
1085 4351 1386 4448 Caputaqueusis,
1415 4340 1636 4424 Mutinensis,-

311 4471 496 4560 Senensis,
524 4495 553 4544 s.
580 4473 753 4562 Severini,
775 4474 967 4548 Cesarinus
991 4480 1028 4548 et
1053 4461 1410 4572 BorgiasCapunnus
1435 4498 1507 4548 non
1530 4470 1642 4544 inter:

310 4596 389 4685 luit,
410 4596 494 4693 quia
511 4603 702 4694 postquam
718 4597 797 4670 heri
815 4599 922 4673 rediit
945 4600 990 4674 de
1013 4623 1042 4672 s.
1060 4601 1209 4689 tacobo,
1230 4601 1359 4676 invasit
1377 4623 1459 4676 eum
1476 4592 1579 4673 febris
1594 4605 1629 4658 cx

311 4742 383 4814 qua
398 4721 470 4794 vita
486 4720 630 4795 functus
650 4729 716 4797 est.

359 4847 462 4920 Circa
484 4847 612 4920 horam
639 4849 802 4944 quintam
841 4849 957 4922 noctis
988 4849 1162 4946 preterita
1205 4854 1299 4947 Papa
1327 4849 1453 4922 habuit
1482 4861 1568 4920 nova
1592 4835 1629 4906 de

311 4973 435 5068 Capua
461 4979 567 5069 capta
592 4996 659 5070 per
688 4973 820 5046 ducem
849 4973 1108 5064 Valentinum
1139 4980 1176 5048 et
1207 4999 1273 5071 per
1306 4974 1447 5072 plures,
1480 4959 1628 5045 videlicet

312 5093 439 5167 decem
465 5096 521 5168 vel
548 5098 663 5188 circa,
693 5099 772 5172 dies
800 5103 884 5172 aute
912 5097 1097 5172 habuerat
1124 5122 1217 5172 nova
1244 5099 1289 5172 de
1314 5103 1462 5189 Aversa,
1491 5090 1574 5170 Nola
1590 5085 1627 5154 tl

312 5217 414 5314 quasi
443 5221 609 5293 omnibus
636 5221 717 5294 aliis
745 5223 836 5295 locis
866 5223 971 5296 bonis
1000 5247 1019 5294 a
1047 5222 1158 5296 Gallis
1187 5223 1390 5320 occupatis,
1421 5229 1455 5296 et
1482 5203 1625 5318 quadiu
