3520 6036
78 573 228 634 [recemum
243 574 316 637 aaut]
404 571 532 630 RERUM
556 571 784 632 URBANARUM
808 571 1072 633 COMMENTaffll.
1348 577 1396 634 311

120 730 231 816 Luna,
252 731 298 801 25
314 728 535 818 novembris,
565 727 696 802 testum
723 753 753 801 s.
781 728 991 817 Catharine,
1021 731 1104 826 post
1129 729 1335 825 prandium,
1365 730 1402 802 in

79 852 226 926 ecclesia
241 877 271 926 s.
293 853 492 944 Eustachii,
512 858 555 928 b.
574 855 795 927 Benedictus
807 856 923 929 Adam
942 854 1152 953 prepositus
1174 855 1404 928 Avenionen-

80 979 123 1051 sis
138 978 222 1052 lecit
241 978 424 1075 publicam
442 979 725 1076 disputationem
752 979 810 1054 cui
835 979 1084 1054 interfuerunt
1109 979 1215 1054 multi
1238 981 1407 1055 cardina-

78 1103 141 1193 les;
163 1105 281 1201 arguit
298 1105 411 1178 etiam
427 1106 569 1179 Grassis
588 1107 726 1203 optime
744 1111 780 1180 et
798 1106 1084 1203 disputationem
1102 1106 1279 1181 contudit.

120 1231 258 1319 llartis,
278 1235 338 1320 26,
357 1231 647 1306 anniversarium
667 1231 915 1306 coronationis
931 1235 1041 1330 Papa,
1067 1232 1264 1306 cardinalis
1285 1235 1405 1307 Rona-

78 1355 206 1429 niensis
224 1355 425 1429 calebravit
442 1356 591 1430 missam
610 1355 793 1453 publicam
811 1358 848 1430 in
867 1358 1009 1455 capella
1029 1357 1173 1456 majori,
1205 1361 1304 1455 Papa
1320 1383 1405 1455 pre-

78 1487 171 1554 sente
199 1505 207 1554 :
237 1489 432 1577 antequam
469 1489 696 1580 proponeret
726 1483 762 1556 in
792 1507 940 1556 camera
976 1482 1174 1580 Papagalli,
1209 1481 1405 1557 cardinalis

77 1607 332 1682 volaterranus
367 1607 456 1680 dixit
489 1607 589 1704 Papa
623 1607 872 1698 Fredericum,
908 1632 1035 1706 regem
1054 1607 1346 1705 Neapolitanum,
1368 1608 1404 1681 in

78 1731 224 1806 Francia
243 1731 339 1804 diem
358 1732 530 1806 clausisse
548 1737 755 1808 extremum
776 1740 819 1808 lu
834 1734 945 1832 hujus
963 1733 1009 1833 (l)
1030 1757 1040 1806 ε
1067 1733 1140 1807 alia
1165 1737 1249 1807 sunt
1276 1734 1404 1807 obser-

78 1865 149 1930 vata
165 1879 271 1930 more
289 1857 410 1931 solito.

117 1983 224 2072 lovis,
247 1987 291 2056 ta
310 1983 531 2073 novembris,
554 1982 762 2058 cardinales
782 1984 996 2081 inceperunt
1013 1982 1159 2058 visitare
1179 1981 1403 2056 cardinalem

78 2108 116 2180 de
132 2108 318 2206 aragonia
332 2113 484 2204 propter
500 2107 639 2181 obitum
658 2109 882 2204 predictum;
902 2109 965 2205 qui
980 2107 1179 2182 cardinalis
1194 2131 1216 2181 a
1229 2107 1327 2180 dicta
1344 2105 1404 2180 dia

78 2237 116 2304 26
132 2233 287 2306 recessit
306 2233 455 2306 domum
469 2256 583 2329 usque
601 2232 647 2308 ad
662 2234 760 2306 diem
766 2289 838 2307 .....

120 2357 324 2448 Dominica,
348 2364 360 2429 l
391 2358 612 2446 decembris,
642 2360 761 2455 prima
783 2359 968 2432 dominica
993 2360 1182 2448 adventus,
1206 2357 1271 2431 luit
1294 2357 1404 2430 missa

81 2483 222 2578 publica
237 2483 274 2556 in
291 2484 434 2580 capella
449 2484 592 2582 majori,
613 2508 721 2581 quam
739 2485 932 2558 celebravit
960 2483 1171 2582 patriarcba
1188 2481 1404 2555 Alexandri-

78 2631 150 2697 nus,
178 2611 278 2704 Papa
314 2613 511 2704 presente:
539 2609 668 2682 habuit
696 2614 837 2706 septem
865 2609 1076 2706 capellanos
1102 2606 1312 2696 servientes,
1341 2606 1403 2703 qui

79 2731 159 2805 dixit
177 2737 274 2830 Papa
291 2733 327 2806 id
345 2734 413 2807 sibi
429 2734 638 2807 indulsisse.
660 2733 878 2809 Sermonem
904 2735 991 2810 lecit
1016 2740 1236 2832 procurator
1264 2731 1404 2805 ordinis

79 2881 103 2928 s,
123 2858 320 2949 Dominici3
342 2847 530 2933 alia'more
550 2860 670 2934 solito.

121 2983 258 3072 Martie,
277 2981 533 3072 3decembris,
550 2984 586 3057 in
605 3005 754 3057 camera
769 2983 956 3081 Papagalli
976 2983 1118 3082 signata
1136 2983 1202 3056 fuit
1218 2983 1403 3080 supplica-

79 3107 123 3179 tio
139 3131 248 3204 super
266 3107 447 3182 abbatiam
464 3109 666 3200 Palensem,
687 3114 861 3206 tanquam
887 3133 955 3206 per
980 3110 1248 3184 devolutionem
1275 3133 1406 3182 vacan-

79 3237 143 3303 tem
161 3257 227 3329 pro
244 3233 430 3308 cardinale
449 3259 478 3307 s.
498 3235 594 3308 Petri
617 3234 663 3308 ad
679 3234 861 3310 Vincula:
890 3258 958 3332 ego
983 3233 1029 3307 ab
1056 3234 1127 3306 bac
1153 3234 1212 3308 dic
1236 3241 1405 3331 gravatus

79 3357 247 3454 podagra,
268 3383 342 3434 non
357 3359 441 3433 veni
457 3359 502 3432 ad
520 3360 693 3456 palatium
712 3383 827 3456 usque
846 3359 893 3432 ad
909 3359 1070 3432 diem...

120 3484 287 3574 Veneris,
309 3486 567 3575 ddecembris,
590 3490 633 3560 D.
662 3485 866 3560 Mercurius
888 3485 933 3557 de
961 3484 1108 3580 Vipera,
1129 3484 1173 3557 de
1199 3489 1404 3558 Benevento

78 3607 226 3691 auditor,
244 3609 440 3707 disputavit
455 3610 600 3708 publice
618 3612 652 3684 in
673 3611 829 3684 ecclesia
848 3613 1043 3682 conventus
1062 3633 1091 3681 s.
1111 3608 1326 3706 Augustini:
1348 3608 1404 3679 in·
1490 3661 1498 3674 .

81 3732 273 3807 terluerunt
290 3734 392 3830 quasi
411 3759 537 3810 omnes
549 3737 767 3827 cardinaleS,
784 3739 820 3810 ct
835 3733 971 3832 optime
990 3757 1028 3806 se
1040 3733 1180 3808 babuit.
1196 3731 1405 3807 Jacobatius

81 3863 112 3929 et
130 3859 292 3934 Andreas
307 3867 518 3958 arguerunt.

116 4103 139 4156 t.
159 4100 233 4158 C'est
247 4103 264 4158 9
279 4099 346 4174 qu'il
361 4100 419 4158 leut
437 4100 497 4160 lire.
521 4098 593 4175 Vov.
618 4100 689 4158 l'Art
706 4102 739 4158 dc
757 4103 865 4172 obiter
887 4102 925 4156 tcs
948 4101 1027 4158 dates
1049 4099 1141 4174 (1770)
1154 4117 1182 4173 p.
1201 4099 1264 4155 905.
1286 4098 1324 4154 Le
1335 4115 1406 4172 pape

80 4189 167 4248 e'cririt
179 4194 195 4246 a
209 4189 296 4247 Louis
311 4191 361 4246 Xll
383 4190 497 4265 pourle
516 4190 587 4264 prier
606 4190 639 4247 de
657 4190 786 4247 subvenir
804 4189 963 4263 dignement
983 4207 1035 4244 aux
1054 4187 1166 4246 besoins
1185 4188 1218 4244 de
1237 4187 1264 4244 le
1282 4206 1368 4244 veuve
1380 4193 1409 4246 et

80 4277 126 4332 des
149 4279 254 4337 calante
278 4279 315 4336 du
331 4279 369 4336 roi
397 4279 521 4335 Frederic
538 4296 545 4336 z
563 4301 577 4332 (ι
591 4279 659 4354 Regi
678 4279 817 4336 Franciae.
841 4279 952 4335 Praeter
974 4295 1050 4351 spem
1069 4275 1151 4334 nobis
1172 4282 1215 4333 est
1233 4275 1405 4347 nunciatum,

82 4365 162 4424 clarae
174 4369 319 4426 memoriae
334 4369 494 4426 Federicum
513 4369 547 4426 de
563 4367 702 4443 Aragonia
719 4387 812 4444 regem
834 4367 869 4425 ab
889 4369 941 4424 bac
960 4365 1020 4424 luce
1038 4368 1183 4441 migrasse,
1205 4366 1240 4422 ob
1260 4366 1333 4440 quod
1350 4383 1406 4422 non

81 4473 220 4528 possumus
237 4461 388 4516 secundum
404 4477 512 4518 carnem
525 4459 700 4528 commoveri;
720 4459 880 4516 amabamus
899 4457 971 4515 enim
992 4475 1054 4514 eum
1074 4462 1186 4530 paterne
1205 4461 1315 4529 propter
1328 4472 1406 4528 egre-

82 4545 138 4616 gias
157 4547 215 4620 ejus
237 4547 364 4619 virtutes,
387 4549 548 4623 praesertim
572 4565 633 4605 cum
662 4548 749 4606 nostri
773 4547 1031 4606 observantissimus
1055 4551 1142 4615 esset,
1167 4551 1194 4602 et
1217 4542 1405 4600 deditissimus

81 4633 309 4708 majestatisque,
326 4637 373 4711 qui
388 4644 474 4694 morte
489 4642 663 4712 praeventus,
679 4637 817 4712 aequiore,
832 4643 864 4694 ut
877 4636 1044 4711 accepimus,
1062 4633 1153 4690 animo
1174 4630 1293 4689 excessit
1310 4630 1406 4696 evita,

83 4725 149 4794 quod
165 4726 239 4784 uxori
253 4735 280 4784 et
295 4726 359 4784 liliis
375 4728 435 4800 ejus
449 4727 614 4802 praesidium
633 4726 785 4801 majestatis
797 4732 844 4784 tue
859 4727 893 4783 de
907 4743 962 4799 qua
976 4741 1085 4798 semper
1102 4724 1173 4780 bene
1188 4719 1285 4778 mereri
1300 4719 1407 4777 studuit

84 4813 294 4874 condoleturum
309 4816 484 4891 intelligebat
504 4835 510 4874 ι
528 4816 600 4874 soles
615 4817 686 4874 enim
706 4835 754 4891 pro
773 4815 906 4891 singulari
928 4813 1061 4889 sapientia
1079 4820 1127 4872 tua
1141 4819 1169 4870 et
1182 4807 1406 4884 magnanimitate

83 4898 121 4967 iis,
136 4903 179 4975 qui
194 4905 222 4961 in
237 4914 312 4963 tuam
328 4905 409 4962 iidem
426 4924 455 4963 se
468 4907 651 4980 conjecerunt,
662 4924 717 4964 non
732 4905 819 4964 solum
833 4903 999 4974 viventibus,
1010 4903 1059 4959 sed
1070 4899 1205 4958 defunctis
1220 4905 1327 4974 gratum
1337 4905 1364 4956 te
1379 4905 1407 4955 et

83 5005 216 5050 memorem
242 4995 381 5052 exhibere.
406 4996 500 5070 ltaque
519 4994 573 5052 etsi
596 5013 650 5052 non
672 4995 828 5053 dubitamus
850 4995 914 5068 quin
936 5001 985 5051 tua
1008 4997 1104 5066 sponte
1124 4989 1270 5062 conjugem
1286 4993 1313 5043 et
1331 4984 1405 5042 'filios

81 5083 221 5142 antedictos
250 5085 411 5144 liberalitate
429 5093 456 5142 et
478 5085 570 5142 lavore
593 5085 756 5162 opportunis
780 5090 976 5160 prosecuturus
996 5081 1045 5149 sis,
1066 5097 1101 5138 ex
1124 5077 1293 5136 abundantia
1314 5081 1406 5132 tamen

81 5167 206 5230 charitatis
222 5192 269 5232 eos
290 5181 355 5232 tuae
369 5173 505 5248 majestati
526 5173 655 5232 duximus
674 5175 918 5245 commendandos,
943 5178 996 5230 etc.
1019 5172 1082 5228 Dat.
1103 5171 1209 5228 Romae
1231 5167 1276 5225 die
1300 5165 1336 5223 lV
1356 5165 1404 5220 de-

82 5260 185 5320 eembris
199 5265 303 5333 ΜΒΝ,
320 5264 449 5340 pontific.
465 5261 634 5322 nostrianno
650 5265 685 5323 ll.
703 5285 718 5321 a
734 5261 855 5336 ainaldi,
870 5271 891 5323 t.
907 5261 994 5332 XXX,
1007 5279 1037 5336 p.
1057 5262 1119 5318 423.
