3502 6036
335 541 386 596 ror
789 536 965 617 touaums
989 495 1210 606 concauam,

384 692 489 765 Feria
514 696 626 780 sexta,
653 690 810 764 radiati
837 691 973 765 mensis
1001 691 1236 788 septembris,
1267 689 1377 764 allixa
1404 690 1473 764 luit
1501 691 1537 766 iu
1557 695 1650 766 valvis

335 817 489 892 ecclesie
519 841 547 889 s.
578 817 676 890 Petri
703 817 802 889 bulla
829 816 1090 890 consistorialis
1119 821 1287 890 emanata
1310 839 1378 912 per
1400 839 1529 898 ornnes
1548 818 1651 892 cardi·
1733 803 1734 854 t

334 943 434 1015 noles
447 947 532 1014 tunc
550 947 751 1038 presentes,
773 941 977 1038 subscripta
990 946 1117 1014 centra
1135 941 1411 1016 Columnenses.
1431 939 1571 1013 Bullam
1590 967 1650 1016 non

333 1067 402 1165 legi
423 1092 490 1140 nec
508 1067 608 1164 potui
629 1067 763 1140 habere
789 1067 867 1164 ejus
896 1066 1052 1162 copiam,
1083 1073 1280 1162 propterea
1304 1067 1427 1140 nescio
1452 1067 1531 1164 ejus
1553 1071 1651 1141 conti·

331 1193 491 1266 nentiam
525 1191 678 1266 reterre.
711 1195 794 1266 Post
826 1191 1018 1287 prandium
1040 1191 1106 1264 luit
1131 1191 1397 1287 proclamatum
1422 1215 1490 1288 per
1516 1192 1647 1282 Urbem,

330 1317 427 1413 quod
446 1317 566 1389 nullus
584 1317 736 1391 auderet
757 1323 880 1388 tenere
897 1315 933 1388 in
953 1317 1061 1388 domo
1082 1339 1160 1402 sua,
1188 1316 1296 1388 etiam
1322 1319 1479 1406 secrete,
1506 1315 1649 1413 aliquem

236 1525 242 1537 ,
330 1442 623 1531 Columnensem,
642 1440 708 1514 sub
729 1465 823 1538 pena
854 1441 942 1530 vite;
968 1445 1004 1514 et
1031 1441 1092 1537 qui
1120 1439 1299 1514 haberent
1323 1441 1498 1514 debonis
1525 1441 1594 1514 suis
1620 1443 1647 1513 in

328 1568 534 1664 depositum
551 1567 604 1640 vel
616 1566 819 1640 custodiam
839 1566 1017 1640 deberent
1036 1589 1080 1638 ea
1091 1566 1251 1640 revelare
1268 1565 1334 1640 sub
1346 1589 1442 1663 pena
1457 1565 1647 1640 amissionis

328 1691 490 1765 omnium
519 1692 699 1766 benorum
724 1691 967 1788 propriorum,
996 1697 1032 1764 et
1058 1691 1163 1788 plura
1185 1690 1257 1764 alia
1277 1689 1494 1787 dispertioni
1516 1689 1647 1763 Colun-

325 1817 494 1892 nensium
512 1815 766 1891 deservientia.

373 1941 545 2033 Sabbato,
571 1945 616 2016 25
642 1941 727 2015 dicti
756 1941 892 2014 mensis
918 1941 1149 2038 septembris,
1175 1942 1329 2015 recessit
1354 1941 1390 2016 in
1419 1965 1530 2014 mane
1560 1945 1643 2038 Papa

323 2066 441 2140 iturus
460 2071 611 2164 Nepam,
625 2066 815 2140 Civitatem
836 2066 1078 2140 Castellanam
1094 2070 1131 2139 et
1150 2066 1221 2139 alia
1232 2065 1315 2140 loca
1331 2065 1600 2156 circumvicina,
1616 2071 1644 2136 et

321 2216 404 2266 cum
427 2217 471 2266 eo
488 2193 559 2266 dux
577 2192 805 2281 Valentinus,
828 2198 865 2266 et
889 2191 1099 2265 cardinales
1120 2192 1357 2282 arborensis,
1380 2191 1595 2267 Cusentinus
1615 2196 1644 2262 et

321 2317 456 2414 Borgia
480 2340 562 2391 cum
585 2317 731 2391 modica
751 2316 900 2390 familia.
922 2319 965 2390 D.
994 2317 1167 2390 Lucretia
1185 2317 1320 2391 mansit
1336 2316 1373 2389 in
1393 2337 1544 2389 camera
1560 2319 1642 2410 Pape

319 2467 387 2540 pro
405 2442 501 2515 illius
520 2443 700 2532 custodia,
725 2465 808 2516 cum
835 2441 1109 2531 commissione,
1136 2445 1246 2540 prout
1267 2442 1305 2514 in
1333 2441 1404 2516 alio
1428 2465 1589 2528 recessu,
1613 2443 1642 2511 et

319 2567 428 2639 rediit
446 2567 490 2640 ad
508 2567 644 2640 Urbem
663 2566 831 2656 sabbate,
850 2571 894 2639 23
915 2565 1090 2640 octobris.

365 2691 470 2766 Feria
489 2696 630 2788 quarta,
656 2695 676 2764 6
697 2691 832 2764 mensis
853 2691 1026 2781 octobris,
1051 2691 1117 2765 luit
1138 2691 1396 2766 consistorium
1413 2699 1593 2765 secretum
1607 2688 1636 2759 in

316 2841 387 2914 quo
404 2821 446 2890 D.
463 2817 646 2890 Mattheus
664 2820 776 2913 Lang,
800 2817 1017 2890 secretarius
1039 2816 1265 2890 serenissimi
1283 2817 1382 2915 regis
1401 2821 1634 2891 Romanorum

315 2941 573 3040 pronuntiatus
587 2940 653 3014 luit
667 2942 857 3038 coadjutor
873 2941 967 3014 ami.
986 2943 1028 3014 D.
1048 2939 1244 3014 cardinalis
1261 2941 1462 3015 Gureensis
1484 2943 1521 3013 in
1537 2937 1635 3012 eecle-

315 3065 370 3140 sia
384 3070 582 3155 Gureense,
605 3089 687 3139 cum
714 3067 959 3157 successione,
982 3067 1027 3140 ad
1053 3065 1368 3163 presentationem
1387 3067 1489 3164 regis
1507 3070 1543 3138 et
1560 3087 1633 3158 sup·

314 3192 546 3289 plicationem
571 3191 844 3288 predictorum;
872 3197 907 3264 et
933 3195 975 3265 D.
998 3195 1159 3267 Ventura
1185 3192 1358 3264 Denassai
1388 3189 1633 3289 pronuntiatus

313 3322 368 3391 est
395 3317 588 3415 episcopus
605 3319 791 3389 Massanus
815 3339 879 3414 pro
898 3309 1039 3415 septem
1066 3315 1162 3390 mille
1190 3315 1409 3390 ducatorum
1433 3337 1527 3413 quos
1548 3317 1632 3408 Pape

312 3443 549 3538 persolverat,
571 3441 600 3513 si
613 3440 702 3513 milri
717 3465 803 3514 vera
822 3441 925 3514 luere
943 3441 1072 3514 relata.

361 3567 563 3656 Dominica,
588 3571 631 3640 10
651 3566 786 3638 mensis
805 3565 980 3656 octobris,
1003 3570 1098 3664 Pape
1122 3565 1158 3638 ia
1178 3589 1285 3640 mane
1304 3566 1403 3639 circa
1422 3565 1552 3640 horam
1569 3569 1629 3636 tre·

311 3693 491 3768 decimam
515 3692 669 3764 recessit
695 3691 741 3764 ab
771 3692 877 3780 Urbe,
908 3691 1025 3764 iturus
1053 3693 1098 3765 ad
1117 3697 1237 3765 terras
1265 3691 1573 3772 Columnensium,
1600 3689 1629 3756 et

310 3842 393 3892 cum
412 3841 456 3890 eo
472 3817 542 3888 dux
561 3821 597 3888 et
610 3820 683 3888 tres
701 3815 921 3903 cardinales,
938 3815 1106 3890 videlicet
1127 3816 1359 3906 Arborensis,
1374 3815 1587 3890 Cusentinus
1599 3815 1627 3882 el

312 3940 458 4038 Borgia.
478 3940 633 4014 Domina
648 3940 819 4014 Lucretia
838 3939 1014 4015 remansit
1032 3941 1070 4013 in
1085 3941 1221 4038 palatio
1240 3947 1275 4015 et
1292 3963 1440 4015 camera
1458 3945 1552 4036 Pape
1569 3959 1626 4034 pro

311 4066 478 4140 custodia
493 4087 576 4139 cum
594 4065 864 4156 commissione,
885 4073 990 4163 prout
1009 4065 1197 4164 prioribus
1208 4066 1349 4140 duabus
1360 4063 1515 4151 vicibus;
1532 4058 1625 4135 rediit

310 4193 354 4266 ad
372 4191 517 4282 Urbem,
536 4189 720 4264 dominica
738 4195 780 4264 ll
799 4190 962 4288 ejusdem
980 4189 1130 4280 mensis,
1165 4190 1263 4265 circa
1278 4189 1410 4264 horam
1440 4185 1625 4263 secundam

309 4411 423 4470 randum
444 4414 495 4467 eat.
512 4407 635 4484 Cumque
649 4405 730 4466 etiam
749 4407 904 4485 respublica
920 4407 981 4484 ipsa
995 4410 1062 4470 satis
1078 4409 1231 4470 detrimenti
1247 4429 1339 4487 passa,
1355 4409 1439 4470 variis
1454 4405 1551 4487 praellis
1570 4421 1623 4480 per·

309 4499 515 4568 turbationisre,
539 4505 595 4556 tam
616 4498 790 4556 terrestribus
812 4518 893 4574 quam
917 4497 1070 4572 maritimis,
1089 4508 1189 4560 vexata
1212 4502 1290 4571 leret,
1313 4509 1405 4576 atque,
1425 4509 1505 4575 rupto
1524 4497 1622 4558 taedere,

214 4603 216 4608 ·
309 4595 453 4648 vexaretur
470 4587 648 4644 aTurearura
667 4587 741 4646 rabie
764 4596 846 4662 atque
865 4590 996 4664 potentia,
1012 4590 1051 4648 ita
1067 4599 1097 4649 ut
1111 4591 1210 4649 multas
1225 4591 1252 4648 in
1269 4588 1459 4666 Peloponneso
1474 4589 1522 4647 sibi
1537 4601 1621 4643 neees-

308 4681 394 4738 sarias
413 4677 535 4735 amiserit
549 4677 673 4734 civitates
697 4684 725 4735 et
746 4678 825 4735 locha
839 4679 995 4754 pariterque
1017 4681 1201 4754 Dyraehium;
1217 4679 1269 4738 etsi
1293 4679 1386 4751 etiam,
1405 4681 1464 4753 ipso
1484 4679 1621 4752 imperante

307 4787 426 4828 venereae
450 4765 546 4824 insulae
571 4765 746 4824 famosissimi
771 4767 850 4842 regni
873 4769 954 4843 Cypri
979 4767 1210 4847 plurimorumque
1234 4769 1355 4827 locorum
1377 4767 1620 4844 dignissimarumve

306 4858 413 4916 urbium
432 4857 458 4912 in
480 4857 557 4914 ltalia
576 4857 664 4930 ample
683 4856 934 4932 permagnificeque
959 4858 1018 4932 ipsa
1041 4859 1100 4932 ejus
1122 4859 1228 4916 auxerit
1240 4858 1391 4933 imperium.
1409 4857 1514 4915 Placuit
1538 4861 1619 4911 tumul

304 4947 367 5020 ipsi,
382 4963 485 5020 paucos
500 4954 564 5002 ante
594 4945 637 5002 sui
656 4945 764 5002 obitura
777 4945 847 5014 dieo,
870 4947 977 5003 animos
992 4947 1112 5003 omnium
1128 4954 1195 5021 puto
1218 4947 1411 5005 reconciliandi
1426 4945 1522 5022 gratia,
1545 4943 1617 4997 duca·

303 5042 361 5092 tum
376 5035 465 5109 ipsum
484 5036 653 5106 renuatiareq
670 5053 731 5110 qua
754 5034 865 5109 quidem
886 5054 903 5091 a
924 5035 1048 5108 patribus
1068 5055 1123 5093 non
1146 5036 1268 5095 admissa
1282 5045 1335 5095 est.
1352 5034 1426 5095 Obiit
1449 5041 1537 5092 autem
1563 5031 1616 5102 ipse

303 5143 359 5180 suae
387 5125 474 5180 ¹aetatis
498 5143 569 5181 anno
591 5143 674 5199 supra
696 5125 867 5198 octuaginta,
893 5125 1028 5198 undecim,
1051 5127 1200 5184 subtractis
1228 5127 1371 5186 mensibus
1396 5125 1613 5196 diebusque...»

302 5214 418 5284 Sanuto,
434 5213 486 5270 col.
501 5216 591 5270 tta-3.
