<?xml version="1.0" encoding="UTF-8"?>
<!DOCTYPE html PUBLIC "-//W3C//DTD XHTML 1.0 Transitional//EN"
    "http://www.w3.org/TR/xhtml1/DTD/xhtml1-transitional.dtd">
<html xmlns="http://www.w3.org/1999/xhtml" xml:lang="en" lang="en">
 <head>
  <title>
</title>
<meta http-equiv="Content-Type" content="text/html;charset=utf-8" />
  <meta name='ocr-system' content='tesseract 3.04.00' />
  <meta name='ocr-capabilities' content='ocr_page ocr_carea ocr_par ocr_line ocrx_word'/>
</head>
<body>
  <div class='ocr_page' id='page_1' title='image "./johannisburchar03burcgoog/johannisburchar03burcgoog_0300.png"; bbox 0 0 3506 6034; ppageno 0'>
   <div class='ocr_carea' id='block_1_1' title="bbox 336 493 1663 568">
    <p class='ocr_par' dir='ltr' id='par_1_1' title="bbox 336 493 1663 568">
     <span class='ocr_line' id='line_1_1' title="bbox 336 493 1663 568; baseline -0.004 -12"><span class='ocrx_word' id='word_1_1' title='bbox 336 501 391 556; x_wconf 88' lang='grc'>222</span> <span class='ocrx_word' id='word_1_2' title='bbox 796 495 970 556; x_wconf 80' lang='lat' dir='ltr'>lOllAllNlS</span> <span class='ocrx_word' id='word_1_3' title='bbox 993 493 1214 568; x_wconf 74' lang='lat' dir='ltr'>abacelam,</span> <span class='ocrx_word' id='word_1_4' title='bbox 1423 499 1583 562; x_wconf 73' lang='lat' dir='ltr'>[novemus</span> <span class='ocrx_word' id='word_1_5' title='bbox 1596 502 1663 564; x_wconf 70' lang='lat' dir='ltr'>taos}</span> 
     </span>
    </p>
   </div>
   <div class='ocr_carea' id='block_1_2' title="bbox 336 647 1668 2374">
    <p class='ocr_par' dir='ltr' id='par_1_2' title="bbox 338 647 1662 1100">
     <span class='ocr_line' id='line_1_2' title="bbox 338 647 1661 748; baseline 0.002 -24"><span class='ocrx_word' id='word_1_6' title='bbox 338 650 468 724; x_wconf 82' lang='lat' dir='ltr'>dinalis</span> <span class='ocrx_word' id='word_1_7' title='bbox 491 647 766 740; x_wconf 82' lang='lat' dir='ltr'>Alexandrinus,</span> <span class='ocrx_word' id='word_1_8' title='bbox 788 651 886 748; x_wconf 85' lang='lat' dir='ltr'>Pep&#39;a</span> <span class='ocrx_word' id='word_1_9' title='bbox 903 649 1013 724; x_wconf 87' lang='lat' dir='ltr'>etiem</span> <span class='ocrx_word' id='word_1_10' title='bbox 1032 655 1214 747; x_wconf 86' lang='lat' dir='ltr'>presente,</span> <span class='ocrx_word' id='word_1_11' title='bbox 1247 657 1284 723; x_wconf 91' lang='lat' dir='ltr'>et</span> <span class='ocrx_word' id='word_1_12' title='bbox 1302 671 1375 724; x_wconf 93' lang='lat' dir='ltr'>non</span> <span class='ocrx_word' id='word_1_13' title='bbox 1393 649 1462 724; x_wconf 89' lang='lat' dir='ltr'>luit</span> <span class='ocrx_word' id='word_1_14' title='bbox 1479 673 1606 728; x_wconf 90' lang='lat' dir='ltr'>sermo.</span> <span class='ocrx_word' id='word_1_15' title='bbox 1625 655 1661 726; x_wconf 94' lang='lat' dir='ltr'>ln</span> 
     </span>
     <span class='ocr_line' id='line_1_3' title="bbox 338 773 1659 874; baseline 0.002 -25"><span class='ocrx_word' id='word_1_16' title='bbox 338 778 432 866; x_wconf 81' lang='lat' dir='ltr'>s&#39;ero,</span> <span class='ocrx_word' id='word_1_17' title='bbox 451 775 595 850; x_wconf 86' lang='lat' dir='ltr'>luerunt</span> <span class='ocrx_word' id='word_1_18' title='bbox 610 799 761 873; x_wconf 82' lang='lat' dir='ltr'>vespere</span> <span class='ocrx_word' id='word_1_19' title='bbox 775 773 870 849; x_wconf 90' lang='lat' dir='ltr'>dicte</span> <span class='ocrx_word' id='word_1_20' title='bbox 886 777 923 848; x_wconf 89' lang='lat' dir='ltr'>et</span> <span class='ocrx_word' id='word_1_21' title='bbox 937 773 1055 872; x_wconf 84' lang='lat' dir='ltr'>vigilie</span> <span class='ocrx_word' id='word_1_22' title='bbox 1070 779 1299 850; x_wconf 85' lang='lat' dir='ltr'>mortuorum</span> <span class='ocrx_word' id='word_1_23' title='bbox 1315 775 1353 848; x_wconf 90' lang='lat' dir='ltr'>in</span> <span class='ocrx_word' id='word_1_24' title='bbox 1368 776 1501 850; x_wconf 87' lang='lat' dir='ltr'>eadem</span> <span class='ocrx_word' id='word_1_25' title='bbox 1516 777 1659 874; x_wconf 81' lang='lat' dir='ltr'>capella,</span> 
     </span>
     <span class='ocr_line' id='line_1_4' title="bbox 338 899 1662 998; baseline 0.001 -24"><span class='ocrx_word' id='word_1_26' title='bbox 338 899 467 997; x_wconf 89' lang='lat' dir='ltr'>quibus</span> <span class='ocrx_word' id='word_1_27' title='bbox 496 903 593 998; x_wconf 89' lang='lat' dir='ltr'>Papa</span> <span class='ocrx_word' id='word_1_28' title='bbox 623 899 787 975; x_wconf 78' lang='lat' dir='ltr'>interfuit</span> <span class='ocrx_word' id='word_1_29' title='bbox 818 899 856 972; x_wconf 94' lang='lat' dir='ltr'>in</span> <span class='ocrx_word' id='word_1_30' title='bbox 883 921 998 997; x_wconf 89' lang='lat' dir='ltr'>cappa</span> <span class='ocrx_word' id='word_1_31' title='bbox 1024 899 1069 974; x_wconf 91' lang='lat' dir='ltr'>de</span> <span class='ocrx_word' id='word_1_32' title='bbox 1099 902 1270 992; x_wconf 87' lang='lat' dir='ltr'>scarleto,</span> <span class='ocrx_word' id='word_1_33' title='bbox 1300 923 1405 974; x_wconf 85' lang='lat' dir='ltr'>more</span> <span class='ocrx_word' id='word_1_34' title='bbox 1425 905 1610 991; x_wconf 90' lang='lat' dir='ltr'>consueto,</span> <span class='ocrx_word' id='word_1_35' title='bbox 1630 909 1662 975; x_wconf 88' lang='lat' dir='ltr'>et</span> 
     </span>
     <span class='ocr_line' id='line_1_5' title="bbox 340 1023 914 1100; baseline 0 -2"><span class='ocrx_word' id='word_1_36' title='bbox 340 1025 465 1099; x_wconf 90' lang='lat' dir='ltr'>omnia</span> <span class='ocrx_word' id='word_1_37' title='bbox 479 1031 561 1099; x_wconf 88' lang='lat' dir='ltr'>acte</span> <span class='ocrx_word' id='word_1_38' title='bbox 578 1029 662 1100; x_wconf 90' lang='lat' dir='ltr'>sunt</span> <span class='ocrx_word' id='word_1_39' title='bbox 678 1044 778 1098; x_wconf 91' lang='lat' dir='ltr'>more</span> <span class='ocrx_word' id='word_1_40' title='bbox 792 1023 914 1098; x_wconf 86' lang='lat' dir='ltr'>solito.</span> 
     </span>
    </p>

    <p class='ocr_par' dir='ltr' id='par_1_3' title="bbox 337 1147 1665 1601">
     <span class='ocr_line' id='line_1_6' title="bbox 385 1147 1663 1246; baseline 0.001 -24"><span class='ocrx_word' id='word_1_41' title='bbox 385 1149 490 1224; x_wconf 84' lang='lat' dir='ltr'>Faria</span> <span class='ocrx_word' id='word_1_42' title='bbox 505 1155 645 1246; x_wconf 87' lang='lat' dir='ltr'>quarte,</span> <span class='ocrx_word' id='word_1_43' title='bbox 661 1153 682 1222; x_wconf 80' lang='lat'>2</span> <span class='ocrx_word' id='word_1_44' title='bbox 696 1147 780 1222; x_wconf 91' lang='lat' dir='ltr'>dicti</span> <span class='ocrx_word' id='word_1_45' title='bbox 798 1148 934 1223; x_wconf 82' lang='lat' dir='ltr'>mensis</span> <span class='ocrx_word' id='word_1_46' title='bbox 948 1148 1172 1238; x_wconf 80' lang='lat' dir='ltr'><strong>novembris,</strong></span> <span class='ocrx_word' id='word_1_47' title='bbox 1190 1147 1491 1224; x_wconf 80' lang='lat' dir='ltr'>commemoratio</span> <span class='ocrx_word' id='word_1_48' title='bbox 1508 1149 1663 1224; x_wconf 92' lang='lat' dir='ltr'>omnium</span> 
     </span>
     <span class='ocr_line' id='line_1_7' title="bbox 339 1272 1665 1349; baseline 0.001 -1"><span class='ocrx_word' id='word_1_49' title='bbox 339 1273 500 1349; x_wconf 86' lang='lat' dir='ltr'>fidelium</span> <span class='ocrx_word' id='word_1_50' title='bbox 523 1273 778 1348; x_wconf 86' lang='lat' dir='ltr'>defunctorum</span> <span class='ocrx_word' id='word_1_51' title='bbox 797 1297 804 1346; x_wconf 91' lang='lat'>:</span> <span class='ocrx_word' id='word_1_52' title='bbox 823 1277 947 1347; x_wconf 73' lang='lat' dir='ltr'>limus.</span> <span class='ocrx_word' id='word_1_53' title='bbox 970 1277 1012 1346; x_wconf 89' lang='lat' dir='ltr'>D.</span> <span class='ocrx_word' id='word_1_54' title='bbox 1040 1272 1235 1347; x_wconf 90' lang='lat' dir='ltr'>cardinalis</span> <span class='ocrx_word' id='word_1_55' title='bbox 1255 1272 1448 1347; x_wconf 77' lang='lat' dir='ltr'>(trimanus</span> <span class='ocrx_word' id='word_1_56' title='bbox 1474 1273 1665 1349; x_wconf 81' lang='lat' dir='ltr'>celebravit</span> 
     </span>
     <span class='ocr_line' id='line_1_8' title="bbox 339 1397 1665 1498; baseline 0.001 -23"><span class='ocrx_word' id='word_1_57' title='bbox 339 1399 486 1475; x_wconf 88' lang='lat' dir='ltr'>missam</span> <span class='ocrx_word' id='word_1_58' title='bbox 504 1399 687 1498; x_wconf 90' lang='lat' dir='ltr'>publicam</span> <span class='ocrx_word' id='word_1_59' title='bbox 705 1399 742 1472; x_wconf 93' lang='lat' dir='ltr'>iu</span> <span class='ocrx_word' id='word_1_60' title='bbox 760 1399 902 1497; x_wconf 88' lang='lat' dir='ltr'>capelle</span> <span class='ocrx_word' id='word_1_61' title='bbox 916 1397 1136 1496; x_wconf 79' lang='lat' dir='ltr'>supradicio,</span> <span class='ocrx_word' id='word_1_62' title='bbox 1161 1401 1260 1496; x_wconf 88' lang='lat' dir='ltr'>Papa</span> <span class='ocrx_word' id='word_1_63' title='bbox 1273 1403 1464 1495; x_wconf 89' lang='lat' dir='ltr'>presente;</span> <span class='ocrx_word' id='word_1_64' title='bbox 1484 1399 1555 1474; x_wconf 89' lang='lat' dir='ltr'>alie</span> <span class='ocrx_word' id='word_1_65' title='bbox 1569 1423 1665 1476; x_wconf 91' lang='lat' dir='ltr'>more</span> 
     </span>
     <span class='ocr_line' id='line_1_9' title="bbox 337 1525 456 1601; baseline -0.008 -1"><span class='ocrx_word' id='word_1_66' title='bbox 337 1525 456 1601; x_wconf 90' lang='lat' dir='ltr'>solito.</span> 
     </span>
    </p>

    <p class='ocr_par' dir='ltr' id='par_1_4' title="bbox 336 1646 1667 2228">
     <span class='ocr_line' id='line_1_10' title="bbox 385 1646 1665 1746; baseline -0.003 -22"><span class='ocrx_word' id='word_1_67' title='bbox 385 1649 519 1724; x_wconf 84' lang='lat' dir='ltr'>Diebus</span> <span class='ocrx_word' id='word_1_68' title='bbox 544 1647 740 1746; x_wconf 71' lang='lat' dir='ltr'>preteritis</span> <span class='ocrx_word' id='word_1_69' title='bbox 760 1646 851 1722; x_wconf 90' lang='lat' dir='ltr'>obiit</span> <span class='ocrx_word' id='word_1_70' title='bbox 873 1651 914 1722; x_wconf 84' lang='lat' dir='ltr'>D.</span> <span class='ocrx_word' id='word_1_71' title='bbox 932 1647 1110 1724; x_wconf 87' lang='lat' dir='ltr'>Martinus</span> <span class='ocrx_word' id='word_1_72' title='bbox 1132 1651 1309 1740; x_wconf 77' lang='lat' dir='ltr'>Suadere,</span> <span class='ocrx_word' id='word_1_73' title='bbox 1329 1647 1527 1724; x_wconf 89' lang='lat' dir='ltr'>canonicus</span> <span class='ocrx_word' id='word_1_74' title='bbox 1543 1651 1665 1723; x_wconf 83' lang='lat' dir='ltr'>Cesar-</span> 
     </span>
     <span class='ocr_line' id='line_1_11' title="bbox 338 1773 1666 1875; baseline -0.004 -24"><span class='ocrx_word' id='word_1_75' title='bbox 338 1781 577 1875; x_wconf 77' lang='lat' dir='ltr'>eugustanuS,</span> <span class='ocrx_word' id='word_1_76' title='bbox 601 1773 777 1848; x_wconf 89' lang='lat' dir='ltr'>diaconus</span> <span class='ocrx_word' id='word_1_77' title='bbox 802 1773 940 1871; x_wconf 89' lang='lat' dir='ltr'>capelle</span> <span class='ocrx_word' id='word_1_78' title='bbox 960 1781 1097 1865; x_wconf 89' lang='lat' dir='ltr'>nostre,</span> <span class='ocrx_word' id='word_1_79' title='bbox 1120 1779 1158 1849; x_wconf 88' lang='lat' dir='ltr'>et</span> <span class='ocrx_word' id='word_1_80' title='bbox 1177 1775 1215 1848; x_wconf 92' lang='lat' dir='ltr'>in</span> <span class='ocrx_word' id='word_1_81' title='bbox 1236 1777 1313 1874; x_wconf 87' lang='lat' dir='ltr'>ejus</span> <span class='ocrx_word' id='word_1_82' title='bbox 1340 1775 1477 1865; x_wconf 88' lang='lat' dir='ltr'>locum,</span> <span class='ocrx_word' id='word_1_83' title='bbox 1500 1775 1546 1848; x_wconf 91' lang='lat' dir='ltr'>de</span> <span class='ocrx_word' id='word_1_84' title='bbox 1567 1795 1666 1847; x_wconf 92' lang='lat' dir='ltr'>men-</span> 
     </span>
     <span class='ocr_line' id='line_1_12' title="bbox 338 1899 1667 2001; baseline -0.003 -25"><span class='ocrx_word' id='word_1_85' title='bbox 338 1901 421 1978; x_wconf 87' lang='lat' dir='ltr'>dato</span> <span class='ocrx_word' id='word_1_86' title='bbox 442 1905 551 1999; x_wconf 88' lang='lat' dir='ltr'>Pepe,</span> <span class='ocrx_word' id='word_1_87' title='bbox 577 1899 646 1973; x_wconf 88' lang='lat' dir='ltr'>luit</span> <span class='ocrx_word' id='word_1_88' title='bbox 661 1905 828 1996; x_wconf 88' lang='lat' dir='ltr'>receptus</span> <span class='ocrx_word' id='word_1_89' title='bbox 844 1902 887 1988; x_wconf 87' lang='lat' dir='ltr'>U,</span> <span class='ocrx_word' id='word_1_90' title='bbox 907 1899 1085 1975; x_wconf 79' lang='lat' dir='ltr'>Antonius</span> <span class='ocrx_word' id='word_1_91' title='bbox 1101 1901 1146 1975; x_wconf 90' lang='lat' dir='ltr'>de</span> <span class='ocrx_word' id='word_1_92' title='bbox 1159 1899 1301 1993; x_wconf 90' lang='lat' dir='ltr'>viotiis,</span> <span class='ocrx_word' id='word_1_93' title='bbox 1320 1903 1515 2001; x_wconf 80' lang='lat' dir='ltr'>presbyter</span> <span class='ocrx_word' id='word_1_94' title='bbox 1530 1900 1667 1974; x_wconf 86' lang='lat' dir='ltr'>Taren-</span> 
     </span>
     <span class='ocr_line' id='line_1_13' title="bbox 339 2023 1667 2124; baseline -0.004 -22"><span class='ocrx_word' id='word_1_95' title='bbox 339 2025 503 2118; x_wconf 86' lang='lat' dir='ltr'>tinensis,</span> <span class='ocrx_word' id='word_1_96' title='bbox 530 2023 603 2122; x_wconf 91' lang='lat' dir='ltr'>qui,</span> <span class='ocrx_word' id='word_1_97' title='bbox 629 2023 758 2098; x_wconf 87' lang='lat' dir='ltr'>diebus</span> <span class='ocrx_word' id='word_1_98' title='bbox 782 2023 979 2120; x_wconf 86' lang='lat' dir='ltr'>preteritis,</span> <span class='ocrx_word' id='word_1_99' title='bbox 1002 2023 1141 2124; x_wconf 78' lang='lat' dir='ltr'>incepit</span> <span class='ocrx_word' id='word_1_100' title='bbox 1165 2026 1202 2100; x_wconf 95' lang='lat' dir='ltr'>in</span> <span class='ocrx_word' id='word_1_101' title='bbox 1225 2025 1433 2124; x_wconf 88' lang='lat' dir='ltr'>hujusmodi</span> <span class='ocrx_word' id='word_1_102' title='bbox 1463 2025 1587 2100; x_wconf 81' lang='lat' dir='ltr'>officio</span> <span class='ocrx_word' id='word_1_103' title='bbox 1610 2025 1667 2097; x_wconf 83' lang='lat' dir='ltr'>de</span> 
     </span>
     <span class='ocr_line' id='line_1_14' title="bbox 336 2151 485 2228; baseline -0.027 0"><span class='ocrx_word' id='word_1_104' title='bbox 336 2151 485 2228; x_wconf 85' lang='lat' dir='ltr'>sarrire.</span> 
     </span>
    </p>

    <p class='ocr_par' dir='ltr' id='par_1_5' title="bbox 384 2273 1668 2374">
     <span class='ocr_line' id='line_1_15' title="bbox 384 2273 1668 2374; baseline -0.002 -21"><span class='ocrx_word' id='word_1_105' title='bbox 384 2273 635 2374; x_wconf 80' lang='lat' dir='ltr'>Superioribus</span> <span class='ocrx_word' id='word_1_106' title='bbox 658 2273 799 2365; x_wconf 89' lang='lat' dir='ltr'>diebus,</span> <span class='ocrx_word' id='word_1_107' title='bbox 831 2273 979 2349; x_wconf 84' lang='lat' dir='ltr'>Carolus</span> <span class='ocrx_word' id='word_1_108' title='bbox 1002 2281 1039 2349; x_wconf 92' lang='lat' dir='ltr'>et</span> <span class='ocrx_word' id='word_1_109' title='bbox 1063 2273 1196 2349; x_wconf 90' lang='lat' dir='ltr'>Paulus</span> <span class='ocrx_word' id='word_1_110' title='bbox 1220 2281 1256 2348; x_wconf 91' lang='lat' dir='ltr'>et</span> <span class='ocrx_word' id='word_1_111' title='bbox 1273 2275 1384 2350; x_wconf 92' lang='lat' dir='ltr'>ceteri</span> <span class='ocrx_word' id='word_1_112' title='bbox 1404 2301 1531 2352; x_wconf 87' lang='lat' dir='ltr'>omnes</span> <span class='ocrx_word' id='word_1_113' title='bbox 1550 2277 1668 2352; x_wconf 88' lang='lat' dir='ltr'>Ursini</span> 
     </span>
    </p>
   </div>
   <div class='ocr_carea' id='block_1_3' title="bbox 207 2397 1667 2500">
    <p class='ocr_par' dir='ltr' id='par_1_6' title="bbox 207 2397 1667 2500">
     <span class='ocr_line' id='line_1_16' title="bbox 207 2397 1667 2500; baseline -0.002 -23"><span class='ocrx_word' id='word_1_114' title='bbox 207 2477 212 2486; x_wconf 82' lang='grc'>,</span> <span class='ocrx_word' id='word_1_115' title='bbox 340 2421 493 2500; x_wconf 90' lang='lat' dir='ltr'>quorum</span> <span class='ocrx_word' id='word_1_116' title='bbox 513 2401 652 2498; x_wconf 86' lang='lat' dir='ltr'>primus</span> <span class='ocrx_word' id='word_1_117' title='bbox 667 2397 857 2474; x_wconf 88' lang='lat' dir='ltr'>cardinalis</span> <span class='ocrx_word' id='word_1_118' title='bbox 874 2399 1025 2474; x_wconf 84' lang='lat' dir='ltr'>Ursinus</span> <span class='ocrx_word' id='word_1_119' title='bbox 1039 2406 1075 2474; x_wconf 90' lang='lat' dir='ltr'>et</span> <span class='ocrx_word' id='word_1_120' title='bbox 1100 2397 1307 2476; x_wconf 88' lang='lat' dir='ltr'>vitallotius</span> <span class='ocrx_word' id='word_1_121' title='bbox 1323 2401 1492 2477; x_wconf 88' lang='lat' dir='ltr'>vitellius</span> <span class='ocrx_word' id='word_1_122' title='bbox 1506 2403 1553 2475; x_wconf 91' lang='lat' dir='ltr'>de</span> <span class='ocrx_word' id='word_1_123' title='bbox 1577 2401 1667 2476; x_wconf 80' lang='lat' dir='ltr'>Ciui-</span> 
     </span>
    </p>
   </div>
   <div class='ocr_carea' id='block_1_4' title="bbox 330 2523 1715 5121">
    <p class='ocr_par' dir='ltr' id='par_1_7' title="bbox 330 2523 1715 5121">
     <span class='ocr_line' id='line_1_17' title="bbox 340 2523 1668 2616; baseline -0.002 -14"><span class='ocrx_word' id='word_1_124' title='bbox 340 2531 412 2602; x_wconf 87' lang='lat' dir='ltr'>tate</span> <span class='ocrx_word' id='word_1_125' title='bbox 430 2525 588 2616; x_wconf 86' lang='lat' dir='ltr'>Castelli,</span> <span class='ocrx_word' id='word_1_126' title='bbox 615 2547 658 2599; x_wconf 87' lang='lat' dir='ltr'>eo</span> <span class='ocrx_word' id='word_1_127' title='bbox 672 2525 856 2600; x_wconf 79' lang='lat' dir='ltr'>lohannes</span> <span class='ocrx_word' id='word_1_128' title='bbox 873 2523 1004 2598; x_wconf 89' lang='lat' dir='ltr'>Paulus</span> <span class='ocrx_word' id='word_1_129' title='bbox 1021 2523 1203 2600; x_wconf 82' lang='lat' dir='ltr'>Bellienus</span> <span class='ocrx_word' id='word_1_130' title='bbox 1221 2524 1266 2599; x_wconf 89' lang='lat' dir='ltr'>de</span> <span class='ocrx_word' id='word_1_131' title='bbox 1282 2525 1441 2616; x_wconf 88' lang='lat' dir='ltr'>Perusia,</span> <span class='ocrx_word' id='word_1_132' title='bbox 1462 2525 1668 2602; x_wconf 89' lang='lat' dir='ltr'>Liberottus</span> 
     </span>
     <span class='ocr_line' id='line_1_18' title="bbox 337 2647 1669 2750; baseline -0.002 -23"><span class='ocrx_word' id='word_1_133' title='bbox 337 2653 382 2728; x_wconf 91' lang='lat' dir='ltr'>de</span> <span class='ocrx_word' id='word_1_134' title='bbox 396 2653 517 2726; x_wconf 84' lang='lat' dir='ltr'>Firmo</span> <span class='ocrx_word' id='word_1_135' title='bbox 533 2657 569 2725; x_wconf 89' lang='lat' dir='ltr'>et</span> <span class='ocrx_word' id='word_1_136' title='bbox 582 2649 815 2748; x_wconf 89' lang='lat' dir='ltr'>Pandulphus</span> <span class='ocrx_word' id='word_1_137' title='bbox 832 2649 1096 2724; x_wconf 88' lang='lat' dir='ltr'>Petrucoiusde</span> <span class='ocrx_word' id='word_1_138' title='bbox 1111 2647 1215 2725; x_wconf 89' lang='lat' dir='ltr'>Senis</span> <span class='ocrx_word' id='word_1_139' title='bbox 1232 2650 1429 2747; x_wconf 90' lang='lat' dir='ltr'>etquidem</span> <span class='ocrx_word' id='word_1_140' title='bbox 1448 2651 1505 2724; x_wconf 90' lang='lat' dir='ltr'>alii</span> <span class='ocrx_word' id='word_1_141' title='bbox 1522 2651 1669 2750; x_wconf 87' lang='lat' dir='ltr'>conspi-</span> 
     </span>
     <span class='ocr_line' id='line_1_19' title="bbox 338 2773 1669 2872; baseline -0.002 -20"><span class='ocrx_word' id='word_1_142' title='bbox 338 2778 407 2853; x_wconf 88' lang='lat' dir='ltr'>rati</span> <span class='ocrx_word' id='word_1_143' title='bbox 422 2773 645 2852; x_wconf 80' lang='lat' dir='ltr'>confederati</span> <span class='ocrx_word' id='word_1_144' title='bbox 659 2780 697 2849; x_wconf 89' lang='lat' dir='ltr'>et</span> <span class='ocrx_word' id='word_1_145' title='bbox 713 2773 894 2872; x_wconf 85' lang='lat' dir='ltr'>collegiati</span> <span class='ocrx_word' id='word_1_146' title='bbox 912 2779 1039 2849; x_wconf 90' lang='lat' dir='ltr'>contra</span> <span class='ocrx_word' id='word_1_147' title='bbox 1058 2777 1190 2849; x_wconf 89' lang='lat' dir='ltr'>ducem</span> <span class='ocrx_word' id='word_1_148' title='bbox 1209 2775 1503 2852; x_wconf 77' lang='lat' dir='ltr'>valentinensem</span> <span class='ocrx_word' id='word_1_149' title='bbox 1521 2783 1609 2850; x_wconf 89' lang='lat' dir='ltr'>tuno</span> <span class='ocrx_word' id='word_1_150' title='bbox 1634 2777 1669 2850; x_wconf 94' lang='lat' dir='ltr'>in</span> 
     </span>
     <span class='ocr_line' id='line_1_20' title="bbox 337 2899 1669 2999; baseline -0.003 -22"><span class='ocrx_word' id='word_1_151' title='bbox 337 2901 453 2978; x_wconf 89' lang='lat' dir='ltr'>imola</span> <span class='ocrx_word' id='word_1_152' title='bbox 481 2901 711 2987; x_wconf 84' lang='lat' dir='ltr'>existentem,</span> <span class='ocrx_word' id='word_1_153' title='bbox 749 2899 978 2998; x_wconf 82' lang='lat' dir='ltr'>congregetis</span> <span class='ocrx_word' id='word_1_154' title='bbox 1019 2901 1165 2976; x_wconf 89' lang='lat' dir='ltr'>circiter</span> <span class='ocrx_word' id='word_1_155' title='bbox 1194 2901 1358 2998; x_wconf 89' lang='lat' dir='ltr'>equitum</span> <span class='ocrx_word' id='word_1_156' title='bbox 1396 2900 1605 2999; x_wconf 85' lang='lat' dir='ltr'>quingentis</span> <span class='ocrx_word' id='word_1_157' title='bbox 1635 2909 1669 2974; x_wconf 91' lang='lat' dir='ltr'>et</span> 
     </span>
     <span class='ocr_line' id='line_1_21' title="bbox 338 3023 1668 3123; baseline -0.002 -22"><span class='ocrx_word' id='word_1_158' title='bbox 338 3027 478 3101; x_wconf 88' lang='lat' dir='ltr'>duobus</span> <span class='ocrx_word' id='word_1_159' title='bbox 494 3025 652 3099; x_wconf 86' lang='lat' dir='ltr'>millibus</span> <span class='ocrx_word' id='word_1_160' title='bbox 667 3023 862 3123; x_wconf 83' lang='lat' dir='ltr'>peditibus,</span> <span class='ocrx_word' id='word_1_161' title='bbox 881 3025 1119 3100; x_wconf 89' lang='lat' dir='ltr'>restituerunt</span> <span class='ocrx_word' id='word_1_162' title='bbox 1140 3025 1321 3100; x_wconf 87' lang='lat' dir='ltr'>civitatem</span> <span class='ocrx_word' id='word_1_163' title='bbox 1339 3025 1620 3100; x_wconf 86' lang='lat' dir='ltr'>Urbineteusem</span> <span class='ocrx_word' id='word_1_164' title='bbox 1634 3031 1668 3099; x_wconf 89' lang='lat' dir='ltr'>et</span> 
     </span>
     <span class='ocr_line' id='line_1_22' title="bbox 336 3149 1669 3240; baseline -0.005 -12"><span class='ocrx_word' id='word_1_165' title='bbox 336 3171 464 3228; x_wconf 90' lang='lat' dir='ltr'>omnes</span> <span class='ocrx_word' id='word_1_166' title='bbox 480 3149 570 3226; x_wconf 87' lang='lat' dir='ltr'>elias</span> <span class='ocrx_word' id='word_1_167' title='bbox 592 3149 768 3240; x_wconf 80' lang='lat' dir='ltr'>civitates,</span> <span class='ocrx_word' id='word_1_168' title='bbox 794 3156 926 3239; x_wconf 88' lang='lat' dir='ltr'>terres,</span> <span class='ocrx_word' id='word_1_169' title='bbox 948 3150 1029 3224; x_wconf 87' lang='lat' dir='ltr'>loca</span> <span class='ocrx_word' id='word_1_170' title='bbox 1055 3155 1091 3225; x_wconf 89' lang='lat' dir='ltr'>et</span> <span class='ocrx_word' id='word_1_171' title='bbox 1115 3149 1297 3225; x_wconf 85' lang='lat' dir='ltr'>lortellitia</span> <span class='ocrx_word' id='word_1_172' title='bbox 1313 3149 1381 3222; x_wconf 90' lang='lat' dir='ltr'>sub</span> <span class='ocrx_word' id='word_1_173' title='bbox 1402 3149 1534 3225; x_wconf 90' lang='lat' dir='ltr'>ducatu</span> <span class='ocrx_word' id='word_1_174' title='bbox 1561 3149 1669 3224; x_wconf 88' lang='lat' dir='ltr'>Urbi-</span> 
     </span>
     <span class='ocr_line' id='line_1_23' title="bbox 335 3273 1669 3368; baseline -0.003 -16"><span class='ocrx_word' id='word_1_175' title='bbox 335 3275 477 3352; x_wconf 88' lang='lat' dir='ltr'>natensi</span> <span class='ocrx_word' id='word_1_176' title='bbox 496 3275 705 3366; x_wconf 87' lang='lat' dir='ltr'>constitute,</span> <span class='ocrx_word' id='word_1_177' title='bbox 734 3273 862 3349; x_wconf 87' lang='lat' dir='ltr'>illustri</span> <span class='ocrx_word' id='word_1_178' title='bbox 888 3277 931 3348; x_wconf 88' lang='lat' dir='ltr'>D.</span> <span class='ocrx_word' id='word_1_179' title='bbox 952 3273 1108 3350; x_wconf 87' lang='lat' dir='ltr'>Gnidoni</span> <span class='ocrx_word' id='word_1_180' title='bbox 1138 3275 1279 3368; x_wconf 87' lang='lat' dir='ltr'>Ubaldi,</span> <span class='ocrx_word' id='word_1_181' title='bbox 1302 3299 1387 3349; x_wconf 81' lang='lat' dir='ltr'>rere</span> <span class='ocrx_word' id='word_1_182' title='bbox 1407 3275 1490 3348; x_wconf 88' lang='lat' dir='ltr'>duci</span> <span class='ocrx_word' id='word_1_183' title='bbox 1516 3274 1669 3350; x_wconf 83' lang='lat' dir='ltr'>Urbina-</span> 
     </span>
     <span class='ocr_line' id='line_1_24' title="bbox 336 3399 1670 3501; baseline -0.004 -23"><span class='ocrx_word' id='word_1_184' title='bbox 336 3403 428 3479; x_wconf 90' lang='lat' dir='ltr'>tensi</span> <span class='ocrx_word' id='word_1_185' title='bbox 442 3423 559 3501; x_wconf 88' lang='lat' dir='ltr'>nuper</span> <span class='ocrx_word' id='word_1_186' title='bbox 576 3401 724 3498; x_wconf 87' lang='lat' dir='ltr'>expulso</span> <span class='ocrx_word' id='word_1_187' title='bbox 741 3421 806 3498; x_wconf 90' lang='lat' dir='ltr'>per</span> <span class='ocrx_word' id='word_1_188' title='bbox 820 3400 950 3474; x_wconf 90' lang='lat' dir='ltr'>ducem</span> <span class='ocrx_word' id='word_1_189' title='bbox 964 3400 1276 3492; x_wconf 73' lang='lat' dir='ltr'>valentinensem,</span> <span class='ocrx_word' id='word_1_190' title='bbox 1293 3423 1335 3474; x_wconf 86' lang='lat' dir='ltr'>ao</span> <span class='ocrx_word' id='word_1_191' title='bbox 1350 3399 1501 3474; x_wconf 89' lang='lat' dir='ltr'>lmolam</span> <span class='ocrx_word' id='word_1_192' title='bbox 1515 3399 1670 3474; x_wconf 88' lang='lat' dir='ltr'>circum-</span> 
     </span>
     <span class='ocr_line' id='line_1_25' title="bbox 334 3523 1667 3622; baseline -0.006 -18"><span class='ocrx_word' id='word_1_193' title='bbox 334 3527 474 3618; x_wconf 86' lang='lat' dir='ltr'>dantes,</span> <span class='ocrx_word' id='word_1_194' title='bbox 490 3526 575 3600; x_wconf 91' lang='lat' dir='ltr'>duci</span> <span class='ocrx_word' id='word_1_195' title='bbox 589 3525 839 3602; x_wconf 89' lang='lat' dir='ltr'>valentinensi</span> <span class='ocrx_word' id='word_1_196' title='bbox 855 3545 1028 3622; x_wconf 85' lang='lat' dir='ltr'>magnum</span> <span class='ocrx_word' id='word_1_197' title='bbox 1044 3525 1214 3600; x_wconf 92' lang='lat' dir='ltr'>timorem</span> <span class='ocrx_word' id='word_1_198' title='bbox 1233 3525 1477 3616; x_wconf 89' lang='lat' dir='ltr'>incusserunt,</span> <span class='ocrx_word' id='word_1_199' title='bbox 1498 3523 1667 3598; x_wconf 87' lang='lat' dir='ltr'>similiter</span> 
     </span>
     <span class='ocr_line' id='line_1_26' title="bbox 335 3647 1667 3751; baseline -0.004 -24"><span class='ocrx_word' id='word_1_200' title='bbox 335 3679 428 3751; x_wconf 88' lang='lat' dir='ltr'>pape</span> <span class='ocrx_word' id='word_1_201' title='bbox 448 3651 657 3726; x_wconf 76' lang='lat' dir='ltr'>Alexandro</span> <span class='ocrx_word' id='word_1_202' title='bbox 679 3651 754 3748; x_wconf 88' lang='lat' dir='ltr'>qui,</span> <span class='ocrx_word' id='word_1_203' title='bbox 774 3651 851 3723; x_wconf 91' lang='lat' dir='ltr'>sine</span> <span class='ocrx_word' id='word_1_204' title='bbox 872 3673 988 3741; x_wconf 89' lang='lat' dir='ltr'>more,</span> <span class='ocrx_word' id='word_1_205' title='bbox 1010 3651 1184 3724; x_wconf 86' lang='lat' dir='ltr'>auxilium</span> <span class='ocrx_word' id='word_1_206' title='bbox 1205 3651 1304 3748; x_wconf 87' lang='lat' dir='ltr'>regis</span> <span class='ocrx_word' id='word_1_207' title='bbox 1331 3649 1484 3724; x_wconf 85' lang='lat' dir='ltr'>Francia</span> <span class='ocrx_word' id='word_1_208' title='bbox 1504 3647 1613 3747; x_wconf 87' lang='lat' dir='ltr'>petiit</span> <span class='ocrx_word' id='word_1_209' title='bbox 1633 3652 1667 3722; x_wconf 83' lang='lat' dir='ltr'>el</span> 
     </span>
     <span class='ocr_line' id='line_1_27' title="bbox 336 3773 1668 3873; baseline -0.005 -23"><span class='ocrx_word' id='word_1_210' title='bbox 336 3775 570 3850; x_wconf 89' lang='lat' dir='ltr'>nibilominus</span> <span class='ocrx_word' id='word_1_211' title='bbox 593 3775 814 3848; x_wconf 87' lang='lat' dir='ltr'>mediatores</span> <span class='ocrx_word' id='word_1_212' title='bbox 834 3773 984 3873; x_wconf 85' lang='lat' dir='ltr'>delegit,</span> <span class='ocrx_word' id='word_1_213' title='bbox 1011 3797 1168 3872; x_wconf 91' lang='lat' dir='ltr'>quorum</span> <span class='ocrx_word' id='word_1_214' title='bbox 1189 3797 1303 3873; x_wconf 88' lang='lat' dir='ltr'>opere</span> <span class='ocrx_word' id='word_1_215' title='bbox 1319 3773 1518 3849; x_wconf 91' lang='lat' dir='ltr'>concordie</span> <span class='ocrx_word' id='word_1_216' title='bbox 1542 3779 1580 3848; x_wconf 87' lang='lat' dir='ltr'>et</span> <span class='ocrx_word' id='word_1_217' title='bbox 1597 3797 1668 3870; x_wconf 83' lang='lat' dir='ltr'>pax</span> 
     </span>
     <span class='ocr_line' id='line_1_28' title="bbox 333 3897 1671 3995; baseline -0.003 -21"><span class='ocrx_word' id='word_1_218' title='bbox 333 3901 429 3974; x_wconf 91' lang='lat' dir='ltr'>inter</span> <span class='ocrx_word' id='word_1_219' title='bbox 444 3899 683 3974; x_wconf 88' lang='lat' dir='ltr'>Sanctitatem</span> <span class='ocrx_word' id='word_1_220' title='bbox 701 3921 804 3974; x_wconf 87' lang='lat' dir='ltr'>suem</span> <span class='ocrx_word' id='word_1_221' title='bbox 821 3904 856 3972; x_wconf 92' lang='lat' dir='ltr'>et</span> <span class='ocrx_word' id='word_1_222' title='bbox 875 3899 1007 3973; x_wconf 89' lang='lat' dir='ltr'>ducem</span> <span class='ocrx_word' id='word_1_223' title='bbox 1023 3897 1323 3976; x_wconf 81' lang='lat' dir='ltr'>valentinensem</span> <span class='ocrx_word' id='word_1_224' title='bbox 1341 3921 1384 3974; x_wconf 91' lang='lat' dir='ltr'>ac</span> <span class='ocrx_word' id='word_1_225' title='bbox 1396 3921 1523 3972; x_wconf 88' lang='lat' dir='ltr'>omnes</span> <span class='ocrx_word' id='word_1_226' title='bbox 1541 3919 1671 3995; x_wconf 89' lang='lat' dir='ltr'>supra-</span> 
     </span>
     <span class='ocr_line' id='line_1_29' title="bbox 334 4022 1666 4122; baseline -0.003 -24"><span class='ocrx_word' id='word_1_227' title='bbox 334 4025 451 4098; x_wconf 85' lang='lat' dir='ltr'>dictos</span> <span class='ocrx_word' id='word_1_228' title='bbox 466 4023 662 4097; x_wconf 84' lang='lat' dir='ltr'>habentur.</span> <span class='ocrx_word' id='word_1_229' title='bbox 683 4027 873 4100; x_wconf 88' lang='lat' dir='ltr'>venerunt</span> <span class='ocrx_word' id='word_1_230' title='bbox 890 4029 1089 4122; x_wconf 90' lang='lat' dir='ltr'>propterea</span> <span class='ocrx_word' id='word_1_231' title='bbox 1103 4025 1255 4098; x_wconf 89' lang='lat' dir='ltr'>imolam</span> <span class='ocrx_word' id='word_1_232' title='bbox 1273 4047 1401 4097; x_wconf 91' lang='lat' dir='ltr'>omnes</span> <span class='ocrx_word' id='word_1_233' title='bbox 1419 4027 1548 4121; x_wconf 80' lang='lat' dir='ltr'>gentes</span> <span class='ocrx_word' id='word_1_234' title='bbox 1568 4022 1666 4119; x_wconf 83' lang='lat' dir='ltr'>regis</span> 
     </span>
     <span class='ocr_line' id='line_1_30' title="bbox 333 4149 1666 4224; baseline -0.004 -1"><span class='ocrx_word' id='word_1_235' title='bbox 333 4151 486 4223; x_wconf 85' lang='lat' dir='ltr'>Francia</span> <span class='ocrx_word' id='word_1_236' title='bbox 502 4149 539 4222; x_wconf 92' lang='lat' dir='ltr'>in</span> <span class='ocrx_word' id='word_1_237' title='bbox 556 4149 689 4224; x_wconf 87' lang='lat' dir='ltr'>ducatu</span> <span class='ocrx_word' id='word_1_238' title='bbox 705 4149 965 4223; x_wconf 89' lang='lat' dir='ltr'>Mediolanensi</span> <span class='ocrx_word' id='word_1_239' title='bbox 985 4151 1193 4224; x_wconf 84' lang='lat' dir='ltr'>existentes.</span> <span class='ocrx_word' id='word_1_240' title='bbox 1216 4149 1366 4223; x_wconf 86' lang='lat' dir='ltr'>interim</span> <span class='ocrx_word' id='word_1_241' title='bbox 1381 4153 1539 4222; x_wconf 86' lang='lat' dir='ltr'>tractata</span> <span class='ocrx_word' id='word_1_242' title='bbox 1554 4153 1612 4220; x_wconf 87' lang='lat' dir='ltr'>est</span> <span class='ocrx_word' id='word_1_243' title='bbox 1631 4151 1666 4219; x_wconf 88' lang='lat' dir='ltr'>ct</span> 
     </span>
     <span class='ocr_line' id='line_1_31' title="bbox 332 4271 1667 4372; baseline -0.003 -23"><span class='ocrx_word' id='word_1_244' title='bbox 332 4275 480 4349; x_wconf 88' lang='lat' dir='ltr'>obtenta</span> <span class='ocrx_word' id='word_1_245' title='bbox 497 4297 540 4348; x_wconf 89' lang='lat' dir='ltr'>ac</span> <span class='ocrx_word' id='word_1_246' title='bbox 564 4273 609 4348; x_wconf 89' lang='lat' dir='ltr'>de</span> <span class='ocrx_word' id='word_1_247' title='bbox 626 4296 751 4348; x_wconf 88' lang='lat' dir='ltr'>mense</span> <span class='ocrx_word' id='word_1_248' title='bbox 770 4275 932 4372; x_wconf 89' lang='lat' dir='ltr'>presenti</span> <span class='ocrx_word' id='word_1_249' title='bbox 955 4274 1129 4349; x_wconf 89' lang='lat' dir='ltr'>concluse</span> <span class='ocrx_word' id='word_1_250' title='bbox 1146 4273 1394 4349; x_wconf 86' lang='lat' dir='ltr'>reconciliatio</span> <span class='ocrx_word' id='word_1_251' title='bbox 1412 4279 1447 4346; x_wconf 90' lang='lat' dir='ltr'>et</span> <span class='ocrx_word' id='word_1_252' title='bbox 1465 4271 1667 4346; x_wconf 88' lang='lat' dir='ltr'>concordia</span> 
     </span>
     <span class='ocr_line' id='line_1_32' title="bbox 330 4396 1666 4498; baseline 0 -28"><span class='ocrx_word' id='word_1_253' title='bbox 330 4396 426 4471; x_wconf 89' lang='lat' dir='ltr'>inter</span> <span class='ocrx_word' id='word_1_254' title='bbox 457 4397 699 4496; x_wconf 88' lang='lat' dir='ltr'>supradictos,</span> <span class='ocrx_word' id='word_1_255' title='bbox 719 4421 828 4496; x_wconf 89' lang='lat' dir='ltr'>quam</span> <span class='ocrx_word' id='word_1_256' title='bbox 856 4403 955 4498; x_wconf 84' lang='lat' dir='ltr'>Papa</span> <span class='ocrx_word' id='word_1_257' title='bbox 982 4399 1135 4496; x_wconf 85' lang='lat' dir='ltr'>quesivit</span> <span class='ocrx_word' id='word_1_258' title='bbox 1161 4404 1198 4474; x_wconf 91' lang='lat' dir='ltr'>et</span> <span class='ocrx_word' id='word_1_259' title='bbox 1228 4398 1333 4474; x_wconf 86' lang='lat' dir='ltr'>finxit</span> <span class='ocrx_word' id='word_1_260' title='bbox 1356 4399 1394 4472; x_wconf 92' lang='lat' dir='ltr'>in</span> <span class='ocrx_word' id='word_1_261' title='bbox 1419 4398 1519 4472; x_wconf 92' lang='lat' dir='ltr'>hunc</span> <span class='ocrx_word' id='word_1_262' title='bbox 1548 4397 1666 4471; x_wconf 90' lang='lat' dir='ltr'>solum</span> 
     </span>
     <span class='ocr_line' id='line_1_33' title="bbox 330 4522 1668 4622; baseline -0.001 -26"><span class='ocrx_word' id='word_1_263' title='bbox 330 4522 441 4597; x_wconf 86' lang='lat' dir='ltr'>linem</span> <span class='ocrx_word' id='word_1_264' title='bbox 461 4527 502 4598; x_wconf 89' lang='lat' dir='ltr'>ut</span> <span class='ocrx_word' id='word_1_265' title='bbox 528 4524 643 4622; x_wconf 89' lang='lat' dir='ltr'>possit</span> <span class='ocrx_word' id='word_1_266' title='bbox 662 4547 701 4598; x_wconf 89' lang='lat' dir='ltr'>sa</span> <span class='ocrx_word' id='word_1_267' title='bbox 718 4527 756 4598; x_wconf 89' lang='lat' dir='ltr'>et</span> <span class='ocrx_word' id='word_1_268' title='bbox 775 4525 920 4615; x_wconf 86' lang='lat' dir='ltr'>ducem,</span> <span class='ocrx_word' id='word_1_269' title='bbox 941 4525 1058 4599; x_wconf 88' lang='lat' dir='ltr'>lilium</span> <span class='ocrx_word' id='word_1_270' title='bbox 1075 4547 1195 4615; x_wconf 87' lang='lat' dir='ltr'>suum,</span> <span class='ocrx_word' id='word_1_271' title='bbox 1216 4529 1348 4600; x_wconf 87' lang='lat' dir='ltr'>contro</span> <span class='ocrx_word' id='word_1_272' title='bbox 1364 4523 1513 4598; x_wconf 87' lang='lat' dir='ltr'>eosdem</span> <span class='ocrx_word' id='word_1_273' title='bbox 1539 4545 1668 4620; x_wconf 85' lang='lat' dir='ltr'>supra-</span> 
     </span>
     <span class='ocr_line' id='line_1_34' title="bbox 330 4632 1715 4748; baseline -0.002 -27"><span class='ocrx_word' id='word_1_274' title='bbox 330 4642 447 4723; x_wconf 88' lang='lat' dir='ltr'>dictos</span> <span class='ocrx_word' id='word_1_275' title='bbox 465 4645 651 4722; x_wconf 80' lang='lat' dir='ltr'>uindicare</span> <span class='ocrx_word' id='word_1_276' title='bbox 667 4655 702 4722; x_wconf 86' lang='lat' dir='ltr'>at</span> <span class='ocrx_word' id='word_1_277' title='bbox 720 4672 783 4722; x_wconf 90' lang='lat' dir='ltr'>eos</span> <span class='ocrx_word' id='word_1_278' title='bbox 801 4649 949 4723; x_wconf 93' lang='lat' dir='ltr'>omnino</span> <span class='ocrx_word' id='word_1_279' title='bbox 972 4651 1170 4748; x_wconf 85' lang='lat' dir='ltr'>extirpare,</span> <span class='ocrx_word' id='word_1_280' title='bbox 1192 4650 1304 4746; x_wconf 88' lang='lat' dir='ltr'>quod,</span> <span class='ocrx_word' id='word_1_281' title='bbox 1321 4647 1391 4722; x_wconf 90' lang='lat' dir='ltr'>illis</span> <span class='ocrx_word' id='word_1_282' title='bbox 1409 4647 1667 4746; x_wconf 87' lang='lat' dir='ltr'>imprudenter</span> <span class='ocrx_word' id='word_1_283' title='bbox 1712 4632 1715 4644; x_wconf 74' lang='grc'><strong>’</strong></span> 
     </span>
     <span class='ocr_line' id='line_1_35' title="bbox 330 4771 1704 4864; baseline -0.003 -18"><span class='ocrx_word' id='word_1_284' title='bbox 330 4791 403 4846; x_wconf 92' lang='lat' dir='ltr'>non</span> <span class='ocrx_word' id='word_1_285' title='bbox 428 4772 721 4863; x_wconf 78' lang='lat' dir='ltr'>formidantibus,</span> <span class='ocrx_word' id='word_1_286' title='bbox 744 4773 893 4847; x_wconf 86' lang='lat' dir='ltr'>tandem</span> <span class='ocrx_word' id='word_1_287' title='bbox 912 4774 1043 4864; x_wconf 85' lang='lat' dir='ltr'>evenit,</span> <span class='ocrx_word' id='word_1_288' title='bbox 1063 4775 1151 4848; x_wconf 89' lang='lat' dir='ltr'>licet</span> <span class='ocrx_word' id='word_1_289' title='bbox 1167 4773 1364 4848; x_wconf 74' lang='lat' dir='ltr'>cardinalis</span> <span class='ocrx_word' id='word_1_290' title='bbox 1383 4772 1536 4847; x_wconf 86' lang='lat' dir='ltr'>Ursinus</span> <span class='ocrx_word' id='word_1_291' title='bbox 1555 4771 1667 4846; x_wconf 89' lang='lat' dir='ltr'>luerit</span> <span class='ocrx_word' id='word_1_292' title='bbox 1698 4780 1704 4792; x_wconf 85' lang='lat'>&#39;</span> 
     </span>
     <span class='ocr_line' id='line_1_36' title="bbox 330 4895 1666 4997; baseline -0.001 -27"><span class='ocrx_word' id='word_1_293' title='bbox 330 4897 377 4970; x_wconf 89' lang='lat' dir='ltr'>ab</span> <span class='ocrx_word' id='word_1_294' title='bbox 395 4897 722 4972; x_wconf 86' lang='lat' dir='ltr'>innumerabilibus</span> <span class='ocrx_word' id='word_1_295' title='bbox 740 4899 918 4996; x_wconf 88' lang='lat' dir='ltr'>personis,</span> <span class='ocrx_word' id='word_1_296' title='bbox 940 4900 1048 4974; x_wconf 88' lang='lat' dir='ltr'>etiem</span> <span class='ocrx_word' id='word_1_297' title='bbox 1066 4899 1201 4997; x_wconf 89' lang='lat' dir='ltr'>pueris,</span> <span class='ocrx_word' id='word_1_298' title='bbox 1224 4899 1469 4973; x_wconf 87' lang='lat' dir='ltr'>commonitus</span> <span class='ocrx_word' id='word_1_299' title='bbox 1487 4921 1534 4970; x_wconf 88' lang='lat' dir='ltr'>ne</span> <span class='ocrx_word' id='word_1_300' title='bbox 1559 4921 1600 4970; x_wconf 88' lang='lat' dir='ltr'>sc</span> <span class='ocrx_word' id='word_1_301' title='bbox 1622 4895 1666 4968; x_wconf 90' lang='lat' dir='ltr'>de</span> 
     </span>
     <span class='ocr_line' id='line_1_37' title="bbox 332 5021 1668 5121; baseline -0.002 -27"><span class='ocrx_word' id='word_1_302' title='bbox 332 5025 429 5118; x_wconf 89' lang='lat' dir='ltr'>Papa</span> <span class='ocrx_word' id='word_1_303' title='bbox 454 5023 683 5097; x_wconf 84' lang='lat' dir='ltr'>confideret:</span> <span class='ocrx_word' id='word_1_304' title='bbox 704 5022 820 5097; x_wconf 91' lang='lat' dir='ltr'>noluit</span> <span class='ocrx_word' id='word_1_305' title='bbox 843 5026 966 5098; x_wconf 88' lang='lat' dir='ltr'>tamen</span> <span class='ocrx_word' id='word_1_306' title='bbox 987 5025 1147 5121; x_wconf 89' lang='lat' dir='ltr'>aliquem</span> <span class='ocrx_word' id='word_1_307' title='bbox 1164 5023 1290 5097; x_wconf 89' lang='lat' dir='ltr'>audire</span> <span class='ocrx_word' id='word_1_308' title='bbox 1311 5028 1348 5096; x_wconf 91' lang='lat' dir='ltr'>et</span> <span class='ocrx_word' id='word_1_309' title='bbox 1365 5047 1451 5121; x_wconf 88' lang='lat' dir='ltr'>sepe</span> <span class='ocrx_word' id='word_1_310' title='bbox 1470 5021 1668 5096; x_wconf 84' lang='lat' dir='ltr'>subridens</span> 
     </span>
    </p>
   </div>
   <div class='ocr_carea' id='block_1_5' title="bbox 332 5144 1669 5247">
    <p class='ocr_par' dir='ltr' id='par_1_8' title="bbox 332 5144 1669 5247">
     <span class='ocr_line' id='line_1_38' title="bbox 332 5144 1669 5247; baseline 0 -31"><span class='ocrx_word' id='word_1_311' title='bbox 332 5144 674 5244; x_wconf 85' lang='lat' dir='ltr'>dicebatnunquam</span> <span class='ocrx_word' id='word_1_312' title='bbox 692 5147 864 5222; x_wconf 87' lang='lat' dir='ltr'>habuisse</span> <span class='ocrx_word' id='word_1_313' title='bbox 875 5173 959 5222; x_wconf 90' lang='lat' dir='ltr'>cum</span> <span class='ocrx_word' id='word_1_314' title='bbox 973 5151 1070 5247; x_wconf 84' lang='lat' dir='ltr'>Papa</span> <span class='ocrx_word' id='word_1_315' title='bbox 1080 5147 1314 5236; x_wconf 87' lang='lat' dir='ltr'>discordiam,</span> <span class='ocrx_word' id='word_1_316' title='bbox 1332 5148 1418 5244; x_wconf 91' lang='lat' dir='ltr'>quin</span> <span class='ocrx_word' id='word_1_317' title='bbox 1434 5171 1500 5243; x_wconf 88' lang='lat' dir='ltr'>per</span> <span class='ocrx_word' id='word_1_318' title='bbox 1512 5169 1669 5221; x_wconf 89' lang='lat' dir='ltr'>concor·</span> 
     </span>
    </p>
   </div>
   <div class='ocr_carea' id='block_1_6' title="bbox 0 0 1758 6034">
    <p class='ocr_par' dir='ltr' id='par_1_9' title="bbox 0 0 1758 6034">
     <span class='ocr_line' id='line_1_39' title="bbox 0 0 1758 6034; baseline 0 0"><span class='ocrx_word' id='word_1_319' title='bbox 0 0 1758 6034; x_wconf 95' lang='lat' dir='ltr'> </span> 
     </span>
    </p>
   </div>
  </div>
 </body>
</html>
