3506 6034
127 665 228 734 [tailtat
244 666 316 728 istil
465 663 593 734 RERUM
619 663 845 726 URBANARUM
869 665 1132 726 continemini.
1409 667 1463 724 215

129 819 226 920 quod
248 817 398 892 tandem
422 817 557 892 iactum
581 816 670 915 [fuit]
694 843 716 891 o
737 818 964 894 beneficiatis
987 845 1016 894 s.
1042 819 1155 894 Petri.
1174 823 1220 894 Ut
1237 842 1320 912 eum
1339 825 1465 916 porta-

128 951 219 1033 rent,
239 943 389 1018 fuerunt
415 967 459 1016 ex
483 947 591 1042 paeto
615 943 723 1018 soluti
751 945 888 1022 serloni
913 945 1177 1046 quinquaginta
1198 946 1256 1020 vel
1275 945 1390 1035 eirea3
1411 969 1467 1022 se-

125 1069 276 1167 pultura
295 1067 456 1142 defuncti
472 1091 540 1166 per
556 1067 679 1168 plures
702 1069 779 1142 dies
801 1069 868 1148 tuit
884 1071 981 1146 iacta
1004 1069 1042 1144 in
1066 1071 1216 1147 modum
1234 1071 1406 1168 depositi,
1429 1079 1465 1145 et

125 1219 189 1291 per
202 1195 384 1292 quosdam
396 1194 537 1268 emulos
553 1217 756 1291 supeream
770 1195 909 1293 sculpto
921 1197 991 1270 due
1007 1195 1107 1271 iures
1119 1196 1193 1269 sive
1205 1195 1275 1270 duo
1286 1196 1461 1297 patibulo,

125 1325 161 1392 et
176 1341 290 1416 super
306 1342 419 1392 unum
438 1317 496 1392 cui
514 1325 591 1392 eret
607 1319 749 1417 sculpta
763 1319 874 1394 cordo
886 1343 1059 1418 appenso,
1079 1320 1214 1418 scripta
1232 1320 1305 1396 sivo
1324 1321 1465 1417 sculpto

124 1442 193 1516 hee
210 1443 345 1517 verbo:
370 1474 386 1512 a
407 1441 584 1517 Dominus
602 1445 764 1554 requi-ret
782 1445 1066 1544 supplicationes
1085 1445 1130 1520 de
1153 1445 1321 1520 monibus
1338 1445 1409 1518 tuis
1430 1451 1465 1518 et

125 1567 260 1643 reddes
284 1569 470 1642 rationem
489 1594 497 1660 ;
528 1568 557 1642 si
581 1593 655 1644 non
677 1569 900 1662 reddideriS,
921 1571 1098 1670 supplicio
1121 1577 1298 1670 perpetuo
1318 1571 1465 1646 orucia-

126 1693 236 1768 heris.
262 1723 281 1770 n
293 1697 337 1770 Et
353 1696 437 1792 quia
455 1719 542 1794 erga
552 1719 733 1799 pauperes
750 1721 897 1774 severus
915 1697 983 1772 iuii
999 1703 1036 1772 et
1051 1695 1159 1770 nimis
1176 1696 1344 1786 erudelis,
1359 1702 1407 1786 et,
1427 1703 1466 1770 ut

126 1819 339 1918 plurimum,
361 1842 447 1918 orgo
465 1844 592 1896 omnes
603 1820 830 1916 durissimus,
845 1831 881 1896 et
892 1821 1072 1897 beneficio
1085 1829 1120 1894 et
1139 1821 1382 1896 officionarius
1394 1846 1465 1922 quo

125 1943 245 2041 potuit
263 1944 421 2018 vendidit
443 1951 480 2018 ut
500 1949 595 2044 Papo
614 1945 890 2044 gratificaretur,
909 1947 1096 2046 aequisivit
1115 1948 1278 2021 omnium
1301 1946 1467 2044 indigna-

124 2069 266 2143 tionem
295 2075 330 2142 et
358 2070 635 2170 blasphemiam.
663 2075 822 2147 Fuerunt
847 2081 1039 2174 propteroa
1061 2071 1157 2151 iacta
1176 2096 1197 2148 a
1219 2071 1367 2146 diversis
1393 2073 1468 2169 epi·

128 2193 255 2292 tophis
280 2194 318 2268 in
353 2196 432 2293 ejus
460 2196 741 2293 ignominiosam
768 2197 996 2290 memoriam,
1026 2221 1182 2296 quorum
1208 2197 1398 2295 sequentia
1421 2197 1466 2271 ed

124 2341 259 2394 manus
274 2344 375 2396 meos
392 2329 634 2420 pervenerunt
655 2348 664 2396 ε

276 2471 353 2547 sut
370 2474 488 2572 lapide
503 2475 568 2549 leae
583 2475 801 2550 Mutinensis
817 2475 923 2548 habet
935 2475 1124 2549 Ferrarius
1142 2497 1232 2562 ossa,

379 2600 458 2688 Quo
475 2601 646 2675 suadente
660 2603 764 2676 Petri
778 2603 878 2676 neeis
894 2625 1001 2674 avara
1017 2601 1104 2700 fait.

279 2725 347 2800 Ad
358 2726 476 2825 Stypn
491 2728 554 2825 qai
569 2727 693 2821 tendis,
714 2729 823 2803 multo
839 2728 940 2802 valde
952 2752 1008 2802 ere
1021 2739 1204 2826 praeatus,

380 2851 508 2950 Hnjas
522 2854 664 2928 consilio
681 2855 801 2928 navita
816 2879 945 2930 avaras
963 2855 1040 2928 erit.

174 2977 286 3053 Aliud
303 3003 312 3052 ε

277 3123 438 3198 Ferrarii
450 3125 507 3198 irie
522 3126 680 3198 tornales
692 3151 795 3226 qoem
805 3127 855 3200 sie
866 3128 943 3202 sitis
958 3123 1218 3214 assithabendi‚

383 3249 433 3324 Ut
447 3251 604 3324 tumulas
616 3251 685 3324 diei
694 3254 809 3350 possit
824 3255 983 3327 avaritie.

284 3368 489 3449 Tantaleam
499 3377 638 3474 patitur
649 3401 793 3474 penam,
812 3390 846 3450 et
858 3379 942 3476 qaia
951 3401 1066 3474 parea
1080 3376 1223 3475 luisset,

379 3501 594 3600 Impendent
608 3501 718 3576 avidis
729 3527 951 3601 aareapoma
961 3503 1081 3576 labris.

173 3627 284 3702 Aliud
297 3653 305 3702 :

277 3767 351 3844 Hie
364 3771 529 3870 Baptista
547 3783 659 3871 tepor,
676 3771 801 3846 medici
815 3771 1033 3870 qnemenlpa
1042 3769 1215 3870 peremit:

375 3897 557 3972 Naturam
574 3899 701 3999 fuerat
716 3899 853 3973 nescias
872 3899 930 3972 ille
942 3921 1070 3972 meam.

276 4019 481 4096 Herbarum
496 4023 584 4096 mint
592 4047 661 4122 pro
677 4024 789 4098 suecis
807 4023 891 4097 dare
906 4023 1026 4098 debuit
1040 4045 1193 4108 aarum·

375 4147 462 4222 Sola
480 4160 558 4223 erat
571 4160 655 4245 apta
670 4149 755 4222 meis
767 4149 829 4222 hee
845 4149 1018 4222 medicina
1037 4147 1152 4221 malis.

173 4273 306 4348 Aliud:

268 4416 401 4514 Injiee,
421 4417 484 4515 qai
501 4417 644 4506 transis,
661 4429 797 4490 terram
811 4441 935 4492 rnrsns
953 4417 1074 4514 injice,
1093 4440 1138 4488 ne
1153 4440 1220 4512 qne

375 4541 449 4618 Hie
467 4545 600 4640 tepitnr
605 4545 731 4642 pestis,
747 4545 917 4644 proferet
934 4555 1013 4616 atra
1030 4554 1151 4640 eaput.

173 4669 282 4746 Aliud
298 4693 307 4742 ε

275 4803 349 4879 Hie
364 4805 453 4878 sitas
468 4815 521 4877 est
529 4801 704 4900 Baptista,
719 4801 852 4876 Booem
869 4804 931 4900 qni
947 4803 1090 4877 reddere
1102 4803 1298 4901 pinpnem;

149 4907 154 4916 Ι
379 4931 477 5010 Dum
493 4928 623 5021 studet,
641 4928 759 5004 amisit
776 4951 916 5028 corpas,
935 4952 1029 5026 opes,
1045 4929 1216 5002 animam,

168 5056 279 5132 Aliud
295 5083 303 5130 ε

273 5191 375 5267 Inter
391 5203 568 5290 pastorem
583 5203 617 5264 et
626 5189 777 5290 penades
790 5213 995 5288 componere
1012 5199 1131 5264 saetas

368 5317 486 5392 Janns
502 5317 706 5393 Parcarum
721 5329 772 5391 est
785 5341 932 5390 manere
948 5316 1169 5414 compositas.
