3502 6036
90 563 246 630 [Septembre
262 564 333 623 lbet]
405 561 532 620 RERUM
557 560 784 619 URBANARUM
808 561 1071 622 COMMENTARH.
1206 609 1212 620 .
1357 569 1405 624 ¹61

86 718 149 790 cim
159 715 377 804 cardinales,
396 714 566 790 videlicet
584 715 855 812 Neapolitanus,
876 741 905 787 s.
922 716 1105 805 Praxedis,
1123 716 1404 810 Alexandrinus,

85 867 111 915 s.
140 840 271 929 Crucis,
299 839 573 939 Agrigentinus,
602 839 835 931 Arborensis,
859 841 1088 928 Cusentinus,
1106 844 1403 939 caputaquensis,

85 966 299 1054 Mutinensis,
322 966 504 1054 Senensis,
534 965 706 1055 Medicas,
733 991 761 1038 s.
789 967 963 1056 Severini,
985 967 1177 1042 Cesarinus
1202 973 1239 1041 et
1260 969 1403 1066 Borgia.

85 1095 122 1166 Et
139 1097 217 1188 post
245 1091 489 1188 evangelium,
514 1091 661 1187 qnidam
685 1090 722 1164 in
744 1114 859 1188 eappa
881 1090 988 1166 solita
1008 1092 1147 1189 capelle
1170 1099 1295 1167 nostre
1323 1094 1409 1168 tecit

85 1216 299 1306 orationem,
320 1216 442 1292 nescio
465 1217 494 1290 si
516 1218 561 1290 de
587 1239 631 1290 eo
654 1223 780 1291 sancto
806 1217 862 1290 vel
888 1218 1198 1314 desponsalibus,
1225 1219 1308 1317 quie
1334 1243 1405 1294 non

85 1351 224 1418 vocatus
256 1367 264 1416 :
293 1343 356 1418 sed
381 1343 500 1422 socius
521 1367 625 1416 meus
647 1342 814 1416 interfuit
839 1369 846 1414 :
874 1349 1071 1442 propterea
1093 1367 1166 1418 non
1188 1343 1309 1418 notavi
1334 1345 1408 1419 ela-

85 1467 161 1540 rius.

124 1590 228 1666 Faria
247 1591 388 1688 quinta,
411 1596 456 1665 26
476 1591 608 1665 mensis
627 1592 782 1688 augusti,
803 1591 880 1666 dies
900 1592 1139 1666 anniversarii
1158 1592 1408 1666 coronationis

82 1721 182 1814 Pape,
211 1720 340 1792 ltmus.
371 1719 414 1790 D.
439 1716 636 1790 cardinalis
658 1717 871 1791 cusentinus
894 1716 1092 1791 celebravit
1110 1717 1260 1792 missam
1279 1717 1410 1792 solem·

81 1865 155 1915 nem
174 1841 212 1915 in
244 1841 386 1940 capella
407 1842 548 1938 majore
571 1841 709 1938 palatii,
735 1845 832 1939 Papa
857 1845 1051 1938 presente;
1075 1843 1172 1917 dicta
1189 1843 1257 1916 tuit
1275 1867 1405 1939 prosa:

80 1989 130 2040 me
142 1967 356 2042 ordinante.
382 1965 633 2040 lnterluerunt
655 1966 840 2040 sexdecim
858 1966 1062 2040 cardinales
1079 1966 1250 2042 videlicet
1267 1971 1410 2065 Neapo-

80 2092 217 2182 luanus,
243 2090 535 2190 Ulissiponensis,
555 2115 584 2164 s.
605 2089 791 2180 Praxedis,
806 2091 1112 2192 Montis-Regalis,
1126 2091 1407 2183 Alexandrinae,

81 2241 106 2288 s.
126 2216 269 2306 Crucis,
298 2215 570 2315 Agrigentinus,
596 2215 822 2306 Arborensis,
848 2217 1078 2307 cusentinus,
1104 2218 1406 2314 caputaquensis,

82 2341 303 2432 Mutinensia,
324 2341 510 2432 Senensis,
530 2341 702 2430 Medicas,
723 2367 753 2431 s,
778 2342 952 2432 Severini,
978 2341 1167 2418 Cesarinus
1192 2347 1228 2415 et
1255 2341 1405 2440 Borgia;

82 2467 194 2541 omnia
215 2466 409 2542 observata
425 2470 509 2540 sunt
525 2488 629 2540 more
648 2465 768 2540 solito.

123 2592 297 2682 Sabbato,
333 2597 379 2666 28
411 2591 567 2688 augusti,
603 2591 751 2665 intravit
780 2590 913 2665 Urbem
941 2614 1007 2689 per
1040 2597 1182 2689 purtem
1217 2593 1404 2684 Viridarii,

82 2715 148 2792 vioe
165 2741 236 2792 rex
252 2715 407 2790 civitatis
424 2714 662 2812 Neapolitano
681 2720 718 2788 et
739 2714 841 2812 regni
866 2714 987 2789 Sicilie
1009 2715 1070 2812 qui
1093 2723 1264 2814 receptus
1283 2717 1350 2791 tuit
1372 2724 1409 2792 et

83 2843 275 2918 associatus
294 2866 316 2916 a
338 2840 485 2915 familiis
503 2843 601 2937 Pape
628 2847 664 2914 et
686 2840 940 2930 cardinalium,
964 2864 1068 2916 more
1096 2842 1202 2916 solito
1230 2867 1344 2940 usque
1362 2844 1408 2916 ad
1495 2833 1502 2840 ’

83 2967 271 3065 hospitium
288 2990 407 3040 suum.

124 3093 230 3167 Ferie
257 3093 382 3184 tertia,
415 3095 461 3167 30
489 3093 625 3170 mensis
653 3093 809 3190 augusti,
840 3093 939 3167 eirca
965 3092 1095 3169 boram
1121 3093 1404 3190 quindecimam,

83 3223 260 3314 portatum
276 3217 486 3316 luitcorpus
503 3216 598 3292 bone
618 3217 795 3291 memorie
815 3221 856 3290 b.
879 3217 1024 3316 Georgii
1042 3218 1308 3316 archiepiscopi
1325 3223 1408 3292 Bm-

85 3339 274 3433 cbarensis,
304 3341 427 3416 fratris
451 3341 616 3440 germani
640 3345 683 3415 D.
702 3341 906 3416 cardinalis
928 3342 1209 3440 Ulissiponensis
1233 3344 1407 3418 dedomo

84 3467 238 3564 ejusdem
254 3465 454 3542 cardinalis
466 3467 504 3540 in
515 3491 587 3564 qua
604 3466 706 3558 obiit,
719 3466 910 3542 boemano
927 3468 1133 3557 antediem,
1150 3467 1195 3542 ad
1212 3468 1406 3542 ecclesiam

85 3589 114 3662 h.
137 3592 250 3666 llarie
269 3592 315 3665 de
334 3591 486 3689 Populo,
516 3591 736 3666 associatum
759 3615 780 3664 a
802 3591 955 3689 prelatis
981 3597 1017 3665 et
1041 3591 1186 3664 tamiliis
1210 3595 1273 3666 SS.
1297 3596 1340 3665 D.
1360 3595 1402 3666 N.

88 3718 171 3813 Papa
182 3716 759 3804 etcardinalium.Precesserunt
770 3716 1211 3815 intortioiaquadreginta
1222 3717 1410 3813 etsequuti

86 3847 159 3915 sunt
174 3842 309 3916 funesti
326 3840 465 3938 viginti,
486 3842 613 3941 viginti
631 3865 738 3933 unus,
757 3843 813 3916 vel
830 3843 943 3918 circa.
1029 3919 1032 3922 .

128 3967 297 4058 Sabbato,
320 3966 494 4040 emensis
511 3967 745 4065 septembris,
766 3969 867 4043 cirea
881 3969 1013 4044 boram
1031 3991 1280 4065 vesperarum,
1301 3990 1409 4042 vene-

88 4097 161 4167 mnt
176 4115 267 4167 nova
286 4079 331 4166 de
353 4091 588 4167 matrimonio
606 4093 780 4168 concluso
798 4099 835 4168 et
853 4099 1044 4169 contracto
1061 4093 1159 4167 inter
1175 4087 1406 4190 Alpbonsum

88 4217 358 4317 primogenitum
386 4218 490 4291 ducis
516 4217 683 4292 Ferraria
711 4226 746 4292 et
772 4221 816 4293 b.
838 4219 1047 4294 Lucretiam
1075 4217 1259 4315 Borgiam,
1289 4242 1408 4316 nuper

88 4341 309 4440 aragoniam,
323 4343 444 4440 potius
461 4341 649 4432 Stortiam,
670 4343 783 4417 liliam
795 4347 905 4440 Pape,
928 4343 1111 4418 Ferraria.
1135 4347 1291 4441 Propter
1310 4342 1407 4439 quod

89 4463 130 4535 ab
142 4465 201 4540 illa
216 4465 310 4542 bora
330 4491 443 4564 usque
468 4467 515 4540 ad
541 4471 688 4542 noctem
707 4468 880 4542 continue
898 4473 1015 4542 tracte
1040 4471 1125 4541 sunt
1148 4467 1353 4541 bombarde
1372 4465 1409 4538 in

90 4593 196 4664 castro
213 4616 242 4666 s.
260 4591 403 4689 Angeli,
427 4595 476 4682 et,
502 4591 561 4665 die
586 4590 772 4668 dominica
794 4594 974 4691 sequenti,
1001 4593 1129 4668 edicti
1153 4591 1302 4682 mensis,
1329 4592 1410 4687 post

92 4715 282 4808 prandium,
308 4717 476 4814 predicta
497 4718 668 4792 Lucretia
691 4718 864 4814 equitavit
886 4719 930 4792 de
957 4717 1093 4816 palatio
1118 4717 1155 4790 in
1182 4741 1254 4814 quo
1274 4713 1409 4788 residet

94 4858 189 4934 usque
207 4843 252 4914 ad
270 4841 464 4915 ecclesiam
478 4841 513 4915 b.
534 4841 648 4916 ltlerie
659 4843 703 4916 de
722 4843 874 4941 Populo,
897 4843 1023 4916 induta
1035 4842 1190 4916 vestede
1208 4837 1408 4913 broeebato

95 4963 158 5034 auri
174 4965 249 5040 ricii
267 4965 381 5056 tirati,
402 4965 584 5041 associata
602 4992 624 5040 a
640 4970 815 5044 trecentis
833 4969 935 5066 equis
954 4967 1010 5044 vel
1028 4966 1146 5056 ci1·ea;
1167 4969 1204 5038 et
1223 4968 1306 5036 ante
1325 4985 1407 5036 eam

96 5088 288 5184 equitabant
313 5098 469 5188 quatuor
494 5090 656 5192 episcopi
680 5091 849 5169 videlieet
874 5096 917 5168 Ι).
942 5093 1185 5191 Hieronymus
1212 5089 1257 5162 de
1277 5093 1408 5186 Parca·

100 5211 167 5304 riis,
191 5217 383 5316 episcopus
410 5219 637 5307 AndriensiS,
660 5221 702 5291 D.
721 5219 935 5298 Vincentius
959 5219 1152 5316 episcopus
1179 5215 1407 5304 Bitoctensis,

215 5385 240 5426 τ.
260 5389 298 5426 ιιι.
1190 5415 1194 5424 ,
1234 5369 1263 5422 ll
