3590 6042
312 604 347 708 24'
766 634 943 692 nonnanis
967 633 1190 704 abacelam,
1479 631 1559 696 [uss
1576 635 1655 696 ran]

311 802 406 900 copi;
421 827 449 874 s.
464 796 674 882 Clementis,
685 795 972 876 Beneventanus
987 811 1016 859 s.
1030 787 1239 876 Praexedis,
1254 787 1418 874 Ursinus,
1431 784 1655 858 Alexandri-

312 953 392 1018 nus,
407 953 436 1000 s.
454 925 590 1011 Crucis,
609 917 879 1017 Agrigentinus,
899 913 1107 1010 Capuanus,
1122 912 1340 1010 presbyteri,
1358 912 1403 986 ab
1419 935 1490 984 uno
1507 911 1651 998 latere;

311 1055 355 1128 ab
370 1053 453 1139 alio,
483 1046 653 1124 Senensis
678 1050 714 1117 et
730 1040 934 1125 Farnesius,
953 1038 1109 1126 diaconi,
1137 1038 1198 1134 qui
1223 1043 1306 1134 post
1330 1038 1481 1110 missam
1504 1036 1656 1109 iverunt

313 1200 439 1251 omnes
466 1176 513 1249 ed
532 1174 712 1246 honorem
740 1164 932 1240 cardinalis
947 1162 1177 1260 Neapolitani
1193 1161 1239 1235 ad
1253 1162 1333 1259 ejus
1348 1161 1543 1258 capellam.

362 1299 551 1376 Dominica
574 1297 693 1394 prima
712 1289 1005 1388 quadragesime,
1023 1292 1044 1360 8
1061 1286 1197 1375 martii,
1214 1290 1256 1359 R.
1276 1289 1315 1359 P.
1335 1290 1377 1359 n.
1397 1287 1538 1374 Petrus,
1554 1285 1657 1382 epis·

312 1453 424 1526 copus
440 1422 653 1511 Calmensis,
683 1415 878 1491 celebravit
904 1415 1053 1487 missam
1079 1411 1260 1508 publicam
1286 1410 1323 1484 in
1346 1411 1485 1508 capelle
1509 1411 1655 1506 maiore

312 1555 452 1652 palatii,
470 1555 568 1646 Papa
583 1549 770 1644 presente3
799 1540 1003 1616 orationem
1026 1537 1112 1612 lecit
1136 1540 1353 1635 procurator
1376 1537 1514 1610 ordinis
1528 1535 1655 1634 predi·

313 1685 489 1752 catorum.

358 1804 462 1877 Faria
472 1805 611 1897 quarta,
631 1802 669 1868 tt
686 1791 951 1869 mensismartii
965 1791 1297 1866 luitconsistorium
1308 1796 1488 1864 secretum
1496 1787 1654 1885 adquod

314 1929 458 2002 luerunt
475 1924 593 1998 vocati
618 1943 745 1995 omnes
764 1926 930 1992 oratores
952 1939 1081 2014 regum
1104 1921 1140 1991 et
1157 1916 1365 2014 principum
1385 1914 1421 1986 in
1435 1913 1532 1987 Urbe
1551 1912 1653 1988 exis·

315 2059 448 2142 tentes;
473 2048 714 2123 interfuerunt
740 2045 934 2142 episcopus
954 2042 1185 2138 segoviensis
1213 2051 1248 2115 et
1273 2039 1497 2113 Philibertus
1522 2043 1654 2112 orator

315 2179 409 2274 regis
425 2181 683 2262 Romanorum,
707 2172 901 2268 episcopus
921 2169 1166 2251 Trecorensis‚
1184 2172 1309 2241 orator
1324 2165 1488 2254 Francia,
1506 2165 1653 2260 episco

314 2329 381 2402 pus
396 2299 676 2398 wigorniensis,
696 2301 820 2370 orator
840 2296 936 2391 regis
961 2293 1105 2390 Anglie,
1124 2294 1197 2366 duo
1213 2297 1381 2366 oratores
1396 2291 1491 2387 regis
1508 2293 1652 2388 Neapo

315 2429 431 2518 litaui,
448 2428 577 2500 unicus
592 2431 718 2498 orator
732 2423 829 2519 regis
844 2421 1114 2518 Hispaniarum,
1141 2427 1305 2492 oratores
1320 2421 1559 2505 Venetorum,
1584 2417 1654 2488 du-

313 2557 365 2626 cis
388 2552 569 2627 Sabaudie
586 2547 943 2624 etFlorentinorum.
974 2549 1072 2641 Papa
1099 2545 1291 2641 proposuit
1319 2541 1523 2640 periculum
1550 2541 1651 2638 quod

314 2677 525 2752 christianis
541 2699 607 2772 per
623 2678 762 2747 Turcos
773 2671 1061 2744 comminaretur
1078 2675 1113 2743 et
1124 2671 1219 2766 quod
1237 2668 1444 2765 scripsisset
1459 2667 1504 2740 de
1518 2689 1649 2740 mense

314 2803 471 2876 octobris
491 2803 576 2873 anni
600 2798 767 2896 proxime
783 2795 948 2893 preteriti
965 2795 1112 2890 regibus
1134 2801 1169 2867 et
1194 2792 1422 2890 principibus
1435 2791 1650 2866 christianis

315 2927 412 3022 quod
428 2926 617 2998 mitterent
632 2921 801 2994 mandata
815 2921 860 2994 ad
875 2921 1139 2994 consulendum
1162 2925 1196 2992 et
1212 2901 1474 3015 providendum
1490 2918 1651 2990 necessi-

316 3051 375 3124 tati
393 3048 609 3136 christiane3
626 3051 663 3119 et
690 3069 773 3119 cum
795 3045 915 3118 nullus
930 3045 1182 3143 responderet,
1204 3044 1395 3118 admonuit
1422 3046 1567 3118 iterum.
1592 3047 1647 3118 Ad

317 3175 412 3246 idem
428 3173 536 3246 audio
553 3172 665 3246 luisse
681 3194 894 3267 responsum
915 3194 980 3267 per
1002 3193 1112 3243 uuum
1134 3169 1329 3242 convenire
1354 3171 1566 3266 magistrari
1586 3195 1649 3267 pa-

309 3322 395 3372 cem
412 3305 448 3371 et
461 3297 694 3370 concordiam
721 3298 816 3368 inter
839 3297 1023 3398 principes
1039 3297 1271 3390 christianos,
1297 3297 1428 3372 deinde
1454 3320 1533 3368 rem
1560 3299 1648 3368 Tur-

314 3445 441 3495 carum
455 3423 604 3496 tractari
620 3445 627 3494 :
646 3421 754 3494 audio
771 3421 882 3493 etiam
907 3425 1044 3516 Papam
1060 3423 1240 3517 premissa
1256 3421 1492 3520 proposuisse
1508 3421 1553 3493 ad
1571 3421 1646 3492 ins-

314 3547 464 3622 tantiam
481 3552 706 3624 Venetorum
721 3551 757 3620 et
772 3568 841 3643 pro
857 3569 986 3618 eorum
1003 3539 1178 3620 interesse
1195 3547 1420 3644 particulari.

362 3673 466 3745 Feria
482 3673 620 3768 quinta,
642 3675 685 3743 12
702 3671 790 3743 dicti
807 3671 955 3758 mensis,
974 3669 1067 3742 lesto
1084 3696 1112 3742 s.
1131 3673 1293 3768 Gregorii
1308 3697 1414 3770 papo,
1433 3676 1475 3744 R.
1497 3675 1539 3744 l).
1558 3675 1642 3745 Cor-

314 3801 440 3879 settus‚
464 3795 592 3867 doctor
617 3793 881 3874 auditorandus
907 3793 1051 3888 repetiit
1074 3795 1274 3891 capitulum
1297 3797 1331 3867 in
1347 3799 1482 3892 puncto
1499 3795 1568 3866 sibi
1585 3795 1646 3867 da·

318 3927 393 3990 tum
407 3940 490 3990 cum
504 3919 578 3988 suis
594 3914 901 4004 conclusionibus
921 3919 957 3989 et
971 3915 1064 3988 bene
1081 3920 1280 4014 respondit.

362 4041 552 4117 Dominica
565 4040 726 4112 secunda
737 4038 1029 4135 quadragesime,
1052 4046 1094 4113 15
1109 4043 1272 4138 ejusdem
1288 4043 1424 4115 mensis
1441 4043 1577 4130 martii,
1599 4045 1638 4114 D.

313 4165 528 4262 Stephanus,
552 4164 847 4260 archiepiscopus
869 4165 1108 4256 PatracensiS,
1126 4166 1299 4241 assistens
1320 4172 1429 4263 Papo,
1450 4165 1643 4240 celebravit

312 4291 458 4364 missam
483 4289 665 4387 publicam
692 4289 728 4361 in
752 4288 890 4384 capella
909 4290 1047 4387 majore
1071 4290 1192 4387 palatii
1215 4292 1417 4388 apostolici,
1445 4295 1542 4390 Papa
1563 4314 1641 4390 pre-

311 4422 430 4505 sente;
449 4415 651 4489 orationem
671 4415 756 4488 tecit
772 4421 984 4510 procurator
999 4413 1135 4488 ordinis
1146 4416 1338 4506 Minorem,
1358 4421 1398 4490 R.
1420 4421 1462 4489 t).
1482 4419 1640 4492 Bernar-

311 4541 430 4631 diuus,
448 4539 745 4636 prothonotarius
760 4539 996 4636 apostolicus,
1011 4538 1082 4612 alia
1093 4563 1195 4613 more
1212 4541 1330 4615 solito.

146 4689 153 4708 ·
184 4700 190 4714 ·
238 4743 242 4750 ,
361 4663 613 4762 Superioribus
627 4663 754 4736 diebus
768 4664 979 4736 nunciatum
994 4669 1049 4737 est
1064 4664 1110 4737 ad
1126 4666 1272 4754 Urbem,
1291 4666 1349 4740 die
1360 4667 1459 4754 lune,
1480 4671 1526 4739 24
1542 4691 1644 4740 men-

311 4793 359 4864 sis
375 4789 547 4866 lebruarii
563 4788 738 4887 preteriti,
757 4789 794 4860 in
810 4811 939 4861 aurora
957 4787 1041 4878 diei,
1069 4789 1143 4863 sole
1160 4789 1336 4864 existente
1352 4791 1387 4862 in
1403 4791 1579 4888 piscibus,
1598 4815 1640 4866 ex

312 4915 554 4988 illustrissimo
578 4913 742 5010 Philippo
762 4913 956 4987 archiduce
980 4916 1123 4987 Austris
1149 4923 1186 4989 et
1209 4915 1452 4989 illustrissima
1475 4917 1643 4990 Johanna

312 5040 385 5112 tilia
399 5041 495 5136 regis
511 5045 547 5113 et
562 5038 686 5135 regine
705 5038 957 5134 Hispaniarum
973 5045 1096 5112 natum
1113 5063 1192 5113 esse
1209 5040 1410 5137 principem
1426 5041 1483 5113 eui
1499 5041 1536 5113 in
1552 5043 1642 5138 bap-

314 5163 419 5234 tismo
435 5164 643 5261 impositum
660 5168 715 5236 est
727 5185 861 5237 nomen
874 5163 1039 5254 Carolus;
1058 5165 1104 5236 ob
1118 5187 1226 5262 quam
1243 5189 1321 5238 rem
1337 5170 1378 5238 R.
1398 5169 1440 5238 D.
1457 5165 1644 5262 Philippus

314 5287 497 5378 NatureUi,
513 5293 635 5361 orator
650 5287 871 5363 serenissimi
894 5294 1139 5364 Romanorum
1155 5291 1265 5387 regis,
1283 5290 1395 5364 voluit
1408 5289 1507 5385 quod
1522 5289 1643 5363 eccle-
