3506 6034
104 610 251 676 [Novembre
266 609 336 670 15⁰³]
427 607 553 666 RERUM
579 605 806 666 URBANARUM
830 602 1093 663 commentatur.
1366 607 1418 663 297

106 761 362 836 conficeremus
384 761 540 858 desuper
557 762 838 834 instrumentum
856 767 892 834 et
919 761 1175 832 instrumenta.
1198 763 1322 832 Testes
1341 759 1420 832 lue-

103 891 179 960 runt
194 889 268 958 DD.
295 890 472 974 Ventura,
491 887 683 982 episcopus
707 889 909 974 Massanus,
927 884 1059 958 Paulus
1077 885 1121 956 de
1142 883 1288 972 Plance,
1308 885 1420 957 Justi-

102 1035 160 1084 nos
190 1009 233 1083 de
262 1011 432 1098 Caroziis,
464 1009 673 1107 alphonsus
699 1011 866 1099 Ricenas,
891 1009 1055 1082 advocati
1084 1007 1354 1081 consistoriales
1382 1014 1415 1081 et

102 1136 249 1208 ltioneus
265 1139 451 1225 bleranus,
466 1136 625 1232 scriptor
641 1135 876 1234 apostolicus.
892 1135 1042 1223 Deinde,
1061 1137 1191 1231 parato
1207 1155 1334 1206 mensa
1350 1157 1418 1231 pro

99 1357 169 1412 qoem
184 1337 348 1396 camerarius
372 1341 402 1398 S.
426 1340 464 1400 ll.
492 1340 522 1395 E.
544 1338 652 1412 requiro
676 1357 725 1395 vos
753 1339 880 1406 notarios,
904 1345 931 1394 et
952 1337 1101 1412 quemlibet
1120 1347 1253 1409 vestrum,
1277 1357 1308 1396 ac
1332 1343 1417 1396 testes

100 1435 210 1502 rogatos,
224 1428 298 1502 quod
314 1428 505 1486 sanctissimus
515 1427 643 1484 dominus
658 1427 886 1485 nosterdominus
896 1426 985 1483 Julius
995 1443 1066 1500 papa
1081 1428 1105 1483 ll
1123 1427 1277 1484 subscribat
1288 1433 1417 1500 tanquam

99 1536 158 1594 papa
172 1517 304 1593 praedicta
315 1517 435 1592 capitula
449 1517 558 1592 publica
572 1523 599 1574 et
615 1517 731 1590 privata,
750 1536 812 1590 quae
826 1516 907 1591 paulo
921 1523 984 1573 ante
1000 1517 1069 1573 inter
1088 1535 1138 1573 nos
1156 1535 1250 1574 ornnes
1264 1515 1418 1572 cardinales

98 1607 174 1680 primo
188 1607 299 1664 luerunt
313 1607 447 1676 ordinata,
465 1605 562 1664 deinde
576 1607 675 1680 jurate.
693 1629 707 1657 n

129 1713 140 1738 a
159 1688 249 1750 Tenor
267 1714 331 1752 vero
346 1696 466 1753 omnium
488 1701 514 1752 et
530 1695 701 1768 singulorum
723 1696 901 1770 capitulorum
916 1695 1095 1772 publicorum,
1116 1697 1150 1752 de
1169 1695 1269 1770 quibus
1284 1711 1366 1768 supra
1388 1693 1420 1751 stt

99 1781 201 1852 mentio,
225 1785 349 1860 sequitur
363 1793 391 1842 et
410 1792 453 1843 est
467 1783 530 1842 talis
546 1803 553 1841 :
570 1787 627 1842 Nos
646 1803 740 1842 omnes
760 1793 787 1842 et
806 1785 907 1858 singuli
922 1785 956 1842 S.
980 1785 1017 1842 ll.
1036 1787 1065 1842 E.
1087 1783 1238 1842 cardinales
1254 1781 1418 1855 inlrescripti

97 1883 138 1939 pro
152 1868 223 1927 bono
242 1879 269 1929 et
294 1872 363 1930 telici
378 1874 509 1948 regimine
532 1879 615 1948 atque
631 1873 837 1930 conservatione
862 1880 950 1930 status
968 1872 1129 1930 universalis
1146 1871 1283 1941 Ecclesia,
1293 1871 1418 1945 juramus

98 1963 121 2012 et
133 1974 261 2016 vovemus
286 1963 343 2018 Deo
358 1962 548 2037 omnipotenti,
573 1970 601 2020 ct
615 1963 667 2020 SS.
685 1964 766 2018 Petro
785 1969 811 2018 et
826 1961 912 2018 Paulo
933 1969 1016 2036 atque
1032 1961 1158 2018 omnibus
1172 1961 1275 2018 sanetis
1288 1960 1417 2016 Ecclesiae

98 2061 146 2102 sue
161 2055 262 2107 sancte
274 2051 457 2124 promittimus
473 2053 556 2126 quod,
573 2051 596 2108 si
611 2051 711 2125 aliquis
724 2068 757 2107 ex
772 2050 852 2107 nobis
867 2051 969 2107 electus
986 2051 1107 2107 fueritin
1122 2068 1231 2126 papam,
1249 2049 1339 2106 statim
1353 2057 1417 2124 post

98 2135 246 2194 electionem
260 2139 293 2195 dc
307 2157 336 2196 se
349 2139 510 2197 celebratam
525 2140 628 2215 jurabit
640 2147 666 2197 et
680 2139 789 2197 vovebit
802 2158 869 2214 pure
889 2147 917 2198 et
936 2140 1095 2215 simpliciter
1109 2147 1136 2197 et
1154 2140 1227 2197 bone
1241 2140 1294 2197 fide
1310 2157 1418 2197 serrare

97 2232 120 2280 et
136 2227 235 2283 serrari
250 2227 338 2286 lacere
357 2237 384 2288 et
398 2230 544 2305 adimplere
563 2251 624 2288 cum
638 2233 735 2290 ellectu
755 2233 846 2290 omnia
862 2240 889 2290 et
904 2233 1014 2307 singula
1027 2233 1198 2308 infrascripta
1212 2230 1340 2307 capitulo,
1357 2247 1417 2286 nee-

98 2314 244 2373 nonfacere
263 2319 353 2392 rogari
370 2325 424 2376 tres
438 2320 569 2390 notarios,
585 2321 619 2376 de
631 2321 789 2394 eisdemque
804 2321 932 2396 capitulis
948 2323 1011 2379 dore
1021 2322 1132 2378 cedulas
1148 2339 1240 2378 eorum
1257 2317 1419 2394 etpublicas

99 2402 189 2474 bullas,
205 2415 287 2480 prout
302 2409 328 2464 in
347 2409 475 2484 capitulis
490 2409 601 2484 privatis
621 2417 664 2467 est
676 2428 849 2484 expressum.
874 2414 903 2468 ln
919 2412 1014 2486 primis
1028 2409 1130 2485 jurabit
1145 2417 1173 2467 et
1192 2408 1330 2484 promittet
1345 2407 1419 2480 quod

98 2492 251 2552 adveniente
261 2514 327 2553 casu
337 2499 510 2556 necessitatis
521 2499 700 2556 subveniendi
716 2500 842 2557 fidelibus
855 2501 1036 2568 Christianus,
1050 2507 1101 2557 etc.
1117 2499 1197 2574 (Voy.
1209 2505 1229 2556 t.
1240 2499 1262 2568 l,
1274 2515 1301 2571 p.
1314 2497 1416 2568 ts-5tt.

130 2605 142 2630 v
162 2581 261 2641 Votum
276 2593 304 2643 et
314 2587 499 2659 juramentum
514 2589 584 2647 tracta
598 2606 616 2645 e
629 2589 812 2648 cardinalibus
828 2608 911 2664 super
927 2589 1090 2666 promissis.

129 2696 141 2720 v
161 2671 216 2729 Nos
231 2691 326 2731 omnes
339 2682 366 2732 et
380 2676 483 2752 singuli
499 2677 534 2735 S.
553 2678 591 2736 tt.
610 2679 644 2734 E.
661 2677 813 2736 cardinales
823 2679 984 2754 congregati
999 2679 1093 2736 Romae
1112 2678 1139 2734 in
1154 2676 1257 2752 palatio
1270 2675 1420 2750 apostolico

99 2761 284 2832 praelectione
299 2763 414 2822 Romani
430 2767 571 2824 Pontifieis
591 2767 672 2825 loturi
688 2768 715 2823 in
731 2767 863 2836 conclavi,
885 2775 947 2824 ante
962 2767 1039 2825 altari
1059 2767 1087 2823 in
1102 2785 1156 2841 quo
1171 2766 1256 2822 missa
1270 2763 1420 2820 communis

99 2848 219 2907 celebrari
235 2855 386 2922 consuerit,
404 2856 561 2930 supradicta
583 2855 701 2932 capitula
723 2857 792 2913 iuter
813 2875 864 2913 nos
879 2857 1043 2914 unanimiter
1066 2863 1093 2912 ct
1107 2854 1276 2912 ‹concorditer
1297 2853 1421 2911 ordinata

99 2955 141 3010 pro
161 2940 317 2999 detonsione
341 2944 481 3001 catholiea
496 2945 559 3000 lldei
581 2951 608 3002 et
630 2945 835 3002 conservatione
846 2945 973 3002 Ecclesiae
993 2945 1136 3014 libertatis,
1159 2961 1208 3020 pro
1233 2942 1420 3000 reformatione

99 3025 228 3098 Ecclesia,
252 3031 277 3086 in
293 3031 381 3106 capite
401 3039 428 3089 et
448 3033 475 3088 in
491 3033 631 3102 membris,
647 3052 678 3090 ac
694 3033 799 3090 vinculo
814 3035 953 3091 charitatis
975 3043 1002 3091 et
1021 3033 1096 3109 pacis
1111 3034 1180 3090 inter
1200 3050 1334 3090 summurn
1350 3031 1421 3088 Pon-

101 3113 188 3172 tificem
211 3124 238 3174 et
253 3119 349 3178 tratres
368 3123 428 3196 ejus
444 3123 479 3182 S.
502 3125 537 3181 tt.
554 3125 584 3180 t.
606 3124 757 3181 cardinales
779 3124 974 3194 confirmando,
991 3141 1121 3182 vovemus
1141 3125 1243 3180 Decet
1264 3122 1323 3196 ejus
1344 3127 1412 3178 matr

101 3203 183 3260 llariae
205 3205 312 3281 Virgini
336 3209 464 3284 gloriose,
489 3219 516 3270 et
538 3211 627 3269 beatis
656 3212 786 3286 apostolis
811 3213 893 3270 Petro
917 3221 944 3270 et
967 3213 1048 3270 Paulo
1077 3213 1181 3288 totique
1202 3211 1305 3269 emlesti
1329 3210 1420 3280 curie,

98 3293 211 3364 jurantes
225 3297 260 3352 ad
276 3309 372 3356 sancta
387 3300 436 3356 Dei
452 3301 600 3372 Evangelia
621 3301 798 3376 corporaliter
820 3319 868 3375 per
893 3320 943 3360 nos
968 3303 1049 3371 tacta,
1075 3311 1100 3359 el
1115 3300 1274 3359 alteralteri
1288 3319 1319 3356 uc
1342 3300 1422 3357 etium

101 3382 202 3439 notariis
221 3387 338 3460 publicis
362 3387 551 3464 infrascriptis,
575 3397 706 3466 tanquam
728 3391 854 3464 personis
877 3391 1017 3464 legitimis,
1041 3392 1148 3448 nomine
1169 3400 1269 3450 sancte
1293 3393 1422 3450 Romanae

103 3469 217 3528 Ecclesia
241 3492 272 3530 ac
300 3476 369 3532 sacri
389 3477 496 3552 collegii
519 3480 615 3546 nostri,
643 3497 674 3536 ac
698 3479 818 3537 omnium
844 3499 959 3556 quorum
980 3479 1095 3536 interest
1120 3479 1323 3555 stipulantibus,
1349 3481 1421 3552 quod

101 3560 253 3637 quicumque
281 3573 403 3623 nostrum
427 3569 474 3641 qui
499 3569 578 3625 luerit
598 3578 758 3644 assumptus
782 3571 816 3626 ad
831 3569 936 3644 apicem
955 3569 1135 3644 apostolatus,
1151 3569 1222 3625 omni
1238 3569 1310 3637 dolo,
1329 3567 1421 3623 lrarrde

102 3653 122 3702 n
138 3650 335 3710 machinatione
355 3657 536 3724 cessantibus,
557 3665 584 3715 et
603 3660 674 3714 omni
698 3677 809 3734 prorsus
831 3659 989 3733 exceptione
1013 3667 1125 3726 semote,
1150 3656 1269 3715 servabit
1289 3663 1317 3713 et
1336 3656 1421 3712 adim·

101 3735 177 3807 plebit
194 3741 283 3797 omnia
298 3750 326 3799 et
341 3744 450 3817 singule
463 3746 490 3801 in
510 3747 591 3804 dictis
604 3747 728 3824 capitulis
742 3757 879 3818 contenta,
897 3767 947 3805 nec
970 3749 1022 3806 illis
1040 3755 1087 3806 aut
1103 3765 1196 3805 eorum
1214 3747 1294 3804 alicui
1313 3755 1421 3804 contra-

102 3827 183 3885 veniet
198 3829 301 3887 directe
324 3840 371 3888 aut
391 3835 532 3904 indirecte,
553 3836 659 3911 publice
676 3837 718 3893 vel
739 3838 853 3900 occulte,
874 3839 1003 3912 quodque
1026 3845 1088 3911 post
1107 3839 1264 3895 electionem
1288 3844 1335 3894 aut
1360 3845 1422 3895 ante

104 3917 298 3988 publicationem
324 3923 415 3978 omnia
439 3932 466 3980 et
491 3926 600 3999 singula
620 3926 791 3984 confirmabit
814 3935 841 3984 et
866 3927 1027 4002 approbabit
1054 3927 1210 3985 authentico
1234 3928 1315 3984 modo
1339 3937 1365 3984 et
1388 3927 1422 3982 de

104 4021 164 4062 novo
182 4025 275 4082 puram
292 4011 501 4084 promissionem
522 4015 601 4072 laeiet
613 4015 695 4071 etium
715 4033 763 4090 per
778 4016 847 4072 viam
865 4023 1021 4074 contractus
1039 4016 1067 4071 in
1081 4017 1208 4073 omnibus
1224 4025 1251 4074 et
1269 4015 1421 4090 peremnia

104 4111 182 4152 eoram
203 4099 329 4156 omnibus
345 4101 424 4158 nobis
438 4111 465 4159 et
480 4104 592 4162 notariis
608 4121 639 4160 ac
661 4105 776 4162 testibus
792 4124 852 4162 eum
873 4105 1073 4180 subscriptione
1089 4123 1187 4161 manus
1202 4105 1326 4180 propria,
1343 4097 1422 4160 simili

104 4190 166 4252 voto,
188 4187 352 4260 juramento,
378 4190 544 4265 obligatione
566 4201 593 4252 et
618 4195 792 4268 stipulatione
820 4195 958 4269 promittet
981 4197 1049 4269 ipse,
1079 4195 1126 4270 qui
1153 4213 1186 4250 ex
1214 4195 1294 4252 nobis
1320 4194 1422 4251 electus

105 4271 181 4344 luerit,
197 4278 363 4352 apraedietis
387 4281 577 4354 promissione,
593 4292 656 4342 voto
671 4293 698 4342 et
710 4283 885 4358 obligatione,
909 4293 936 4340 et
955 4283 1101 4359 juramenti
1125 4287 1298 4358 praestatione
1318 4297 1344 4341 et
1364 4285 1423 4358 ejus

105 4357 280 4422 observatione
300 4385 331 4424 ac
350 4371 478 4428 omnibus
502 4381 529 4430 et
552 4373 668 4448 singulis
688 4373 714 4428 in
735 4373 815 4430 dictis
839 4371 966 4447 capitulis
988 4373 1123 4430 contentis
1145 4373 1346 4430 absolutionem
1368 4391 1423 4429 non

106 4455 183 4519 petere
195 4471 244 4511 aec
259 4455 312 4513 sibi
328 4461 438 4515 concedi
450 4461 548 4533 lacere,
560 4470 608 4520 aut
618 4481 750 4520 concessa
763 4463 813 4533 uti,
822 4480 872 4518 nec
884 4462 944 4535 ipse
957 4469 1091 4536 potestate
1102 4481 1150 4536 per
1165 4463 1253 4538 ipsum
1265 4463 1422 4538 eligendum

106 4535 170 4594 alteri
184 4543 246 4601 data
270 4564 300 4602 se
320 4546 399 4605 faciet
423 4551 544 4622 absolvi,
561 4571 611 4609 seu
630 4553 713 4610 etiam
737 4569 829 4608 secum
852 4550 879 4606 in
898 4551 989 4625 aliquo
1010 4551 1175 4626 dispensari,
1192 4553 1264 4625 quod
1283 4553 1304 4608 si
1329 4551 1422 4610 forsan

108 4627 178 4724 (quod
190 4633 272 4706 absit)
289 4635 387 4710 aliquis
402 4647 525 4697 nostrum
540 4643 573 4698 ed
591 4641 783 4700 Pontificatum
799 4643 912 4710 electae,
928 4651 956 4698 ut
971 4642 1120 4716 praefertur,
1135 4642 1272 4716 praedictis
1291 4649 1339 4698 aut
1352 4659 1424 4714 prm·

107 4713 223 4778 dictorum
239 4724 322 4798 aliqui
336 4729 536 4800 contraveniat,
548 4737 680 4806 tanquam
695 4739 870 4805 trangressor
886 4731 940 4787 voti
955 4748 986 4786 ac
1007 4731 1069 4786 lldei
1085 4731 1213 4806 praestitm
1232 4749 1263 4788 ac
1285 4731 1421 4804 perjurus,

109 4807 220 4878 tanquam
236 4813 316 4870 etiem
331 4819 504 4890 perturbator
523 4831 549 4878 et
565 4821 761 4879 scandalizator
775 4821 903 4878 Ecclesia
919 4827 945 4878 et
959 4821 1044 4878 totius
1061 4819 1275 4876 Christianitatis
1291 4819 1424 4876 habeatur

109 4897 131 4946 ⁰1
147 4907 286 4973 reputetur,
305 4912 332 4962 et
354 4925 386 4962 ex
407 4927 481 4964 nunc
499 4911 546 4967 dot
571 4917 598 4966 et
619 4911 745 4968 concedit
769 4911 924 4966 laenitatem
944 4917 970 4967 et
991 4916 1153 4985 potestatem
1172 4908 1280 4964 duabus
1301 4906 1423 4982 partibus

110 4979 203 5076 ltlltgii
217 4996 401 5068 congregandi
414 4997 563 5055 Concilium
576 5001 713 5074 generale,
724 4999 954 5075 cujussententiae
970 4999 1006 5073 tin
1021 5016 1156 5056 concursu
1169 5015 1310 5074 paenarum
1326 5015 1422 5071 supra·

109 5067 233 5172 dretqrum,
249 5090 275 5138 et
294 5082 408 5142 aliarum
424 5088 457 5142 de
476 5089 537 5161 jure
557 5097 668 5163 propter
689 5089 883 5164 praedictorum
903 5089 1039 5165 publicam
1062 5087 1205 5146 utilitatem
1223 5095 1251 5144 et
1270 5086 1422 5144 ubertatem

111 5171 169 5216 taen
187 5167 290 5245 collegii
306 5173 507 5248 respicientium
524 5179 771 5254 transgressionem
786 5179 1010 5254 inlligendarum)
1026 5197 1056 5236 se
1071 5176 1182 5252 subjicit
1196 5183 1224 5234 et
1238 5176 1384 5235 submittit.
1415 5187 1421 5195 ’

142 5271 153 5300 v
172 5251 200 5309 tt
212 5253 321 5334 insuper
345 5281 505 5324 aesomnes
525 5267 677 5327 cardinales
691 5267 874 5345 promittimus
895 5277 923 5329 et
933 5269 1058 5344 juramus
1082 5285 1113 5324 ac
1127 5284 1268 5338 vovemus,
1286 5267 1308 5322 si
1331 5267 1358 5322 in
1373 5265 1422 5322 oli·
