3520 6036
319 395 372 448 35¹2
691 397 707 418 ⁸
758 389 933 444 lbltANo‘ts'
961 386 1179 448 bttlvcllattbt,
1231 406 1232 410 ¹
1499 387 1630 441 tlt-uitas.

320 565 384 616 suo
404 543 496 614 inter
513 539 718 614 cardinales
742 547 778 612 ot
801 563 872 611 non
898 546 977 636 post
996 559 1137 626 omues,
1159 537 1360 626 celebrans,
1379 535 1462 608 data
1479 535 1646 608 berndo-

320 669 417 740 tiouc
441 689 507 762 por
527 669 662 761 Papam
685 663 828 736 intravit
857 661 1056 736 sacristiam
1082 662 1143 734 ubi
1171 662 1336 758 deposuit
1362 685 1482 733 sacras
1517 671 1643 734 vestas.

319 795 404 864 Post
427 789 587 878 missam,
614 792 710 885 Papa
734 787 905 884 depositis
928 785 1071 860 insede
1097 810 1161 858 sua
1180 785 1339 882 pluviali,
1360 785 1465 858 mitra
1485 789 1523 856 et
1544 787 1643 857 stola.

217 1001 221 1010 Ι
317 915 455 1010 recepit
474 913 634 1010 priorem
650 912 814 984 habitum
834 935 917 985 cum
938 933 1008 1006 quo
1024 909 1187 983 ascendit
1201 909 1373 1005 palatium
1395 935 1423 980 s.
1441 911 1571 992 Marci,
1591 909 1643 980 ubi

318 1039 401 1111 lecit
432 1035 635 1134 prandium,
654 1043 689 1109 et
714 1060 797 1109 cum
822 1057 866 1108 co
892 1041 964 1108 tres
988 1033 1190 1106 cardinales
1216 1032 1383 1106 videlicet
1407 1033 1641 1110 camerarius.

318 1165 589 1236 Beneventanus
605 1167 641 1234 et
655 1161 889 1234 blimatansis.
910 1163 994 1232 Post
1008 1158 1209 1255 prandium,
1229 1157 1266 1230 ia
1280 1158 1401 1254 prima
1413 1157 1498 1230 aula
1511 1159 1642 1231 lactum

316 1287 380 1360 luit
403 1285 650 1382 spectaculum
677 1283 858 1380 quoddam
883 1283 929 1357 ad
952 1282 1158 1356 instantiam
1188 1283 1347 1379 Magistri
1369 1283 1488 1356 Creoli
1517 1283 1639 1356 calzet-

317 1409 411 1496 tarii,
435 1411 531 1506 quod
549 1434 619 1483 non
643 1417 720 1483 crat
744 1433 861 1506 neque
886 1408 1049 1504 tragedia
1071 1431 1189 1504 nequo
1206 1407 1384 1498 comedia,
1412 1407 1642 1503 sedqnedam

320 1535 498 1609 invonliva
516 1535 561 1608 ad
579 1534 723 1607 laudem
744 1539 839 1630 Papa
862 1540 898 1608 et
922 1531 1073 1630 gloriam
1093 1555 1209 1621 suam,
1234 1533 1272 1604 in
1296 1557 1368 1629 qua
1392 1531 1542 1629 quidam
1563 1555 1648 1627 puer

318 1683 446 1734 novem
464 1682 641 1732 annorum
662 1659 714 1732 vol
729 1659 849 1732 minor
869 1657 935 1732 luit
952 1657 1162 1738 llercurius,
1185 1658 1246 1753 qui
1271 1657 1384 1730 multa
1403 1658 1542 1754 optime
1564 1657 1645 1729 divit

317 1807 399 1856 cum
421 1783 591 1881 singulari
618 1785 746 1881 gralia,
772 1783 978 1856 affabilitate
1004 1789 1039 1857 ol
1065 1783 1175 1879 gestis
1195 1782 1509 1856 convenientibus.
1540 1785 1646 1856 lnlcv-

245 1952 249 1963 ·
318 1907 461 1980 luerunt
478 1913 573 2004 Papa
588 1915 623 1982 el
637 1915 777 2004 septem
793 1907 1006 1996 cardinales
1024 1905 1189 1980 videlicet
1204 1905 1442 1997 camerarius
1460 1932 1490 1979 s.
1506 1909 1643 1994 Crucis,

321 2034 609 2120 Beneventanus,
628 2032 814 2121 Columna,
834 2030 1160 2120 vicecancellarius,
1178 2055 1206 2102 s.
1226 2032 1386 2106 Severini
1401 2033 1642 2130 etAragonia.

370 2160 432 2232 Die
462 2158 646 2246 mercurii,
687 2165 700 2231 l
732 2159 829 2246 maii,
860 2160 922 2231 SS.
956 2162 998 2231 D.
1024 2161 1147 2230 noster
1171 2157 1343 2252 equitavit
1362 2179 1445 2229 cum
1472 2157 1578 2238 stola,
1612 2166 1646 2228 ut

319 2307 440 2381 supra,
456 2283 776 2356 horaduodecima
790 2284 967 2374 velcirca,
997 2285 1041 2357 de
1065 2307 1094 2356 s.
1116 2285 1238 2355 blanco
1265 2282 1310 2354 ad
1331 2288 1476 2354 sanctos
1495 2287 1645 2379 Aposto-

318 2409 396 2483 los:
417 2408 640 2481 blimalonsis
655 2410 815 2506 pervenit
834 2433 900 2505 per
921 2409 1028 2482 aliam
1049 2410 1143 2482 viam
1163 2407 1366 2480 breviorem
1392 2431 1504 2503 quam
1527 2411 1643 2503 Papa:

318 2532 489 2629 equitavit
504 2538 607 2606 recta
622 2533 680 2605 via
704 2532 748 2604 ad
769 2557 798 2605 s.
824 2535 972 2607 Mariam
995 2534 1030 2605 in
1056 2535 1111 2606 via
1131 2535 1229 2620 Lala,
1257 2531 1341 2605 inde
1360 2531 1465 2627 juxta
1490 2557 1520 2605 s.
1553 2537 1645 2604 llar-

318 2657 449 2732 cellum
468 2655 514 2728 ad
531 2645 723 2752 Apostolos
742 2661 778 2730 et
794 2657 859 2730 sub
879 2665 985 2754 porta
999 2657 1095 2730 dedit
1113 2680 1259 2731 crucem
1276 2655 1511 2729 osculandam
1527 2661 1642 2752 Papc;

320 2782 562 2878 aspersorium
593 2789 630 2852 ol
667 2781 868 2854 naviculam
885 2783 1099 2856 ministravit
1114 2791 1150 2854 ot
1174 2781 1371 2857 incensavit
1394 2805 1493 2854 eum.
1535 2785 1642 2878 Papa,

318 2907 412 2978 lacta
430 2885 595 2978 oratione
612 2905 648 2976 in
659 2905 859 2979 faldistorio
872 2914 955 2979 ante
967 2907 1091 2995 altare,
1104 2906 1273 3003 deposuit
1283 2907 1426 2995 stolam,
1437 2909 1641 3003 capucium,

316 3027 472 3100 biretum
490 3027 535 3100 de
552 3029 770 3122 cremosino,
791 3032 928 3128 accepit
943 3031 1099 3106 biretum
1118 3032 1253 3120 album,
1276 3031 1405 3104 stolam
1434 3033 1591 3106 rubeam
1610 3041 1640 3105 et

318 3149 487 3246 pluviale;
509 3151 639 3226 deinde
655 3153 720 3226 luit
735 3156 921 3229 consessus
936 3181 1017 3230 oum
1036 3157 1254 3240 celebrante,
1273 3157 1437 3230 ascendit
1452 3159 1498 3232 ad
1521 3160 1641 3232 sedem

318 3274 363 3348 ad
380 3275 560 3350 sinistram
574 3277 739 3352 intrantis
758 3281 933 3377 capellam
953 3277 1021 3378 quc
1034 3291 1114 3357 erat
1128 3283 1164 3356 in
1180 3281 1301 3358 medio
1318 3283 1410 3355 muri
1436 3292 1640 3382 preparala.

318 3400 458 3498 accepit
478 3403 679 3477 cardinales
702 3405 747 3478 ad
771 3407 1029 3496 reverentiam
1055 3407 1126 3480 alia
1151 3429 1253 3479 more
1280 3405 1398 3480 solito.
1424 3409 1594 3506 Episcopi
1611 3419 1642 3479 vt

319 3524 521 3624 presbyteri
534 3525 734 3599 cardinales
750 3528 969 3602 sederuutiu
982 3537 1152 3619 muretto,
1166 3554 1279 3626 usque
1296 3530 1341 3602 ad
1357 3539 1500 3626 portam
1523 3531 1639 3614 clrori‚·

318 3651 461 3725 diaconi
479 3649 515 3722 in
530 3650 681 3724 banchis
696 3653 881 3727 altioribus
897 3654 934 3726 in
952 3655 1118 3751 opposito
1130 3657 1226 3751 Papa
1243 3655 1288 3726 ad
1304 3655 1489 3729 dexteram
1506 3657 1641 3728 intrau-

321 3776 364 3846 tis
388 3775 540 3848 chorum
568 3775 612 3847 ad
634 3776 722 3849 duas
741 3802 874 3850 cannas
897 3779 942 3851 ab
973 3780 1064 3852 ostio
1092 3779 1292 3876 preparatis
1317 3780 1411 3854 iuter
1435 3788 1580 3878 portam
1608 3789 1639 3854 et

316 3899 454 3986 altare;
480 3903 636 3970 electro
659 3901 739 3972 illos
767 3903 916 3998 prolati:
938 3909 974 3978 et
999 3903 1093 3976 male
1119 3904 1263 3978 luerunt
1289 3929 1331 3978 ea
1357 3929 1505 3979 scamna
1527 3907 1640 4004 posita

319 4046 387 4117 que
399 4021 517 4094 socius
531 4045 633 4096 meus
644 4024 695 4097 sic
711 4025 897 4100 ordinavit.
916 4030 1134 4102 Assislcnles
1151 4028 1324 4102 sederunt
1340 4029 1513 4104 ininfimo
1529 4033 1638 4129 gradu

319 4147 399 4220 solii
418 4150 535 4244 Pape;
559 4148 604 4222 ad
626 4149 806 4222 sinistram
832 4157 977 4225 senator
1004 4157 1039 4226 ct
1061 4161 1332 4228 conservatores
1355 4153 1530 4228 sederunt
1540 4157 1635 4254 juxta

317 4281 457 4370 portam
472 4275 515 4347 ad
532 4274 719 4348 dexteram
735 4274 913 4348 intrantis.
935 4275 1007 4348 Soli
1027 4275 1168 4351 diaconi
1189 4287 1363 4352 venerunt
1381 4280 1417 4351 in
1439 4279 1530 4354 locis
1553 4281 1632 4355 suis.

316 4397 542 4490 subdiaconi,
562 4399 745 4474 auditores
760 4403 794 4470 ot
807 4399 938 4498 acolyti
955 4401 1125 4475 sederunt
1144 4425 1245 4476 more
1262 4403 1366 4477 solito
1383 4405 1428 4477 ad
1455 4404 1635 4480 dexteram

315 4529 411 4622 Papa
429 4531 476 4617 et,
490 4531 658 4621 tempore
672 4523 811 4615 circuli,
830 4523 965 4598 iverant
980 4530 1080 4599 entra
1092 4526 1270 4601 circulum
1286 4530 1330 4601 ad
1346 4529 1530 4604 sinistram
1547 4535 1634 4626 Papo

316 4659 411 4724 retro
426 4651 597 4724 diaconos
616 4649 831 4722 cardinales.
854 4651 1000 4722 Missam
1024 4651 1220 4725 celebravit
1243 4658 1283 4726 R.
1315 4657 1354 4728 P.
1382 4658 1425 4727 D.
1450 4655 1634 4752 episcopus

316 4776 552 4866 Civitatensis,
568 4775 809 4872 prelationem
824 4773 867 4847 de
880 4775 1064 4872 apostolis.
1085 4833 1091 4849 .
1116 4834 1123 4849 .
1146 4761 1183 4850 .’.
1208 4834 1215 4848 .
1240 4835 1301 4850 ...
1324 4836 1331 4852 .
1364 4783 1429 4852 ,ln
1444 4779 1632 4876 sinel‘apa,

316 4907 396 4996 post
416 4901 719 4991 benedictionem,
734 4900 831 4973 dedit
859 4899 1103 4996 indulgentias
1131 4901 1311 4999 plenarias
1335 4927 1425 5000 quas
1448 4905 1632 5004 publicavit

316 5025 527 5100 celebrans:
549 5026 723 5124 depositis
740 5027 861 5117 mitro,
880 5025 1035 5122 pluviale
1054 5032 1089 5102 et
1114 5027 1206 5103 stola
1225 5035 1306 5104 aute
1327 5029 1438 5104 altare
1464 5041 1500 5106 et
1525 5031 1632 5106 bireto
