3506 6034
98 549 163 614 [todt
177 549 243 610 teta]
401 544 529 601 RERUM
553 541 780 600 URBANARUM
806 541 1067 600 COMMENTAHII.
1352 547 1404 602 253

96 704 161 798 ejus
177 722 316 774 recessu
328 707 363 771 et
379 699 476 794 quod
495 696 698 770 remitteret
709 703 835 793 gentes
855 704 983 770 suaset
999 697 1235 770 commissum
1247 701 1404 794 quatuor

95 823 331 909 cardinalibus,
351 823 516 896 videlicet
531 847 561 894 s.
580 821 723 908 Crucis,
742 821 984 910 salernitane,
1006 821 1214 894 Mediceset
1233 822 1405 895 Cesarino

94 949 144 1045 qui
159 952 354 1022 tractarent
371 971 454 1020 cum
480 945 675 1020 castellano
702 945 813 1018 castri
834 969 861 1018 s,
883 945 1026 1040 Angeli,
1049 950 1087 1018 ut
1107 953 1269 1018 castrum
1288 946 1407 1019 dimit·

95 1082 170 1148 teret
184 1073 295 1147 libere
322 1073 477 1171 collegio
502 1096 567 1170 pro
592 1071 767 1145 conclavi.
789 1070 902 1143 lidem
928 1069 1130 1144 cardinales
1154 1075 1331 1145 venerunt
1360 1073 1405 1144 ad

96 1207 233 1272 castrum
259 1203 342 1295 post
365 1197 497 1271 horam
528 1220 763 1294 vesperarum
790 1195 999 1292 congregati
1032 1195 1068 1267 in
1093 1195 1191 1269 lodia
1208 1195 1322 1284 horti;
1346 1187 1406 1292 qui

96 1322 255 1396 conclusit
272 1321 371 1395 nolle
389 1321 488 1394 exire
507 1328 665 1394 castrum
686 1344 755 1394 nec
773 1320 967 1416 collegium
991 1319 1247 1409 intromittere,
1265 1322 1407 1418 juvasse

96 1447 294 1544 consignare
325 1451 489 1520 castrum
522 1447 642 1519 tuturo
673 1445 848 1542 pontitioi,
875 1446 972 1541 qood
990 1444 1098 1518 vellet
1129 1445 1338 1520 observare.
1366 1449 1407 1519 Et

6 1647 7 1652 ,
99 1571 327 1645 interfuerunt
356 1569 617 1668 septemdecim
644 1569 860 1658 cardinales
895 1569 1063 1642 videlicet
1097 1593 1104 1642 :
1137 1571 1408 1668 Neapolitanus,

6 1725 7 1730 ¹
97 1697 348 1786 t'lixbonensiS,
379 1695 652 1786 ltecanetensis,
679 1698 968 1784 Beneventanus,
996 1719 1025 1767 s.
1056 1697 1239 1786 Praxedis,
1260 1695 1413 1770 Alexan-

95 1823 215 1912 drinus,
260 1847 290 1894 s.
329 1821 466 1912 Crucis,
506 1821 712 1908 GrimanuS,
747 1821 1042 1917 caputaquensis,
1086 1821 1335 1912 Bononiensis,
1368 1823 1413 1896 de

96 1949 209 2036 Flisoo,
233 1947 420 2036 Senensis,
446 1946 618 2035 ltledioes,
642 1971 671 2017 s.
695 1945 869 2032 Severini,
891 1945 1097 2034 Cesarinus,
1121 1947 1165 2020 de
1191 1947 1361 2021 Farnesio
1379 1956 1414 2021 et

95 2072 333 2146 dentibretto.

135 2197 261 2270 Eodem
281 2197 356 2285 die,
373 2197 425 2269 lui
442 2197 480 2269 in
496 2203 615 2268 castro
636 2219 664 2266 s.
690 2195 818 2292 Angeli
845 2203 881 2266 et
904 2197 1108 2269 mensuravi
1127 2221 1173 2270 an
1194 2197 1296 2270 locus
1319 2206 1415 2273 esset
1513 2205 1519 2218 '

97 2347 150 2419 pro
164 2323 326 2396 conclavi
346 2322 498 2395 idoneus
519 2322 556 2393 in
575 2319 752 2417 superiori
770 2326 887 2417 parte,
909 2330 945 2394 et
961 2322 1083 2418 reperi
1102 2323 1238 2396 curiam
1257 2325 1416 2420 superio-

97 2472 173 2536 rem,
196 2456 292 2521 retro
320 2471 391 2543 que
419 2454 473 2520 est
499 2471 626 2518 versus
654 2446 834 2518 orientem
858 2452 893 2518 et
917 2445 961 2518 ab
980 2453 1083 2520 extra
1099 2449 1213 2521 tendit
1229 2449 1265 2520 in
1287 2457 1416 2522 rotun-

97 2572 167 2646 dam
184 2573 308 2662 castri,
334 2572 490 2646 abiatra
506 2571 738 2668 perlongum
754 2570 846 2642 muri
863 2571 945 2644 aule
964 2578 999 2643 et
1012 2573 1121 2645 turris
1135 2574 1171 2645 in
1187 2573 1414 2672 longitudine

8 2725 9 2728 ¹
98 2697 218 2772 habere
243 2722 382 2772 cannas
409 2696 605 2786 sexdecim,
627 2695 724 2768 muri
752 2696 789 2768 in
814 2695 1016 2786 latitudine,
1048 2697 1084 2770 in
1116 2699 1250 2788 medio,
1280 2722 1415 2772 cannas

98 2831 222 2918 septem
239 2825 296 2896 vel
315 2824 426 2914 circa,
448 2847 570 2895 versus
588 2821 708 2918 capita
724 2821 770 2893 ad
787 2821 876 2893 duas
887 2821 942 2894 vel
958 2821 1052 2894 eirca
1068 2847 1204 2896 cannas
1218 2823 1416 2896 latitudinis

10 2961 11 2964 ’
97 2969 278 3021 cannarum
299 2972 386 3024 sex:
406 2948 476 3022 alia
492 2947 592 3020 curia
610 2971 732 3021 versus
750 2945 977 3020 occidentem
994 2969 1176 3044 perquam
1195 2949 1239 3021 ad
1258 2955 1417 3022 castrum

98 3074 294 3146 ascenditur
306 3073 546 3170 longitudinis
558 3096 756 3147 cannarum
775 3073 972 3161 sexdecim,
996 3073 1101 3171 larga
1120 3074 1216 3172 apud
1228 3074 1416 3148 introitum

97 3221 280 3272 cannarum
299 3199 461 3295 quinque
490 3206 524 3273 et
546 3199 717 3296 incapite
736 3199 839 3295 juxta
860 3207 978 3271 rotam
1004 3181 1202 3272 latitudinis
1220 3225 1417 3275 cannarum

98 3322 202 3414 trium,
230 3324 437 3422 palmorum
455 3331 553 3398 octo.
583 3324 674 3396 Aula
698 3329 752 3396 est
774 3322 1010 3420 longitudinis
1037 3345 1236 3398 cannarum
1261 3332 1415 3423 septem,

98 3447 283 3542 palmorum
305 3449 485 3546 quiuque3
505 3449 608 3548 larga
623 3471 823 3522 cannarum
842 3455 1009 3544 quatuor.
1036 3449 1226 3548 Designavi
1249 3451 1417 3525 conclave

99 3575 265 3668 quomodo
283 3575 364 3647 fieri
385 3581 507 3670 posset
524 3574 561 3646 in
577 3573 677 3647 curia
691 3572 888 3670 posteriori
904 3596 1102 3646 cannarum
1118 3574 1264 3672 triginta
1281 3599 1344 3647 sex
1362 3574 1417 3648 vel

99 3697 320 3798 etiamusque
338 3699 383 3772 ad
405 3698 660 3796 quadraginta,
686 3698 809 3770 aulam
824 3721 890 3794 pro
916 3699 1089 3774 scrutinio
1109 3705 1143 3771 et
1161 3701 1298 3774 curiam
1317 3705 1417 3776 ante·

97 3823 214 3898 riorem
235 3825 282 3899 ad
302 3823 628 3912 deambulandum
654 3831 825 3920 oportere
850 3822 991 3896 curiam
1019 3825 1261 3922 posteriorem
1284 3849 1418 3924 ooope-

101 3946 159 4021 rire
175 3957 210 4023 et
228 3957 306 4024 tam
326 3948 424 4022 illam
444 3972 552 4046 quam
570 3947 790 4022 anteriorem
815 3947 853 4020 in
878 3947 1001 4021 multis
1021 3948 1110 4023 locis
1134 3950 1316 4026 claudere.
1343 3955 1420 4026 lloc

101 4095 170 4146 sero
183 4075 279 4148 venit
298 4078 342 4148 l).
364 4075 534 4165 lacobus,
554 4074 667 4147 trater
686 4071 879 4147 cardinalis
898 4073 1083 4148 Senensis.

142 4200 202 4274 Die
213 4200 355 4291 martis,
375 4205 420 4272 29
437 4198 593 4297 augusti,
612 4220 685 4272 non
709 4198 773 4270 luit
787 4199 1033 4294 congregatio,
1059 4224 1127 4274 nec
1151 4201 1284 4300 aliquid
1299 4211 1419 4279 actum

103 4322 309 4422 depublico.

145 4451 205 4525 Die
223 4450 408 4541 mercurii,
430 4455 475 4524 30
497 4446 653 4546 augusti,
679 4447 745 4521 tuit
761 4448 996 4546 congregatio
1015 4451 1051 4522 in
1070 4451 1178 4526 domo
1196 4455 1420 4552 Neapolitani

104 4577 154 4670 qui
167 4577 250 4651 tecit
265 4576 411 4675 pulsare
429 4597 644 4672 campanam
669 4572 715 4646 ad
737 4575 971 4672 equitandum
988 4582 1024 4650 et
1047 4576 1211 4654 interluit
1228 4603 1310 4654 cum
1325 4604 1425 4654 man-

105 4699 177 4775 tello
193 4702 508 4800 superroehetto:
531 4699 772 4773 interfuerunt
794 4701 999 4775 octodecim
1025 4703 1248 4794 cardinales,
1262 4705 1429 4782 videlicet

104 4827 358 4924 Neapolitanus,
377 4824 645 4914 eristodensis,
664 4826 936 4916 lteoanatensis,
960 4851 989 4899 s.
1013 4827 1197 4902 Praxedis.
1216 4829 1426 4907 Alexandri-

13 4959 14 4992 ³
106 4973 176 5042 nus,
194 4977 221 5024 s.
240 4953 377 5042 Crucis,
394 4951 599 5041 (trimanus,
617 4949 877 5040 salernitanus,
896 4953 1127 5044 cusentinus,
1139 4957 1425 5052 Caputaquensis

106 5077 342 5168 Bononiensis,
364 5078 409 5152 de
426 5077 558 5166 FliscO,
577 5075 761 5166 Senensis,
780 5075 952 5169 Medioes,
970 5102 998 5152 s.
1019 5079 1194 5172 Severini,
1215 5082 1419 5175 CesarinuS,

14 5180 18 5191 ⁸
107 5198 143 5276 de
160 5202 326 5280 Farnesio
347 5213 382 5280 et
399 5203 590 5279 Alibretto.
619 5201 746 5279 Habita
770 5211 824 5280 est
838 5205 946 5304 longa
966 5206 1193 5283 interlocutio
1211 5207 1256 5282 de
1274 5187 1420 5285 recessu
