3520 6036
68 628 133 692 [tuin
148 625 220 688 15⁰5]
388 619 516 679 RERUM
540 617 767 677 URBANAattu
792 617 1052 676 COMMENTARll.
1336 619 1388 676 393

70 775 305 854 Palliciariam
330 781 367 848 et
383 775 533 848 domum
561 772 659 846 Patri
687 772 853 860 Romani,
868 772 973 868 juxta
991 771 1204 864 Minervam,
1229 775 1288 846 nbi
1308 781 1391 848 sunt

67 898 306 1002 hospitalia).

111 1026 296 1109 Mercurii,
318 1025 462 1124 djunii,
487 1024 553 1100 luit
573 1023 831 1099 consistorium
849 1023 1035 1120 publicum
1055 1025 1091 1098 in
1115 1049 1186 1122 quo
1210 1033 1285 1101 tres
1305 1053 1390 1102 ora-

70 1161 159 1230 tores
191 1151 418 1247 Portugallie
460 1149 582 1248 prima
620 1149 728 1246 hujus
764 1149 906 1245 recepti
934 1150 1173 1245 prestiterunt
1206 1152 1390 1249 publicam

71 1277 309 1355 obedientiam
327 1277 476 1353 nomine
491 1299 622 1350 eorum
641 1273 763 1371 regis;
785 1273 989 1348 orationem
1007 1275 1104 1372 regis
1122 1282 1245 1352 orator
1259 1279 1390 1352 tertius

69 1404 157 1480 lecit.
187 1406 353 1478 Fuerunt
377 1403 563 1500 proposita
590 1405 664 1476 tres
690 1399 981 1474 commissiones.
1011 1401 1174 1474 Primam
1203 1405 1391 1501 proposuit

70 1533 107 1604 [t.
139 1528 300 1625 Angelus
335 1527 381 1602 de
412 1528 525 1616 Gesis,
558 1526 756 1600 secundam
794 1527 836 1598 D.
879 1523 1064 1598 lohannes
1094 1527 1388 1620 Bartholomeus,

72 1653 203 1728 tertiam
222 1657 267 1729 D.
285 1654 444 1727 lacobus
455 1653 696 1740 Simonettns;
716 1650 839 1723 omnia
854 1650 1046 1724 observata
1056 1659 1140 1724 sunt
1148 1675 1251 1726 more
1268 1653 1388 1727 solito.

71 1779 305 1854 lnterluerunt
322 1777 448 1875 viginti
468 1801 532 1851 sax
547 1777 768 1867 cardinales,
791 1777 960 1853 videlicet
983 1780 1252 1871 Ulixbonansis,
1278 1783 1393 1855 Beca-

71 1903 231 1994 netensis,
259 1929 291 1978 s.
321 1903 505 1993 Praxadis,
532 1927 561 1976 s.
586 1902 744 2002 Georgii,
770 1901 1051 1996 Alexandrinus,
1078 1930 1109 1977 s.
1138 1905 1275 1997 Crucis,
1301 1909 1393 1978 Gur-

74 2029 194 2126 gcnsis,
214 2029 446 2126 Agrigensis,
477 2028 683 2120 Grimanus,
714 2028 945 2119 Arborensis,
975 2032 1205 2122 cusentinus,
1231 2031 1394 2105 Salerni-

73 2157 180 2244 tanus,
198 2158 399 2244 Cumanus,
419 2148 672 2244 Bononiensis,
691 2154 969 2246 volaterranus,
990 2155 1034 2228 de
1049 2155 1178 2246 Flisco,
1198 2154 1389 2245 Adrianus,

75 2301 99 2350 s.
119 2277 210 2353 Petri
229 2278 277 2352 ad
304 2278 475 2371 Vincula,
503 2279 693 2370 Columna,
719 2279 893 2370 Medicas,
921 2303 951 2353 s.
979 2279 1153 2372 Severini,
1184 2280 1389 2368 Cesarinns,

75 2405 269 2494 Farnesius,
287 2406 473 2503 Aregenia
486 2410 523 2479 et
539 2405 719 2480 Elnansis.

114 2529 281 2622 Sabbato,
307 2537 351 2604 ld
366 2531 472 2630 junii,
497 2534 541 2606 D.
560 2531 718 2606 ltlichael
742 2530 989 2606 cubicularius
1012 2533 1076 2606 SS.
1101 2525 1144 2606 l).
1170 2531 1286 2606 nostri
1316 2555 1394 2606 sus-

76 2655 159 2751 cepit
172 2656 340 2732 habitum
358 2656 553 2732 cardinalis
572 2657 704 2731 notarii
731 2661 768 2732 et
794 2657 911 2731 iactus
938 2665 994 2731 est
1020 2656 1245 2754 gubernator
1272 2657 1391 2752 Urbis,

76 2785 105 2854 et
130 2779 217 2855 bora
246 2781 425 2881 vigesima
458 2783 629 2882 equitavit
656 2784 702 2858 de
724 2782 859 2880 palatio
891 2783 1105 2880 apostolico,
1140 2782 1342 2857 associatus
1373 2807 1394 2858 a

76 2905 209 3000 prelatis
226 2907 368 3006 palatii,
392 2908 620 2984 cubiculariis
641 2913 678 2982 et
692 2907 875 2982 scutiferis
897 2909 943 2983 ad
959 2909 1109 2983 domum
1125 2907 1212 2982 olim
1228 2907 1391 3006 episcopi

76 3028 329 3128 Calagurritani
347 3057 456 3130 quam
472 3034 706 3108 conduxerat.

118 3155 282 3250 Sabbata,
306 3163 353 3232 28
366 3159 473 3256 junii,
492 3159 612 3257 vigilia
627 3159 874 3256 apostolorum
896 3183 925 3234 s.
947 3158 1044 3232 Petri
1061 3163 1098 3232 et
1110 3159 1226 3249 Pauli,
1244 3183 1394 3256 vespera

80 3279 245 3356 solemnes
284 3285 323 3358 in
347 3309 377 3358 s.
418 3289 538 3378 Petro,
570 3285 700 3383 quibus
730 3287 829 3382 Papa
861 3283 1026 3358 interluit
1049 3289 1085 3358 et
1111 3285 1185 3381 egit
1211 3283 1390 3376 ollicium3

79 3403 220 3498 primam
233 3409 476 3507 antiphonam
488 3407 661 3484 intonavit
671 3409 767 3508 ipse;
786 3409 982 3482 secundam
992 3408 1187 3482 cardinalis
1199 3407 1391 3500 Columna,

78 3529 203 3606 tertiam
227 3557 258 3608 s.
289 3533 476 3626 Praxedis,
501 3541 667 3632 quartam
694 3533 966 3631 Agrigentinus,
994 3533 1156 3630 quintam
1181 3533 1390 3626 Cesarinus3

79 3650 137 3725 alia
157 3679 258 3732 more
280 3658 400 3734 solito.
428 3659 612 3734 Assistens
634 3659 701 3732 luit
722 3658 918 3732 cardinalis
945 3683 975 3732 s.
1004 3658 1198 3748 Praxadis3
1218 3661 1262 3732 l).
1280 3661 1392 3732 Fran-

79 3775 178 3856 ciscas
192 3785 448 3861 Guastaierrus
466 3785 710 3860 subdiaconus
726 3784 900 3858 intonavit
916 3784 1165 3882 antiphonam.
1372 3783 1375 3788 ’

110 4058 132 4113 l.
148 4057 223 4118 Paris
237 4061 272 4118 ds
292 4060 404 4120 Grassis
421 4067 531 4119 raconta
550 4059 576 4118 le
596 4059 645 4118 tait
663 4077 701 4117 un
724 4077 777 4136 peu
801 4059 1001 4117 diltaremment
1021 4059 1055 4116 da
1080 4059 1223 4118 Burcbard
1242 4083 1257 4115 u
1332 4081 1395 4120 eum

81 4153 185 4205 emtores
198 4150 303 4225 antiqui
318 4149 366 4224 qui
380 4150 482 4208 dabant
501 4168 562 4208 esse
580 4151 615 4208 ad
634 4149 772 4207 sinistram
787 4149 953 4225 prelatorum
971 4150 1046 4224 Papa
1061 4151 1245 4226 jungerentur
1259 4171 1320 4210 cum
1332 4172 1395 4228 pra-

82 4231 133 4290 lstis
146 4237 219 4311 ipsis,
234 4239 361 4297 videlicet
374 4241 472 4316 primo,
486 4258 558 4298 unus
576 4240 681 4315 primus
703 4257 737 4297 ex
754 4239 843 4297 tribus
864 4239 1018 4297 oratoribus
1038 4239 1152 4297 Francia
1173 4241 1220 4315 qui
1235 4249 1278 4299 est
1291 4244 1395 4300 archia·

82 4319 196 4398 piscopus
209 4327 424 4400 Ebraduuansis,
440 4328 540 4386 deinde
554 4335 645 4386 orator
663 4329 738 4404 regis
754 4327 883 4403 Hispania
897 4325 985 4384 noluit
999 4344 1061 4384 asse
1075 4346 1137 4384 cum
1153 4331 1273 4386 seeundo
1289 4332 1394 4406 prelato

83 4409 162 4480 palatii
175 4419 201 4472 st
214 4415 253 4472 sic
266 4423 331 4476 ante
345 4418 415 4474 duos
428 4415 498 4475 alios
510 4423 631 4476 oratores
645 4417 718 4491 regis
734 4417 857 4487 Francia,
878 4417 921 4472 cui
936 4417 1127 4476 consentiebat
1143 4419 1176 4475 D.
1195 4419 1393 4492 Bernardinus,

83 4499 161 4558 socius
173 4521 263 4578 maus;
277 4508 327 4565 sed
341 4525 404 4564 cum
418 4508 472 4582 ipsi
485 4509 540 4566 duo
554 4513 675 4566 oratores
691 4507 764 4582 regis
777 4508 797 4564 F
799 4507 890 4565 rancis
904 4509 1121 4567 contradicerent
1131 4515 1159 4568 et
1168 4509 1271 4567 nollent
1285 4510 1394 4582 cadara,

85 4594 108 4644 tt
124 4589 156 4649 D.
179 4595 324 4672 episcopus
347 4597 467 4655 Ortanus
491 4597 611 4672 maligne
633 4605 737 4656 taceret
758 4616 792 4655 ne
813 4615 891 4656 susm
921 4597 1077 4672 opinionem
1101 4599 1212 4670 dicarat,
1237 4601 1325 4657 lactus
1351 4607 1396 4657 ast

85 4679 201 4740 maximus
213 4685 346 4743 tumultus
358 4705 420 4743 eum
435 4687 580 4758 scandalo;
598 4693 627 4744 et
646 4686 701 4743 nisi
719 4686 894 4745 obstitissent
912 4689 969 4744 dux
991 4687 1086 4744 Urbini
1106 4695 1134 4745 et
1152 4688 1284 4762 magister
1297 4689 1395 4746 domus

85 4763 390 4840 tumultuantes
411 4777 446 4832 ad
465 4793 550 4833 arma.
578 4774 656 4844 Quod
678 4776 838 4833 scandulum
862 4794 914 4848 ego
935 4776 1091 4850 previdens,
1111 4777 1146 4832 de
1167 4778 1296 4835 mandato
1316 4778 1394 4834 ducis

86 4857 184 4925 predicti
199 4880 230 4919 ac
242 4865 326 4922 etiam
340 4865 465 4940 magistri
480 4865 577 4922 domus
592 4866 679 4940 Papa,
694 4865 730 4921 ivi
750 4866 784 4922 ad
803 4867 906 4940 Papam
920 4866 967 4939 qui
983 4873 1041 4924 erat
1059 4865 1086 4922 in
1103 4866 1214 4923 castello
1230 4873 1258 4924 et
1274 4867 1396 4924 intimavi

87 4939 172 5005 lactum
184 4949 327 5012 Sanctitati
341 4973 402 5025 aue,
417 4954 465 5012 sed
480 4973 541 5012 eum
556 4955 627 5012 malo
641 4973 701 5012 mao
718 4973 724 5012 :
739 4973 802 5012 nem
815 4955 875 5030 ipse
884 4957 962 5029 Papa
971 4955 1088 5012 credens
1102 4972 1145 5010 me
1159 4955 1244 5012 fuisse
1259 4955 1285 5012 in
1301 4974 1395 5024 causa,

87 5030 197 5128 clamarit
209 5051 300 5102 contra
312 5061 374 5116 me;
390 5046 439 5103 aad
454 5063 537 5120 super
547 5046 719 5119 questionem
729 5045 817 5103 noluit
831 5046 1039 5119 responderene
1053 5045 1192 5102 videretur
1203 5044 1272 5101 farre
1287 5053 1395 5102 senten-

88 5119 151 5180 tram,
166 5128 224 5186 Dixi
237 5138 326 5191 amen
342 5152 450 5210 semper
463 5135 631 5192 intellexisse
647 5136 720 5210 quod
739 5153 786 5192 rex
805 5134 918 5192 Francia
936 5135 1094 5210 precederet
1108 5141 1136 5192 et
1150 5135 1282 5209 Hispania
1298 5153 1396 5210 sequa-

91 5216 160 5274 retur.
174 5217 278 5367 quterinp
291 5223 370 5283 laetis
391 5225 500 5283 duobus
516 5231 565 5284 aut
580 5224 670 5285 uibus
688 5225 755 5282 rixis
774 5225 846 5284 inter
863 5225 940 5298 ipsos
957 5231 1089 5297 oratores,
1108 5226 1219 5282 tandem
1238 5226 1309 5284 lacta
1332 5225 1395 5300 [est]

91 5313 174 5359 concor
191 5323 225 5366 ra.
240 5333 254 5360 n
279 5352 287 5369 ‚
302 5316 366 5372 191.
