3520 6036
125 589 372 652 [⁸⁰V0mbffll503l
447 591 574 653 RERUM
599 592 827 652 URBANARUM
850 587 1112 651 COMMENTARH.
1408 595 1464 650 309

127 747 255 838 aperto
275 743 390 833 ostio;
412 751 448 820 et
463 749 572 845 Papa,
598 749 643 821 ad
670 747 962 823 informationem
983 739 1161 834 nostram,
1188 745 1272 820 lecit
1293 747 1370 821 dari
1386 750 1464 822 cui-

126 863 215 940 libet
233 891 360 940 eorum
377 893 490 944 unum
507 876 650 945 scutum
668 873 765 969 regis
781 872 943 946 Francia.

176 994 244 1065 Die
272 995 460 1080 mercurii,
488 1001 532 1069 29
559 997 778 1088 novembris,
811 997 876 1072 luit
904 997 1163 1071 consistorium
1191 1004 1373 1072 secretum
1404 1001 1462 1073 cui

127 1119 373 1194 interfuerunt
393 1121 541 1218 triginta
558 1123 717 1219 quinque
733 1122 948 1214 cardinales,
966 1122 1133 1195 videlicet
1150 1146 1277 1195 omnes
1303 1125 1339 1196 iu
1367 1125 1461 1199 Urbe

129 1244 345 1333 existentes,
360 1246 522 1347 exceptis
537 1249 790 1322 Beneventano
807 1251 843 1320 et
854 1249 1037 1320 Casanova
1049 1246 1214 1334 infirmis,
1231 1247 1265 1318 in
1283 1251 1463 1346 quoPapa

126 1365 287 1439 absolvit
313 1369 537 1443 cardinalem
556 1371 832 1468 Neapolitanum
850 1394 871 1442 a
886 1369 1028 1443 vinculo
1047 1393 1117 1466 quo
1137 1372 1329 1445 tenebatur
1341 1373 1460 1446 eccle-

128 1491 180 1564 sie
195 1492 438 1567 Sabinensiet
460 1493 612 1590 prefecit
637 1517 719 1567 eum
734 1495 889 1568 Ostiensi
910 1501 945 1568 et
969 1498 1262 1570 Beneventanum
1285 1497 1463 1570 Albanen-

129 1637 207 1686 sem
237 1616 390 1710 prefecit
410 1617 612 1706 Sabinensi‚
636 1625 671 1692 et
693 1619 913 1712 cardinalem
931 1645 960 1690 s.
982 1619 1141 1716 Georgii,
1161 1620 1320 1715 priorem
1340 1621 1463 1692 diaco-

128 1761 262 1812 norum
280 1741 516 1814 cardinalium
535 1743 688 1840 prefecit
705 1743 857 1816 ecclesie
880 1744 1088 1834 albanensi,
1107 1744 1168 1840 qui
1184 1744 1353 1816 adstatim
1370 1745 1460 1818 sedit

126 1865 280 1938 ultimus
302 1867 557 1964 episcoporum
576 1849 1044 1964 cardinaliumdssumpsit
1064 1874 1100 1941 et
1117 1869 1463 1966 pronunciavitqua-

128 1995 214 2064 tuor
250 1992 456 2064 cardinales
488 2015 613 2082 novos,
650 1994 817 2067 videlicet
853 1993 1088 2067 Franciscum
1119 1993 1340 2066 Gulielmum
1373 1997 1462 2067 Nar-

128 2115 344 2205 bonensem,
374 2117 578 2191 lohannem
610 2118 864 2216 llispalensem
896 2117 1205 2215 archiepiscopos
1236 2119 1460 2192 Clementem

127 2240 381 2315 Mimatensem
401 2247 437 2314 et
461 2243 665 2316 Galeotium
689 2247 890 2316 Lucensem
912 2243 1116 2340 episcopos
1145 2249 1297 2338 nepotes
1323 2267 1408 2314 suos
1426 2251 1462 2317 et

128 2365 310 2462 expedivit
343 2367 468 2463 plures
507 2367 682 2440 ecclesias
715 2369 1036 2449 Cantuariensem,
1076 2367 1390 2439 Hildesemensem
1425 2372 1462 2438 et

130 2491 242 2564 credo
265 2491 368 2578 alias,
398 2496 515 2564 elme
539 2491 693 2588 proiecit
720 2493 885 2565 ecclesiis
913 2496 1074 2564 llortane
1097 2495 1132 2564 et
1165 2490 1299 2562 civitati
1324 2490 1462 2564 Castel-

128 2615 225 2701 lane,
248 2638 331 2688 cum
350 2616 596 2689 reservatione
613 2616 722 2689 officii
742 2622 777 2690 et
792 2615 1070 2689 beneficiorum.

180 2739 301 2811 Finito
329 2739 560 2823 consistorio,
589 2739 792 2812 cardinales
815 2740 895 2812 novi
917 2763 988 2812 non
1010 2742 1185 2811 venerunt
1210 2737 1253 2808 ad
1280 2738 1461 2834 agendum

131 2864 268 2960 gratias
288 2866 385 2960 Papa
406 2871 440 2937 et
462 2863 719 2952 cardinalibus,
737 2868 847 2959 prout
870 2863 958 2936 alias
980 2863 1113 2936 lactum
1137 2861 1214 2951 luit,
1233 2885 1292 2933 me
1310 2885 1462 2958 persua-

130 2990 255 3077 dente,
275 2989 339 3061 sed
358 2989 620 3062 manseruntin
634 2989 788 3061 cameris
806 2990 879 3060 suis
897 2994 932 3062 et
950 3013 1021 3061 non
1038 2993 1270 3060 mutaverunt
1284 2986 1458 3077 biretum,

131 3118 249 3185 vestes
274 3134 391 3208 neque
416 3112 623 3202 mantellos,
652 3113 714 3184 sed
739 3113 774 3184 iu
796 3113 1015 3186 consistorio
1042 3119 1253 3184 manserunt
1276 3135 1388 3207 usque
1417 3113 1461 3184 ad

134 3261 239 3310 mane.
256 3237 327 3310 diei
347 3237 458 3310 luituri
484 3237 688 3310 consistorii
705 3265 712 3324 ;
732 3242 768 3310 et
785 3238 1010 3310 Mimatensis
1036 3237 1128 3310 venit
1156 3236 1307 3332 singulis
1333 3236 1461 3308 diebus

133 3363 176 3434 ad
199 3384 384 3436 cameram
403 3361 501 3459 Pape
527 3361 563 3432 in
589 3360 717 3434 eodem
746 3362 886 3451 habitu,
915 3369 954 3435 ut
979 3361 1094 3458 prius,
1123 3385 1164 3433 ac
1191 3361 1219 3432 si
1240 3383 1313 3432 non
1336 3360 1462 3434 luisset

133 3487 342 3582 designatus
361 3485 570 3558 cardinalis.

185 3611 548 3700 Finiloconsistorio,
572 3611 769 3685 cardinalis
793 3635 822 3683 s.
846 3608 993 3704 Georgii
1014 3607 1216 3680 associatus
1239 3605 1306 3679 luit
1326 3607 1371 3679 ad
1395 3608 1462 3679 do-

136 3761 233 3809 mum
258 3759 375 3826 suam,
402 3759 504 3809 more
533 3736 653 3828 solita,
680 3737 777 3808 inter
801 3736 893 3808 duos
918 3734 1058 3831 primos
1084 3732 1271 3818 diaconos,
1293 3731 1463 3804 videlicet

136 3861 347 3935 Columnam
375 3869 410 3934 et
433 3861 626 3934 Ascanium
649 3861 685 3934 in
710 3861 838 3933 ultimo
865 3860 946 3932 loco
970 3857 1194 3954 equitantes:
1218 3854 1463 3928 interfuerunt

136 3987 260 4060 decem
287 3994 323 4058 et
349 3990 433 4059 octo
461 3985 520 4058 alii
550 3985 767 4076 cardinales
801 3983 968 4057 videlicet
998 3981 1270 4078 Neapolitanus,
1301 3983 1464 4052 Recana-

136 4112 259 4200 tensiS,
279 4135 308 4181 s.
327 4110 512 4200 Praxedis,
532 4109 811 4198 Alexandrinus,
833 4133 861 4182 s.
878 4107 1015 4196 Crucis,
1036 4106 1243 4194 Grimanus,
1262 4103 1463 4177 Rhotoma-

136 4235 267 4331 gensis,
288 4233 518 4322 Arborensis,
539 4235 740 4332 Regiensis,
758 4234 1033 4320 volaterranus,
1054 4231 1099 4304 de
1117 4229 1247 4319 Flisco,
1267 4229 1460 4310 Adrianus,

136 4361 306 4448 lledices,
326 4385 356 4432 s.
376 4360 549 4451 Severini,
569 4359 776 4446 Cesarinus,
796 4357 1056 4446 Ferrariensis‚
1076 4355 1259 4452 dragonis
1274 4359 1309 4427 et
1325 4356 1464 4426 Corne-

135 4483 214 4557 lius.
247 4487 322 4580 Ego
351 4484 504 4580 equitavi
533 4489 617 4557 ante
643 4482 864 4572 cardinales,
897 4505 1001 4555 more
1028 4480 1149 4569 solito,
1175 4479 1300 4550 habitu
1329 4477 1365 4548 in
1392 4501 1463 4572 quo

135 4609 224 4682 redii
241 4609 365 4682 statim
384 4609 430 4681 ad
454 4609 629 4705 palatium
655 4608 701 4680 ad
724 4611 859 4704 Papam
883 4607 942 4703 qui
964 4605 1112 4679 donavit
1137 4603 1227 4676 milri
1250 4625 1359 4675 uuam
1377 4624 1465 4697 cap-

135 4757 215 4829 pam
234 4735 279 4808 de
297 4733 514 4808 zambelotto
534 4733 694 4836 violaceo
711 4731 995 4830 pulcherrimam
1015 4735 1051 4803 et
1069 4752 1180 4802 unum
1198 4727 1407 4800 rochettum
1429 4733 1466 4799 et

136 4859 317 4932 commisit
350 4859 446 4954 quod
475 4860 624 4930 daretur
647 4857 735 4930 mihi
765 4881 837 4929 una
861 4855 960 4928 mula
984 4877 1066 4926 cum
1088 4857 1263 4948 cooperta
1289 4855 1323 4924 et
1348 4849 1465 4922 lorni-

136 4988 273 5072 mento,
308 4989 343 5056 et
374 4984 540 5080 precepit
567 4983 664 5079 quod
690 4981 748 5054 die
778 4980 935 5054 crastina
962 4978 1117 5052 redirem
1146 4981 1229 5073 post
1255 4973 1461 5072 prandium,

136 5131 234 5180 more
253 5107 372 5196 solito,
393 5108 430 5180 in
452 5131 581 5204 cappa,
602 5108 647 5180 ad
673 5107 855 5202 agendum
878 5103 1027 5200 gratias.
1051 5107 1227 5174 Reversus
1252 5099 1293 5171 ad
1317 5099 1463 5170 domum

136 5233 232 5304 circa
252 5233 381 5305 horam
401 5234 544 5306 tertiam
563 5234 691 5308 tractis,
716 5231 782 5302 leci
801 5230 879 5301 fieri
902 5237 1102 5300 torrsurum.
