3590 6042
115 592 271 657 [Seplemhre
284 593 359 654 15⁰⁰]
433 589 560 649 RERUM
583 589 810 650 URBANARUM
834 589 1095 649 COMMENTXRH.
1400 595 1436 648 77

114 744 199 818 leria
218 745 395 834 secunda,
417 749 462 818 28
485 745 651 843 ejusdem
676 745 825 836 mensis,
851 745 888 820 in
911 752 1054 820 secreto
1080 743 1295 818 consistorio
1325 744 1437 818 inler-

115 871 251 943 luerunl
281 869 415 944 RRmi.
456 873 532 945 ΠΙ).
565 871 767 947 cardinales
798 871 1026 969 quindecim,
1065 869 1232 944 videlicel
1259 870 1436 967 Neapoli-

114 1001 228 1084 lanus,
262 1019 294 1068 s.
326 995 474 1092 Angeli,
509 997 780 1072 Recanalensis.
817 1021 847 1071 s.
885 995 1096 1084 Glemeulis,
1134 997 1431 1085 BeneventanuS,

114 1143 139 1190 s.
164 1119 352 1208 Praxedis,
386 1121 519 1194 Monlis
550 1121 706 1219 Regalis,
738 1122 903 1211 Ursinus,
930 1120 1209 1210 Alexandrinus,
1238 1145 1268 1192 s.
1295 1119 1432 1208 CruciS,

113 1245 314 1334 Gurcensis,
336 1246 609 1344 Agrigentinus
629 1251 835 1345 Capuanus,
852 1245 1011 1322 Medices
1029 1249 1064 1319 el
1086 1245 1292 1319 Farnesius.
1320 1245 1436 1322 Crcali

113 1374 144 1442 el
157 1371 387 1466 pronunciabi
404 1372 551 1447 luerunt
570 1373 762 1448 duodecim
778 1373 861 1448 novi
877 1371 1082 1447 cardinales
1101 1371 1293 1446 videlicel:

157 1502 330 1594 nilacus,
349 1506 647 1605 archiepiscopus
662 1507 886 1604 Hispalensis
893 1559 1281 1581 .............
1342 1513 1438 1578 xxxm

153 1629 327 1722 lacobus,
351 1632 648 1731 archiepiscopus
669 1633 884 1708 arborensis
891 1687 1283 1706 .............
1389 1655 1412 1703 v

156 1755 330 1848 Thomas,
363 1757 662 1857 archiepiscopus
689 1759 949 1857 Slrigoniensis
956 1813 1284 1833 ...........
1363 1779 1414 1828 xx

154 1884 294 1974 Pelrus,
320 1884 618 1984 archiepiscopus
636 1885 807 1984 Reginus,
826 1885 1049 1986 gubernator
1066 1885 1185 1960 Urbis.
1210 1941 1217 1956 .
1242 1941 1249 1956 .
1275 1938 1283 1954 .
1363 1905 1412 1954 vn

154 2007 374 2082 Franciscus
394 2010 540 2109 Borgia,
564 2011 863 2110 archiepiscopus
881 2012 1113 2105 Cusenlinus,
1136 2012 1282 2086 [hesau-

115 2132 224 2206 rarius
242 2135 430 2232 generalis
435 2193 1278 2214 ...........................
1364 2161 1413 2211 xu

157 2258 359 2352 lohanneS,
380 2263 681 2362 archiepiscopus
697 2263 948 2338 Salei-nilacus
953 2315 1283 2338 ...........
1378 2285 1415 2336 lv

157 2386 378 2479 Ludovicus,
397 2388 589 2488 episcopus
602 2392 906 2489 ‘Capulaquensis
933 2391 1151 2466 secretarius
1172 2393 1281 2488 Papa.
1396 2413 1417 2463 v

154 2511 351 2603 hulonius
379 2515 572 2615 episcopus
595 2523 778 2593 Cumanus
783 2571 1276 2592 ................
1369 2539 1416 2588 xx

156 2637 343 2713 lohannes
359 2641 530 2738 Baplisla,
553 2643 746 2742 episcopus
761 2645 988 2736 Mutinensis,
1007 2645 1181 2718 dalarius.
1206 2703 1211 2716 .
1237 2702 1244 2717 .
1268 2700 1275 2716 .
1338 2639 1420 2714 xxii

157 2769 344 2842 Amaneus
363 2769 409 2841 de
426 2771 591 2863 Albrelo,
610 2772 772 2846 sororius
796 2769 898 2846 ducis
916 2769 1102 2848 Valeulini
1109 2823 1279 2844 ......
1396 2793 1420 2842 x

154 2895 298 2968 llarcus
322 2894 533 2986 Cornarius,
555 2898 715 2969 Venetus
727 2947 1274 2970 ..................
1361 2914 1409 2966 xx

158 3023 287 3094 Pelrus
306 3021 510 3095 Ludovicus
528 3023 674 3121 Borgia,
694 3047 805 3120 eques
820 3023 1154 3098 hierosolimitanus
1166 3019 1226 3122 (l).

146 3225 169 3283 l.
189 3225 382 3282 Pierre-Louis
398 3225 500 3300 Borgia
517 3232 559 3283 esl
573 3225 643 3284 omis
658 3227 727 3284 dans
746 3233 809 3285 leus
830 3227 871 3284 les
887 3245 954 3286 mes.
972 3227 1035 3286 saul
1048 3227 1074 3286 la
1088 3227 1179 3303 Chigi.
1198 3227 1305 3286 Riualdi
1328 3230 1374 3302 qui
1388 3225 1441 3285 cile

116 3310 136 3370 le
148 3319 216 3372 lexle
229 3316 268 3372 de
280 3315 432 3385 Burcbard,
447 3333 463 3372 a
477 3315 589 3390 neglige
603 3318 621 3372 d
635 3317 743 3374 dessein
751 3317 784 3374 de
794 3317 963 3376 mentionuer
974 3317 1001 3376 la
1012 3334 1115 3376 somme
1125 3333 1178 3392 qua
1189 3319 1287 3374 durent
1296 3334 1389 3374 verser
1401 3318 1442 3374 les

117 3421 253 3462 nouveaux
273 3404 423 3462 cardinaux
443 3422 512 3478 pour
531 3404 691 3464 l’oblention
715 3407 749 3464 de
768 3407 826 3464 leur
844 3408 976 3482 chapeau.
993 3409 1059 3480 (Aa.
1079 3410 1153 3476 eccl,
1177 3412 1197 3463 l.
1220 3408 1307 3476 XXX,
1331 3424 1359 3480 p.
1377 3408 1439 3476 327,

117 3511 141 3549 n.
155 3495 208 3565 56).
226 3493 421 3552 Pierre-Louis
436 3493 536 3568 Borgio
555 3497 596 3554 lul
610 3495 669 3552 seul
684 3500 808 3570 exempla
823 3497 858 3554 de
879 3503 954 3554 loule
969 3495 1138 3570 imposition,
1156 3513 1189 3552 en
1206 3514 1237 3554 sa
1251 3496 1351 3552 double
1372 3515 1442 3570 qua-

118 3581 156 3639 lite
170 3585 314 3658 deperent
328 3585 365 3640 du
379 3601 449 3658 pape
464 3591 491 3640 el
505 3584 538 3640 de
553 3583 689 3642 chevalier
703 3584 937 3660 hierosolymimin
951 3586 1008 3660 qui,
1022 3591 1106 3660 ayant
1118 3583 1167 3640 lait
1180 3603 1241 3642 voeu
1252 3586 1286 3642 de
1300 3589 1441 3658 pauvrele,

118 3673 177 3730 eluit
189 3677 273 3730 censs
287 3691 323 3730 ne
338 3673 470 3748 posscder
483 3673 551 3733 rien.
566 3674 685 3731 llmedee
698 3674 828 3742 d'Albrel,
843 3675 960 3750 quoique
970 3675 1125 3732 beau-frere
1135 3675 1169 3730 de
1184 3674 1278 3744 Cesar,
1293 3675 1343 3730 dul
1356 3689 1442 3748 payer

120 3763 208 3832 l0‚000
222 3763 336 3832 ducals3
352 3762 421 3820 mais
436 3761 455 3818 il
464 3768 507 3820 esl
520 3762 728 3820 vraisemblable
738 3781 791 3838 que
801 3763 827 3820 le
839 3764 892 3820 duc
904 3765 936 3821 de
946 3763 1125 3834 Valentinois,
1137 3763 1182 3838 qui
1193 3763 1265 3821 nvait
1278 3763 1442 3820 abandonne

119 3849 247 3910 Charlolte
260 3851 385 3910 d'lllbrel
399 3857 479 3926 apres
496 3860 591 3926 quatre
607 3852 676 3910 mois
693 3853 726 3909 de
745 3853 875 3928 mariage,
892 3872 926 3910 ne
941 3853 1031 3911 devail
1048 3871 1098 3928 pas
1114 3860 1207 3928 porler
1223 3853 1365 3925 beaucoup
1379 3849 1441 3926 plus

119 3936 265 4000 d'alleelion
280 3959 316 3998 au
329 3941 399 3999 lrdre
413 3943 447 3999 de
465 3941 581 3999 celle-ci.
598 3942 675 4000 Cella
696 3942 817 4000 crealion
839 3944 872 3999 de
887 3943 973 4000 douze
992 3943 1141 4000 cardinaux
1155 3943 1197 3999 lut
1210 3948 1284 4000 touls
1303 3940 1441 4017 polilique,

120 4034 143 4084 el
155 4031 305 4089 necessisse
320 4047 369 4105 par
382 4031 422 4088 les
436 4031 648 4088 circonstances.
665 4029 750 4088 Cesar
768 4031 870 4106 Borgia
883 4031 957 4089 avait
971 4032 1078 4090 declara
1093 4049 1158 4090 sans
1171 4047 1310 4106 vergogne
1324 4029 1390 4104 qu’il
1405 4029 1442 4085 lui

120 4117 196 4177 fullsil
208 4123 243 4178 de
255 4120 375 4194 l'ergeul
390 4139 458 4195 pour
471 4121 500 4177 la
513 4138 611 4196 guerre
626 4121 660 4176 de
680 4122 832 4194 Romagne,
849 4129 877 4178 el
891 4121 908 4177 il
922 4121 996 4180 avait
1011 4121 1117 4196 enjoinl
1135 4139 1170 4178 au
1191 4119 1396 4192 Sacre'dlollege
1409 4119 1444 4176 de

122 4208 213 4266 rabber
227 4227 275 4266 ces
289 4208 475 4267 nominations
490 4211 557 4267 donc
569 4210 587 4266 il
606 4209 678 4266 evall
689 4210 743 4266 fixe
760 4209 900 4268 lui-meme
913 4210 938 4268 le
950 4211 1022 4285 prix.
1038 4211 1109 4285 ch.
1125 4211 1241 4278 Sanulo,
1250 4211 1345 4274 diarii,
1358 4215 1377 4264 l.
1393 4207 1442 4266 lll.

121 4295 148 4354 F.
163 4297 271 4374 Capello
286 4297 396 4356 ecnvail
410 4303 426 4355 d
440 4299 467 4356 la
481 4299 642 4374 seigneurie
655 4299 688 4356 de
698 4298 837 4368 Florence,
848 4299 916 4356 leco
929 4301 1082 4374 septembre
1096 4319 1102 4356 z
1120 4323 1135 4352 a
1152 4300 1266 4357 lnleudo
1278 4315 1370 4356 essere
1381 4298 1444 4354 dabo

123 4385 205 4444 ordine
216 4387 268 4444 che
283 4389 378 4445 latloe
397 4387 537 4460 cardinali,
553 4389 572 4444 il
589 4390 661 4446 duca
678 4389 854 4446 Veleulinese
869 4395 946 4462 parca
960 4389 1032 4463 dipoi
1046 4389 1087 4446 lra
1103 4389 1158 4446 dua
1177 4396 1248 4448 olre
1266 4388 1305 4458 dl,
1325 4387 1443 4444 secondo

123 4475 167 4531 che
180 4475 204 4534 lo
215 4477 357 4550 astrologo
371 4477 389 4533 li
403 4479 470 4534 dara
484 4478 502 4534 il
511 4485 597 4552 punto
610 4479 711 4536 buono.
727 4499 742 4531 »
760 4478 848 4550 (Clas.
865 4479 900 4542 X,
911 4477 977 4535 dist.
992 4481 1019 4549 2,
1031 4478 1092 4536 srlza
1102 4480 1145 4548 16,
1157 4497 1207 4536 ac.
1223 4479 1280 4552 98).
1297 4501 1312 4530 c
1359 4479 1443 4534 Declo

126 4561 193 4620 Duco
218 4570 291 4640 parll
315 4567 423 4641 giovedl
452 4567 568 4626 mellina
595 4567 620 4625 e’
644 4569 671 4624 dl
691 4568 788 4642 primo.
817 4573 844 4624 sl
868 4585 920 4624 con
945 4566 1015 4624 bella
1042 4568 1205 4642 campagnia
1230 4572 1443 4642 accompagnalo

126 4652 166 4708 dal
177 4653 320 4712 Cardinale
333 4656 362 4712 di
377 4655 471 4731 Capua
485 4663 512 4714 el
525 4659 559 4714 de
577 4658 652 4717 molti
668 4657 771 4716 Prelali
789 4663 817 4715 et
834 4656 1039 4716 Ambasciadori
1053 4657 1124 4714 eirca
1142 4674 1197 4714 uno
1212 4657 1305 4731 miglio
1323 4656 1401 4713 fuera
1417 4655 1445 4710 di
1479 4648 1483 4657 “

127 4741 223 4801 Roma:
238 4751 266 4802 el
279 4745 370 4801 inanzi
383 4745 409 4802 ul
422 4747 499 4804 Duce
511 4765 569 4829 unq
580 4749 608 4804 di
621 4766 637 4804 o
652 4749 707 4805 dua
720 4765 803 4804 erano
815 4746 906 4821 perliti
917 4746 935 4802 il
946 4747 1007 4820 Sigr
1020 4747 1114 4816 Paolo,
1129 4745 1272 4804 Vilelloazo
1282 4753 1310 4804 el
1324 4745 1445 4802 Giovan-

126 4831 343 4908 paoloBaglioni,
359 4841 386 4892 el
399 4835 430 4892 ili
444 4853 493 4910 per
506 4837 612 4894 diverse
627 4838 669 4894 rie
688 4855 737 4912 per
752 4845 857 4894 trevere
875 4835 967 4910 maglo
981 4835 1070 4893 lornili
1085 4836 1103 4891 li
1123 4834 1316 4907 sllogiamenli.
1333 4833 1355 4890 ll
1370 4851 1445 4890 cam-

127 4920 191 4978 mino
203 4923 229 4979 di
245 4923 335 4995 questi
350 4925 411 4981 allri
426 4943 480 4983 non
497 4925 518 4982 si
533 4931 588 5001 pud
604 4945 707 5002 sapere,
724 4945 768 4984 ma
784 4927 807 4983 si
822 4925 881 4986 dica
896 4943 944 5000 per
958 4924 984 4982 la
997 4925 1090 4982 dirilla
1103 4942 1182 4982 verso
1202 4925 1304 4980 Pesaro
1319 4927 1346 4978 el
1359 4921 1443 4977 Fano.

128 5009 156 5065 El
169 5011 184 5066 il
196 5014 273 5070 Duce
287 5015 359 5071 ando
374 5014 400 5070 la
415 5015 501 5088 prima
515 5033 576 5074 sera
590 5017 625 5073 ad
639 5017 814 5091 chrigoano
828 5033 845 5072 o
863 5016 898 5071 ad
913 5015 982 5089 Nepi
1000 5033 1051 5071 con
1067 5014 1203 5072 Madonua
1222 5009 1347 5068 lucretia
1361 5017 1390 5067 el
1403 5011 1445 5066 col

129 5097 221 5158 fratello
237 5121 243 5160 :
258 5103 333 5178 dipoi
348 5103 435 5160 andri
449 5105 483 5161 ad
498 5106 565 5170 Orci,
583 5107 618 5163 ad
637 5105 763 5180 Fuligno‚
780 5105 816 5162 ad
830 5106 969 5178 Beeogna,
985 5105 1020 5160 ad
1035 5104 1147 5170 Nocere,
1162 5101 1197 5160 ad
1213 5101 1327 5170 Gualdo,
1344 5106 1372 5157 el
1390 5104 1447 5156 cosl

130 5187 245 5249 dirillura
258 5193 293 5250 ab
309 5193 411 5250 Pessro
425 5213 441 5251 o
455 5195 491 5252 ad
502 5195 586 5266 Fano,
602 5196 707 5253 berche
719 5213 767 5269 per
781 5195 869 5250 Rome
883 5193 906 5249 si
921 5193 962 5250 sia
974 5193 1053 5250 declo
1065 5194 1115 5248 ebe
1130 5193 1230 5248 Pesaro
1246 5190 1269 5248 si
1279 5207 1447 5247 conservare

130 5276 161 5333 da
173 5281 274 5339 Frazesi
290 5283 324 5340 ad
341 5283 431 5356 quello
448 5285 574 5359 Signore,
590 5303 634 5344 ma
647 5285 673 5343 io
692 5285 728 5342 ho
742 5283 831 5342 inleso
850 5301 904 5340 non
919 5287 933 5339 c
948 5299 1022 5351 vero,
1038 5289 1065 5338 et
1083 5279 1266 5340 cavalcbando
1282 5279 1324 5337 col
1347 5281 1445 5338 Secre-
