3612 6064
327 644 344 697 8
800 637 975 694 JOHANNIS
1001 637 1225 710 BURCHARDI,
1456 641 1576 704 [tanvier
1592 647 1668 706 latua]

330 773 505 869 reducant
540 793 708 890 imposito
747 798 869 865 tamen
902 790 1039 864 eisdem
1071 793 1274 889 peregrinis
1309 773 1346 867 et
1376 793 1583 870 forensibus
1620 820 1666 870 ac

332 919 500 991 Romanis
522 919 558 990 in
581 918 677 990 dicta
701 917 795 990 Urbe
816 916 1125 990 commorantibus
1150 916 1287 990 dictum
1313 942 1508 992 numerum
1535 920 1668 994 abbre-

331 1044 416 1116 viari
433 1043 632 1117 volentibus
650 1050 686 1114 ut
700 1041 867 1114 videlicet
880 1042 1062 1137 peregrini
1079 1049 1112 1114 et
1129 1042 1292 1116 forenses
1309 1051 1488 1139 quartam,
1508 1047 1664 1119 Romani

331 1191 415 1242 vero
439 1175 472 1241 et
494 1169 529 1240 in
545 1168 641 1241 dicta
659 1167 754 1240 Urbe
771 1172 1039 1240 commorantes
1063 1175 1097 1239 et
1118 1167 1319 1242 residentes
1337 1175 1499 1244 octavam
1520 1176 1666 1266 partem

332 1295 423 1390 ejus,
460 1293 557 1389 quod
583 1316 648 1389 pro
680 1316 805 1366 eorum
845 1291 937 1364 victu
975 1292 1114 1381 diebuS,
1149 1317 1219 1388 que
1258 1294 1309 1366 eis
1345 1294 1663 1386 abbreviabuntur,

331 1425 566 1516 exponerent,
594 1419 630 1490 in
658 1441 769 1513 capsa
796 1417 1133 1513 penitentiariorum
1163 1419 1406 1514 predictorum
1438 1443 1504 1518 pro
1534 1444 1666 1494 eorum

331 1543 563 1640 eleemosyna
597 1551 748 1640 ponant,
785 1543 821 1614 in
856 1543 1157 1616 restaurationem
1195 1551 1230 1617 et
1264 1546 1533 1642 reparationem
1566 1546 1666 1620 dicte

330 1669 478 1742 basilice
506 1693 534 1740 s.
566 1668 660 1741 Petri
683 1666 924 1742 convertendo
949 1674 985 1740 et
1010 1668 1038 1739 si
1066 1670 1125 1764 qui
1162 1676 1268 1742 erunt
1299 1669 1390 1742 adeo
1417 1694 1597 1768 pauperes
1626 1683 1667 1744 ut

332 1794 599 1891 eleemosynam
616 1793 760 1888 elargiri
777 1800 970 1892 nequeant,
994 1815 1056 1864 eos
1072 1793 1116 1866 ab
1133 1794 1231 1865 omni
1245 1793 1437 1890 largitione
1453 1795 1664 1892 hujusmodi

330 1918 539 2005 liberando;
565 1932 600 1990 et
624 1917 708 2014 quia
734 1941 814 1989 eam
842 1918 950 2014 aliqui
975 1941 1018 1991 ex
1046 1917 1150 1989 dictis
1176 1919 1359 2008 Romanis,
1390 1942 1510 2008 senes,
1526 1921 1668 1994 valetu-

331 2043 472 2132 dinarii,
491 2043 621 2133 claudi,
640 2042 786 2132 infirmi,
810 2051 846 2114 et
869 2042 1074 2116 inimicitias
1091 2065 1218 2139 graves
1235 2051 1270 2115 et
1286 2044 1506 2140 periculosas
1522 2045 1668 2118 haben—

332 2175 397 2258 teS,
421 2169 481 2263 qui
505 2169 672 2241 basilicas
694 2167 876 2263 predictas
899 2172 934 2239 et
959 2167 1132 2240 ecclesias
1156 2168 1299 2240 visitare
1323 2193 1397 2241 non
1421 2177 1585 2265 possunt,
1611 2171 1666 2244 eis

330 2292 539 2387 utaliquam
562 2293 616 2364 vel
638 2294 775 2388 aliquas
791 2315 834 2364 ex
852 2291 1021 2388 predictis
1045 2293 1201 2365 basilicis
1218 2301 1254 2366 et
1277 2294 1455 2383 ecclesiia,
1480 2295 1535 2368 vel
1555 2319 1666 2392 paro-

331 2417 466 2492 chiales
489 2417 555 2490 sub
580 2418 759 2512 quibusvis
784 2417 933 2513 degunt,
960 2417 1134 2490 visitando
1155 2418 1264 2491 etiam
1285 2419 1322 2491 in
1348 2420 1487 2493 minore
1510 2444 1666 2494 numero

330 2549 469 2638 septem
495 2543 646 2631 dierum,
673 2566 745 2616 non
773 2549 965 2617 teneantur
988 2544 1034 2616 ad
1056 2544 1162 2617 aliam
1191 2545 1449 2634 visitationem,
1476 2545 1594 2640 etqui
1621 2569 1666 2618 ex

331 2667 383 2738 eis
406 2666 554 2740 domum
577 2668 647 2740 sive
674 2691 855 2741 cameram
882 2669 979 2742 exire
1007 2693 1079 2741 non
1102 2677 1271 2765 possunt,
1293 2669 1450 2742 sulliciat
1472 2669 1588 2742 solum
1612 2671 1666 2742 eis

331 2792 531 2864 orationem
552 2791 770 2864 dominicam
786 2800 821 2865 et
842 2791 1096 2866 salutationem
1111 2793 1313 2889 angelicam
1336 2802 1388 2867 tot
1403 2794 1539 2867 vicibus
1558 2802 1594 2867 et
1611 2801 1663 2868 tot

331 2915 456 2988 diebus
473 2922 559 3010 quot
579 2916 665 3012 ipsis
683 2917 944 3011 penitentiariis
968 2917 1145 2991 videbitur
1165 2917 1286 2992 dicere
1307 2929 1343 2991 et
1363 2920 1531 3010 recitare,
1550 2921 1664 2992 missa

331 3049 452 3112 tamen
480 3063 546 3134 per
571 3041 669 3136 ipsos
694 3041 740 3113 ad
770 3039 901 3114 dictam
929 3065 1088 3137 capsam,
1116 3042 1286 3116 videlicet
1312 3049 1439 3116 octava
1459 3051 1561 3140 parte
1586 3045 1666 3142 ejus

331 3163 428 3259 quod
465 3171 687 3260 exponerent
725 3164 852 3237 diebus
883 3167 943 3262 qui
971 3167 1022 3238 eis
1052 3165 1371 3255 abbreviabuntur,
1414 3174 1521 3264 prout
1556 3193 1666 3264 supra

330 3290 466 3362 dictum
501 3300 569 3379 est,
607 3289 848 3364 concedentes
885 3291 980 3386 quod
1016 3313 1193 3388 pauperes
1232 3297 1353 3366 tamen
1388 3293 1478 3364 nihil
1515 3293 1660 3367 mittere

330 3420 531 3488 teneantur.
559 3417 708 3488 Necnon
730 3415 896 3488 volumus
922 3416 1060 3511 aliquas
1084 3417 1336 3514 eleemosynas
1366 3439 1431 3512 pro
1459 3417 1662 3490 animarum

329 3541 583 3614 detunctorum
607 3539 719 3613 salute
745 3540 887 3634 elargiri
910 3541 1018 3613 etiam
1041 3547 1184 3638 tempus
1213 3542 1430 3638 predictum,
1459 3542 1542 3616 data
1568 3542 1665 3615 elee-

328 3691 491 3765 mosyna,
508 3666 552 3738 de
571 3689 642 3761 qua
667 3666 753 3762 ipsis
778 3665 1040 3761 penitentiariis
1066 3665 1245 3738 videbitur
1269 3691 1334 3762 pro
1359 3689 1486 3739 eorum
1511 3666 1661 3740 arbitrio

329 3791 463 3889 (habito
483 3797 604 3861 tamen
625 3790 671 3862 ad
696 3789 920 3862 conditiones
943 3797 979 3861 et
1001 3789 1191 3884 qualitates
1215 3813 1455 3886 personarum
1480 3791 1662 3887 respectu)

328 3913 558 3986 abbreviandi
575 3913 629 3984 vel
647 3919 763 3985 totum
782 3913 986 3986 remittendi
1005 3938 1047 3987 ac
1067 3939 1176 4010 super
1193 3915 1498 4010 irregularitatem
1517 3916 1662 4010 quovis-

327 4039 435 4112 modo
466 4037 573 4110 etiam
601 4037 637 4109 in
665 4037 863 4129 ordinibus,
892 4043 1124 4134 preterquam
1152 4038 1357 4112 homicidiis
1382 4038 1595 4112 voluntariis
1624 4048 1659 4111 et

327 4163 482 4258 bigamia
513 4169 712 4252 contracto,
741 4187 810 4235 nec
840 4187 949 4260 super
982 4164 1234 4253 matrimoniis,
1278 4165 1434 4236 scienter
1472 4164 1528 4236 vel
1559 4164 1661 4259 igno-

326 4295 460 4377 ranter,
489 4289 524 4360 in
548 4289 833 4385 quibuscumque
863 4290 1186 4386 consanguinitatis
1215 4295 1251 4362 et
1275 4289 1459 4362 affinitatis
1486 4288 1658 4385 gradibus

326 4414 435 4486 etiam
453 4413 721 4510 multiplicibus,
741 4439 762 4488 a
779 4413 938 4488 secundo
957 4422 1080 4488 tamen
1098 4416 1211 4512 gradu
1230 4413 1474 4503 inferioribus,
1495 4421 1659 4488 contrac-

326 4539 383 4624 tis,
417 4538 578 4628 occultiS,
620 4545 740 4612 tamen
767 4540 873 4613 etiam
906 4541 1039 4614 carnali
1065 4541 1196 4639 copula
1218 4539 1423 4628 subsecuta,
1461 4539 1560 4613 etin
1589 4539 1660 4611 illis

326 4686 515 4736 remanere
536 4663 633 4738 licite
653 4665 804 4760 possint,
824 4665 964 4762 prolem
988 4673 1192 4763 susceptam
1215 4672 1249 4737 et
1275 4663 1544 4760 suscipiendam
1569 4663 1661 4760 legi-

326 4791 448 4862 timam
466 4788 710 4880 decernendo,
731 4790 853 4886 previa
872 4796 993 4863 tamen
1013 4792 1057 4864 ab
1077 4789 1458 4865 excommunicationis
1479 4789 1661 4862 sententia

326 4913 596 5012 quamproprie
619 4923 855 4989 occurrerunt
884 4915 1108 4990 absolutione
1132 4913 1385 5012 dispensandi;
1410 4937 1553 4987 necnon
1575 4921 1660 4986 vota

325 5062 553 5136 quecumque
572 5063 638 5137 per
658 5039 872 5114 confitentes
896 5042 948 5113 eis
973 5042 1105 5116 emissa
1127 5041 1470 5140 (Hierosolimitana,
1492 5045 1528 5111 et
1546 5037 1661 5111 conti-

327 5163 446 5234 nentie
473 5187 515 5236 ac
540 5165 725 5261 religionis
751 5166 841 5239 votis
869 5166 1042 5242 duntaxat
1072 5166 1244 5266 exceptis)
1273 5163 1533 5255 commutandi,
1565 5163 1661 5236 lacta

327 5291 447 5356 tamen
471 5309 579 5382 super
604 5287 660 5358 bis
686 5287 807 5361 debita
836 5291 1098 5386 compositione
1124 5291 1225 5387 juxta
1252 5289 1444 5386 qualitates
1472 5297 1509 5364 et
1531 5289 1659 5364 condi-
