3506 6034
95 617 254 679 otmunt
420 615 548 676 RERUM
573 616 799 678 URBANARUM
820 619 1083 678 conuersatio.
1364 621 1423 680 ⁰190

96 771 274 868 Papieusis
310 771 544 848 canonicatus
575 775 612 846 et
642 773 854 870 prebende;
887 775 1105 864 secundem,
1137 775 1421 852 Hildesemensis

94 896 240 988 heresis,
273 897 464 995 proposuit
493 901 536 971 D.
568 899 731 974 lustinus
764 899 810 975 de
837 901 992 990 Gorosis,
1023 905 1106 998 post
1132 902 1236 997 cujus
1262 901 1422 976 medium

92 1023 182 1098 seuit
202 1021 399 1098 cardinalis
418 1021 463 1122 (1)
489 1022 535 1096 de
559 1023 778 1099 consistorio
795 1025 842 1099 ad
859 1049 1005 1122 parvam
1024 1025 1200 1124 capellam
1225 1026 1270 1099 ad
1288 1049 1421 1101 novum

91 1147 311 1223 cardinalem
327 1176 335 1236 ;
353 1155 390 1224 et
405 1149 597 1223 cardinalis
617 1150 749 1246 Borgia
763 1151 908 1226 intrarit
928 1151 1197 1242 consistorium,
1216 1150 1300 1226 iecit
1319 1175 1422 1228 rere-

91 1273 237 1348 rentiam
264 1275 362 1371 Pape
387 1279 424 1346 et
448 1274 598 1348 seditio
619 1274 700 1354 loco
724 1299 810 1364 suo;
833 1275 977 1350 tertiam
1000 1275 1297 1350 commissionem
1315 1280 1422 1351 Pata·

89 1397 211 1472 riensis
227 1397 528 1474 incarceratiouis
544 1401 735 1498 proposuit
749 1403 792 1474 D.
810 1399 1017 1498 Alphonsus
1033 1401 1200 1488 idisenus,
1220 1407 1301 1497 post
1316 1403 1421 1500 cujus

87 1522 241 1596 medium
256 1522 405 1598 intrarit
420 1524 675 1599 consistorium
689 1548 804 1600 novus
823 1525 1017 1599 cardinalis
1033 1548 1117 1600 cum
1136 1527 1298 1600 Senense
1320 1531 1357 1600 et
1377 1525 1421 1600 de

88 1647 252 1720 Medicis:
274 1648 448 1723 Senensis
466 1651 642 1746 precessit
660 1649 705 1724 ad
721 1650 852 1724 solium
872 1653 981 1747 Papa,
1001 1656 1036 1724 et
1053 1648 1232 1724 oblivione
1248 1672 1321 1722 uon
1337 1649 1423 1726 iecit

90 1773 118 1844 ei
131 1773 373 1848 reverentiam
390 1773 548 1848 debitam
563 1803 571 1864 ;
589 1774 748 1850 Medicas
763 1799 835 1850 nou
848 1775 1023 1851 ascendit.
1041 1778 1160 1850 Novus
1176 1775 1240 1848 luit
1253 1783 1422 1874 receptus

90 1901 219 1996 aPapa
235 1903 275 1972 et
294 1899 465 1974 omnibus
484 1900 725 1976 cardinalibus
748 1907 784 1975 et
808 1902 903 1976 sedit
928 1902 1024 1976 inter
1044 1901 1256 1976 Cesariuum
1277 1906 1314 1975 et
1334 1904 1423 1974 Bor-

90 2023 194 2120 giam,
216 2048 331 2122 super
354 2049 426 2121 quo
447 2029 547 2124 Papa
561 2026 688 2100 babuit
707 2027 821 2100 multa
837 2026 946 2102 verba
965 2049 1110 2114 mecum
1128 2025 1174 2100 de
1189 2026 1422 2123 precedentis

91 2148 176 2222 iuter
200 2149 378 2246 Borgiam
407 2155 444 2224 et
472 2150 516 2224 de
543 2151 731 2226 Alibretto.
759 2151 839 2225 Dixi
866 2151 1055 2226 Sanctitati
1080 2174 1143 2224 sue
1178 2151 1287 2226 luisse
1316 2150 1422 2224 simul

91 2279 239 2365 creatos,
268 2275 537 2374 Hispaleusem‚
559 2279 601 2351 D.
632 2277 677 2351 de
701 2276 891 2367 Alibretto,
915 2283 951 2352 et
974 2277 1157 2374 Borgiam,
1184 2283 1220 2350 et
1241 2299 1324 2350 cum
1344 2275 1422 2350 aliis

92 2423 213 2472 uorem
238 2425 282 2474 su
288 2424 354 2498 per
369 2401 575 2502 publicatis,
598 2409 635 2477 et
656 2403 693 2476 iu
719 2402 818 2476 bulla
840 2403 1033 2476 creationis
1053 2400 1262 2499 hujusmodi
1284 2401 1329 2474 de
1348 2400 1423 2474 Ali-

91 2524 201 2600 bretto
216 2548 302 2600 esse
320 2531 403 2602 aute
424 2527 592 2624 Bergium
611 2527 861 2618 nominatum;
884 2527 930 2600 de
949 2550 1019 2624 qua
1037 2525 1148 2600 tidem
1169 2525 1255 2598 lecit
1278 2529 1321 2599 D.
1343 2549 1423 2600 car-

93 2647 209 2726 dinalis
239 2650 461 2726 Mutinensis
492 2653 552 2749 qui
584 2651 674 2728 dixit
704 2651 839 2726 bullam
870 2651 1079 2748 hujusmodi
1110 2650 1228 2724 adbuc
1259 2649 1358 2746 apud
1383 2673 1422 2724 se

94 2773 236 2850 babere.
256 2775 377 2850 Finita
396 2778 654 2852 commissione
671 2777 790 2866 tertia,
811 2780 854 2852 D.
875 2777 1053 2852 Antonius
1073 2776 1119 2851 de
1144 2775 1325 2860 Leonibus
1340 2797 1423 2872 pro·

93 2901 202 2996 posuit
222 2906 394 2999 quartam
416 2903 658 2978 Terdonensis
683 2901 908 3001 prepositure
924 2926 932 2993 ;
951 2908 1033 3001 post
1052 2903 1156 3001 cujus
1173 2901 1285 2976 finem
1307 2901 1424 2976 redie-

94 3029 169 3099 mnt
184 3027 230 3102 ad
245 3030 385 3124 Papam
406 3029 591 3120 Senensis,
612 3027 771 3103 Medicas
786 3034 823 3102 et
841 3051 968 3117 novus,
991 3028 1093 3125 cujus
1114 3025 1249 3102 lamilia
1264 3027 1362 3100 veuit
1378 3025 1424 3100 ad

95 3152 249 3228 osculum
277 3153 380 3251 pedis
400 3157 498 3250 Papa
523 3153 583 3250 qui
608 3153 739 3230 deinde
760 3153 866 3228 rediit
889 3153 937 3228 ad
961 3176 1146 3228 cameram
1167 3151 1241 3240 ubi,
1266 3150 1423 3224 dimissis

95 3278 329 3373 paramentis,
356 3277 498 3353 intrarit
522 3278 567 3353 de
592 3282 735 3353 secreta
761 3302 838 3368 sua,
864 3286 900 3352 et
924 3277 1126 3356 cardinales
1153 3277 1423 3350 associaverunt

95 3425 217 3477 norum
241 3402 292 3478 ad
313 3402 461 3478 domum
483 3403 787 3494 vicecancellarii,
813 3406 912 3501 Papa
934 3404 985 3478 sic
1004 3403 1160 3491 volente,
1183 3401 1269 3476 licet
1296 3401 1422 3476 luisset

83 3528 295 3604 ¹ordinatum
313 3529 410 3626 quod
424 3532 711 3604 novusmaneret
725 3528 763 3604 iu
779 3529 927 3626 palatio,
946 3529 983 3602 iu
999 3526 1154 3602 cameris
1171 3525 1327 3624 capitoni
1340 3549 1421 3622 pre-

96 3653 278 3745 ordinatis,
308 3653 464 3752 demptis
488 3654 605 3728 tribus
633 3653 891 3744 cardinalibus,
919 3653 1099 3742 videlicet,
1134 3649 1417 3748 Ulissiponense‚

98 3779 285 3854 Cusentiuo
309 3782 346 3858 et
365 3780 640 3876 Caputaqueuse
662 3779 816 3876 quinon
838 3778 1065 3854 associarunt
1083 3777 1182 3850 huuc
1206 3798 1339 3849 uorum
1356 3775 1421 3848 sed

98 3911 345 3980 remanserunt
371 3927 454 3979 cum
485 3903 680 4002 pontifice:
713 3904 783 3978 alia
811 3926 914 3978 more
946 3904 1065 3977 solito.
1096 3900 1196 3976 Idem
1230 3899 1421 3975 cardinalis

97 4053 198 4105 novus
216 4031 355 4130 incepit
369 4031 514 4106 visitare
531 4031 734 4105 cardinales
753 4037 857 4104 extra
871 4029 1043 4128 palatium
1066 4028 1124 4103 die
1139 4027 1232 4126 jovis
1252 4025 1302 4125 (et
1321 4027 1420 4100 iuce-
1511 4015 1516 4023 ’

99 4155 177 4252 pita
192 4156 457 4256 Neapolitano),
479 4155 570 4230 alios
589 4156 665 4229 sine
681 4156 810 4231 ordine
829 4163 866 4230 et
880 4155 958 4230 sine
975 4154 1095 4252 aliquo
1111 4177 1155 4228 ex
1168 4153 1285 4227 nobis.

141 4282 331 4358 bominica
354 4283 561 4356 Palmarum
588 4288 690 4356 sexte
718 4281 1008 4378 quadragesime,
1041 4285 1087 4354 20
1114 4279 1248 4368 martii,
1279 4280 1343 4352 SS.
1374 4281 1416 4352 D.

98 4413 211 4482 noster
234 4407 421 4484 benedixit
442 4407 581 4504 palmas
605 4407 714 4482 etiam
740 4405 896 4480 aliorum
922 4405 959 4478 iu
982 4410 1019 4478 et
1041 4409 1144 4478 extra
1167 4403 1357 4500 capellam,
1384 4409 1420 4475 et

99 4528 268 4607 distribuit
287 4556 362 4624 eas,
380 4555 485 4607 more
501 4532 620 4606 solito.
643 4531 785 4606 Palmas
801 4534 899 4628 Papo
914 4535 1111 4605 tenuerunt
1131 4535 1277 4604 senator
1292 4551 1314 4601 a
1331 4527 1419 4600 dex·

98 4656 151 4728 tris
170 4665 203 4732 et
222 4657 674 4756 primuscouservatorum
698 4681 719 4730 a
736 4655 907 4746 sinistris,
932 4663 967 4728 et
986 4655 1082 4728 inter
1100 4657 1237 4752 Papam
1255 4657 1292 4728 et
1312 4673 1419 4726 sena·

101 4787 215 4872 torem,
237 4783 335 4857 stetit
351 4783 443 4857 alius
462 4782 581 4858 iulans
599 4786 771 4874 Navarra,
790 4803 864 4856 nou
885 4781 945 4856 ille
968 4780 1030 4878 qui
1048 4779 1229 4854 dominica
1247 4777 1419 4876 preterita

99 4902 262 4998 interfuit,
285 4912 383 5006 Papa
397 4909 450 4982 sic
467 4909 623 4983 volente.
643 4911 775 4982 Orator
791 4907 892 4980 ducis
910 4905 1149 4980 Ferrarieusis
1167 4904 1267 4978 dedit
1285 4925 1417 4998 aquam

99 5033 380 5131 monibusPape,
398 5041 480 5131 post
496 5033 790 5108 distributionem
805 5033 1033 5130 palmarum:
1054 5029 1205 5104 missam
1226 5025 1419 5104 celebravit

101 5157 275 5234 limosi).
304 5159 497 5234 cardinalis
523 5158 793 5258 Agrigentinus.
821 5163 918 5256 Papa
944 5157 1007 5231 ivit
1029 5155 1065 5228 iu
1087 5155 1321 5254 processione
1339 5153 1416 5228 siue

130 5309 153 5366 t.
172 5311 215 5368 Sic
228 5311 299 5370 dans
313 5316 376 5370 tous
389 5309 429 5368 les
444 5327 512 5368 mss.
529 5311 551 5368 ll
565 5311 622 5370 taut
640 5309 923 5370 rraisemblublemant
936 5307 986 5367 lire
1000 5330 1015 5363 α
1030 5305 1177 5366 cardinalis
1192 5306 1339 5366 Senensis.
1358 5327 1372 5360 ι
