3502 6036
95 633 204 698 [berner
218 635 293 696 taor]
426 631 560 691 RERUM
577 633 802 692 URBANARUM
826 633 1089 692 connunxxnn.
1368 639 1419 694 117

93 795 203 876 tanus,
228 787 378 885 legatus
397 787 558 862 marchio
588 788 831 878 nuncnune,
861 788 1014 862 recessit
1032 783 1078 860 ex
1101 787 1209 878 Urbe,
1236 787 1353 863 iturus
1372 793 1418 864 ad

91 913 306 1011 legationem
334 935 457 1002 suam;
486 917 522 986 et
547 936 620 986 non
645 913 710 986 luit
734 936 756 986 a
777 912 1022 988 cardinalibus
1045 912 1265 1002 associatum
1291 916 1415 988 nescio

93 1039 228 1136 quando
247 1037 320 1111 luit
336 1040 382 1112 ad
404 1039 501 1112 banc
516 1038 739 1135 legationem
758 1038 965 1135 deputatus.

135 1165 173 1236 ln
206 1163 454 1261 carnisprivio
484 1162 592 1261 hujus
617 1163 709 1242 ,anni
737 1168 774 1238 et
798 1163 895 1237 inter
924 1163 1043 1259 ipsum
1073 1163 1354 1262 carnisprivium
1382 1170 1418 1239 et

90 1289 214 1362 testum
233 1287 506 1384 purificationis
522 1289 557 1362 b.
581 1289 696 1362 Merie
714 1288 874 1388 virginis,
898 1288 1000 1384 quasi
1018 1289 1170 1386 singulis
1187 1289 1328 1378 diebus,
1350 1290 1418 1362 luit

90 1413 172 1486 fixus
189 1418 274 1485 ante
295 1412 454 1510 liguram
474 1437 502 1487 s.
523 1413 665 1510 Angeli,
687 1413 724 1486 in
747 1414 880 1512 angulo
898 1413 1080 1488 scalarum
1100 1415 1269 1510 positam,
1290 1415 1335 1486 ad
1354 1438 1417 1487 sex

89 1537 137 1610 vel
154 1542 297 1634 septem
318 1561 455 1611 cannas
472 1538 518 1610 ab
536 1537 615 1636 ipsa
630 1539 761 1635 figura,
776 1538 923 1634 quidam
941 1537 1046 1635 palus
1064 1561 1175 1635 super
1187 1542 1327 1612 terram
1338 1538 1418 1612 alli-

91 1661 218 1735 tudinis
241 1661 453 1758 palmorum
481 1668 621 1760 septem
647 1663 701 1736 vel
729 1663 845 1752 circa3
872 1667 908 1736 et
934 1664 971 1736 in
999 1663 1077 1759 ejus
1103 1663 1311 1736 summitate
1339 1669 1418 1736 erat

92 1792 201 1860 statua
222 1785 353 1883 lignea
377 1785 550 1876 hominis,
570 1810 597 1868 ,a
619 1786 765 1886 cingulo
789 1809 900 1884 supra
921 1786 1060 1862 hebens
1082 1787 1240 1884 elipeum
1258 1787 1417 1862 terreum

90 1915 164 1984 ante
182 1915 317 2012 pectus
337 1934 358 1985 a
376 1910 492 1986 latere
512 1911 662 1986 sinistro
684 1912 919 2009 pendentem,
946 1912 1036 1985 etin
1057 1935 1167 1986 manu
1183 1913 1336 1986 dextera
1353 1913 1417 1986 ba-

89 2035 201 2108 culum
220 2035 436 2132 palmorum
452 2036 564 2110 trium
586 2037 642 2110 vel
666 2037 777 2122 circa,
799 2038 903 2134 cujus
925 2036 1124 2110 summitati
1149 2037 1294 2134 alligate
1313 2041 1419 2110 erant

90 2158 275 2232 duecorde
293 2158 534 2258 longitudinis
552 2161 711 2258 quinque
731 2161 934 2259 palmorum
953 2165 1015 2234 aut
1025 2185 1101 2250 sex,
1122 2161 1177 2234 vel
1196 2160 1307 2250 circa,
1328 2184 1416 2234 con-

92 2289 193 2372 torte3
215 2309 379 2381 quarum
398 2285 650 2386 [extremitati]
671 2285 718 2386 (l)
742 2286 895 2360 immissi
919 2287 1066 2360 luerunt
1087 2286 1143 2359 vel
1167 2286 1324 2383 appositi
1346 2287 1417 2360 duo

90 2407 178 2503 globi
200 2407 319 2506 lignei
347 2411 435 2483 satis
462 2411 597 2508 grossi;
628 2412 672 2484 ad
700 2435 809 2508 quam
837 2416 996 2484 statuam
1020 2411 1216 2484 ludebatur
1239 2411 1354 2483 hastis
1380 2411 1417 2481 in

89 2531 246 2629 clypeum
264 2535 348 2631 ejus
365 2558 433 2630 per
452 2541 652 2630 equestres.
675 2539 803 2610 Statua
819 2541 918 2610 tacta
935 2559 973 2606 se
993 2533 1161 2608 movebat
1179 2539 1216 2608 et
1229 2533 1415 2608 ludentem

91 2681 165 2731 cunr
187 2657 312 2752 globis
341 2659 570 2755 percutiebat
599 2667 634 2735 et
660 2665 762 2734 tanto
789 2661 920 2734 lortius
948 2665 1083 2756 quanto
1109 2659 1238 2734 lortius
1269 2659 1306 2732 in
1339 2657 1417 2755 ejus

91 2781 247 2879 clypeum
269 2783 451 2883 dabatur(
477 2783 502 2882 ).

132 2909 206 2980 Non
224 2907 338 3004 longe
356 2909 402 2982 ab
421 2909 550 2982 eadem
568 2914 690 2984 statua
709 2908 777 2984 luit
793 2907 865 2983 lixa
884 2909 921 2984 in
943 2917 1083 2985 terram
1107 2911 1219 2984 arbor
1240 2907 1417 2982 altissima

92 3031 190 3122 navis,
214 3032 255 3105 in
281 3034 386 3130 cujus
414 3034 622 3108 summitate
647 3035 900 3132 apponebatur
919 3061 1030 3110 unum
1060 3060 1127 3134 par
1145 3035 1343 3132 caligarum
1358 3033 1413 3106 vel

93 3153 179 3230 aliud
196 3157 353 3248 donum,
373 3159 470 3254 quod
488 3159 619 3234 saliens
637 3166 673 3234 et
689 3160 777 3234 illud
795 3160 978 3258 accipiens
994 3161 1216 3236 lucrabatur.

131 3282 182 3354 nd
210 3287 357 3380 septem
375 3283 431 3356 vel
458 3289 540 3358 octo
563 3308 701 3358 cannas
728 3285 774 3358 ab
796 3286 927 3360 arbore
950 3287 1117 3384 predicta
1132 3286 1199 3360 luit
1218 3286 1255 3360 in
1275 3291 1414 3360 terram

94 3403 179 3477 aliud
207 3406 352 3503 lignum
381 3407 507 3496 altum,
537 3409 640 3506 cujus
661 3410 861 3484 summitati
890 3411 1038 3507 alligata
1065 3411 1132 3484 luit
1159 3411 1271 3484 corde
1293 3409 1417 3483 sortis-

95 3527 188 3619 sima,
207 3531 316 3626 eujus
333 3533 547 3606 extremitas
565 3557 631 3630 per
650 3532 845 3608 fenestram
863 3536 970 3608 unius
987 3535 1118 3608 domus
1134 3534 1281 3608 indicta
1297 3534 1417 3630 platea

95 3651 154 3726 sita
165 3653 230 3728 luit
242 3655 339 3730 bene
352 3655 515 3745 firmatu;
534 3659 801 3734 circamedium
813 3659 924 3758 hujus
936 3661 1045 3734 corde
1056 3658 1266 3756 hujusmodi
1283 3681 1416 3754 appen-

97 3775 268 3854 debantur
286 3781 357 3854 due
379 3805 542 3872 anseres
563 3808 630 3880 per
648 3785 760 3881 pedes
778 3785 920 3873 sortiter
937 3786 983 3860 ad
1003 3785 1151 3859 cordam
1172 3783 1292 3882 ligate,
1313 3781 1416 3856 collis

97 3899 388 3998 dependentibus,
415 3930 506 4002 quas
525 3917 712 4006 equestres
735 3915 981 3999 accurrentes
1008 3932 1117 3983 manu
1140 3908 1272 3982 collum
1292 3909 1415 3984 detra-

98 4025 227 4119 hentes,
250 4029 507 4120 lucrabantur;
531 4033 723 4109 movebant
747 4035 796 4108 illi
821 4036 857 4108 in
882 4036 1040 4110 fenestra
1057 4035 1230 4108 continuo
1247 4035 1412 4122 cordam,

97 4173 135 4226 ne
157 4177 306 4228 anseres
333 4162 590 4254 tangerentur:
629 4163 867 4256 accurrebant
898 4169 1096 4258 equestres,
1126 4184 1272 4234 anseres
1306 4183 1415 4232 manu

98 4279 253 4375 arripere
275 4280 448 4356 volentes
469 4283 671 4380 Aliquando
690 4286 1024 4383 apprehendebant,
1046 4292 1094 4374 el,
1119 4307 1213 4381 equo
1231 4291 1411 4376 currente,

98 4404 283 4478 manebant
313 4408 463 4502 appensi
491 4410 692 4500 anseribus,
726 4413 828 4483 utin
861 4419 998 4486 terram
1032 4412 1221 4501 caderent;
1251 4409 1412 4497 tandem,

99 4525 181 4601 rollo
199 4529 328 4619 tracto,
347 4553 449 4604 avem
465 4533 655 4639 vincebant
673 4559 737 4608 seu
753 4537 1002 4610 lucrabantur.

139 4651 214 4726 Alia
231 4655 347 4726 eorda
363 4654 561 4730 fortissima
575 4657 720 4755 alligata
738 4660 804 4733 luit
818 4685 930 4758 supra
951 4685 1095 4735 murum
1118 4660 1337 4735 anteriorem
1353 4681 1415 4754 pa-

98 4769 163 4846 latii
187 4780 295 4874 Pape,
317 4803 383 4875 per
409 4779 524 4852 leliois
550 4783 816 4858 reeordationis
840 4785 1028 4860 Nicolaum
1052 4790 1189 4883 Papam
1209 4789 1240 4860 V
1262 4784 1409 4872 lactum,

100 4900 192 4996 cnjus
210 4905 417 4992 extremitas
428 4905 573 4980 firmata
587 4907 653 4981 luit
668 4911 713 4982 ad
725 4911 954 4985 dunscannas
969 4911 1024 4984 vel
1042 4911 1256 5006 circasupra
1276 4914 1412 4982 terram

100 5020 186 5098 intra
220 5029 382 5119 domum,
413 5029 516 5126 juxta
541 5032 755 5128 angularem
787 5035 882 5108 dicte
913 5036 1047 5132 platee,
1081 5058 1203 5108 versus
1235 5032 1351 5106 scalas
1382 5057 1410 5105 s.

131 5209 154 5266 l.
174 5209 376 5271 Touslesnss.
392 5213 514 5272 donnent
526 5239 540 5266 u
556 5233 670 5290 quarum
687 5217 826 5275 immissis.
839 5242 852 5270 a

131 5297 159 5352 2.
181 5297 232 5356 Sur
246 5319 275 5357 ce
284 5303 341 5376 Jeu‚
355 5319 439 5376 voyez
454 5304 498 5359 Du
510 5303 603 5378 Cange
616 5324 651 5363 au
667 5313 722 5364 mot
737 5309 924 5364 bobordirnm.
946 5375 948 5382 Ι
