3590 6042
340 503 375 552 aa
795 500 970 558 uouuuurs
997 495 1220 564 susannam,
1463 493 1588 557 ,osona
1605 497 1666 558 ruri

342 654 554 726 Dominieus
571 655 756 730 t'ruueisoi
776 656 820 728 do
841 659 974 730 Parma
991 659 1164 752 receptus
1187 651 1254 726 luit
1271 652 1309 724 in
1326 651 1550 726 caracellaria
1567 677 1667 750 apos·

344 777 452 852 toliaa
469 777 506 851 iu
525 780 819 854 abbreviatorem
847 781 891 854 de
910 804 1024 877 pareo
1048 776 1178 876 majori
1202 776 1383 850 inlocum
1412 777 1505 850 ami.
1531 781 1574 850 l).
1594 801 1667 850 aar·

341 901 471 975 dinalis
489 905 715 981 Mutinensis.

390 1029 497 1104 Faria
527 1035 702 1125 seeundo,
730 1043 751 1110 5
776 1036 911 1110 mensis
934 1033 1096 1110 octobris
1122 1032 1292 1132 prodisti,
1324 1031 1391 1104 luit.
1413 1028 1666 1104 consistorium

341 1159 526 1228 secretum
551 1156 587 1229 in
611 1181 683 1254 quo
707 1161 770 1235 SS.
799 1163 841 1234 D.
867 1165 995 1234 noster
1023 1157 1153 1233 elausit
1178 1183 1218 1230 os
1242 1156 1342 1230 nouis
1365 1128 1617 1229 cardinalibus
1637 1159 1666 1226 et

340 1281 550 1353 concreavit
571 1287 645 1356 tres
662 1284 804 1384 legatos
823 1286 868 1358 de
887 1285 1017 1374 latere,
1037 1282 1206 1358 uidelicet
1221 1286 1445 1356 Gurcensem
1464 1279 1510 1352 ad
1531 1279 1667 1353 Alema·

339 1403 451 1494 niam,
464 1407 641 1504 Reginum
661 1411 707 1484 ad
725 1410 951 1509 ilungariam
977 1414 1014 1484 et
1029 1408 1300 1484 salernitanum
1317 1407 1363 1480 ad
1377 1405 1664 1490 F1·arroiam.Qui.

339 1529 442 1604 linito
462 1532 696 1626 consistorio,
719 1535 869 1610 suerunt
887 1535 1056 1610 associati
1076 1535 1122 1610 ab
1140 1534 1221 1608 aliis
1238 1533 1384 1606 nemis.
1406 1533 1482 1604 DD.
1503 1530 1666 1604 cardina-

337 1653 433 1728 libus
456 1657 502 1730 ad
524 1657 654 1734 domos
684 1685 834 1736 suarum
856 1661 1140 1752 habitationum,
1171 1658 1425 1734 Salernitauus
1447 1656 1494 1731 ad
1524 1654 1665 1730 domum

337 1780 564 1874 Mutinensis,
586 1787 784 1862 Guroensis
802 1788 847 1861 ad
867 1813 914 1860 ss.
936 1787 1136 1884 apiostolus,
1157 1785 1218 1858 ubi
1235 1775 1435 1874 residebat,
1457 1787 1495 1855 et
1513 1779 1665 1880 Reginus

337 1903 382 1978 ad
410 1906 558 1984 domum
586 1911 785 1987 residentia
814 1937 878 1988 suo
896 1937 966 2010 que
990 1917 1046 1987 est
1069 1913 1114 1986 de
1142 1912 1274 1986 Flisoo.
1305 1913 1343 1983 ln
1362 1909 1495 1982 eodem
1524 1907 1582 1980 vel
1601 1907 1664 1980 alio

337 2031 555 2109 consistorio
583 2039 749 2134 sequenti
779 2043 879 2138 Papa
901 2039 1002 2112 dedit
1029 2037 1154 2112 titulos
1181 2037 1285 2110 nouis
1308 2033 1561 2108 cardinalibus
1586 2055 1664 2129 pro-

337 2157 514 2251 sontibus,
539 2166 575 2235 ot
599 2164 802 2238 successim
825 2165 1050 2256 absentibus,
1076 2187 1167 2261 quos
1191 2187 1318 2238 omnes
1341 2160 1402 2234 hio
1419 2159 1559 2234 notabo
1577 2183 1617 2233 aa
1639 2159 1663 2230 si

337 2281 467 2358 eadem
489 2285 548 2361 dio
572 2295 695 2362 essent
724 2291 894 2364 omnibus
917 2290 1025 2364 simul
1045 2289 1131 2363 dati.

387 2409 557 2503 Didaous,
584 2415 678 2488 tituli
700 2442 729 2488 s.
749 2416 882 2492 Sabine
907 2417 1100 2516 presbyter
1125 2414 1322 2491 cardinalis
1343 2413 1584 2512 Hispalensis,
1610 2435 1662 2508 pa·
1763 2409 1764 2476 l

336 2535 498 2613 triarcha
512 2540 781 2616 Alexandrinus
795 2567 803 2630 ;

380 2665 551 2754 lacobus,
574 2665 667 2740 tituli
689 2692 718 2740 s.
742 2666 872 2743 Vitalis
890 2665 1085 2766 presbyter
1104 2664 1301 2740 cardinalis
1318 2665 1561 2752 Arborensis;

380 2787 553 2878 Thomas,
584 2791 681 2866 tituli
707 2817 736 2864 s.
762 2791 925 2866 Silvestri
944 2793 1137 2890 presbyter
1165 2791 1365 2866 cardinalis
1386 2789 1656 2889 Strigonieusis:

386 2914 529 3004 Petrus,
557 2915 653 2988 tituli
678 2942 707 2988 s.
735 2917 876 3014 Gyriaoi
899 2917 936 2990 in
959 2915 1129 2992 Thermis
1153 2917 1346 3016 presbyter
1371 2915 1572 2990 cardinalis
1598 2918 1660 2986 Re·

337 3060 461 3134 grnus3
1763 3051 1764 3142 t

384 3163 617 3254 Franciseus,
644 3165 737 3240 tituli
769 3193 798 3239 s.
823 3167 956 3242 Ceoilio
983 3169 1176 3268 presbyter
1200 3169 1397 3242 cardinalis
1419 3165 1655 3244 cusentinus:

1763 3383 1764 3434 t

1763 3537 1764 3568 l

384 3287 583 3378 lohannes,
609 3289 702 3364 tituli
726 3315 754 3364 s.
779 3293 931 3366 Balbine
954 3296 1149 3392 prosbyter
1173 3294 1368 3368 cardinalis
1393 3293 1655 3372 salernitanum
1763 3313 1764 3380 y

384 3413 602 3504 Ludouious,
626 3416 718 3490 tituli
731 3443 759 3491 s.
774 3419 917 3518 Agathe
927 3421 1122 3520 presbyter
1142 3421 1340 3495 cardinalis
1358 3415 1654 3518 Caputaquensis3

382 3539 574 3629 Antonius,
595 3541 689 3616 tituli
709 3568 737 3616 s.
756 3545 946 3619 Anastasio
966 3547 1155 3644 prosbyter
1173 3547 1370 3621 cardinalis
1389 3551 1589 3632 Cumanus3
1763 3625 1764 3648 ,

380 3664 566 3740 lohannes
580 3666 758 3762 Baptista,
772 3667 867 3743 tituli
885 3669 1122 3770 ssssrisogoni
1138 3674 1333 3772 prosbyter
1347 3669 1546 3747 cardinalis
1557 3663 1656 3742 Muti·

333 3809 478 3876 nons1s3

383 3919 580 4005 Amaneus,
609 3917 701 3990 tituli
722 3943 750 3991 s.
771 3917 910 4010 Nicolai
928 3920 966 3994 in
985 3945 1132 3996 earcere
1155 3923 1320 3998 'lolliano
1344 3923 1522 4000 diaeonus
1546 3913 1654 3996 cardi·

333 4040 425 4114 nalis
443 4041 488 4114 de
506 4041 677 4131 Albrot03

383 4165 586 4240 Ludovious
606 4192 634 4239 s.
657 4166 772 4241 ttlarie
793 4167 829 4240 in
847 4167 913 4245 uia
933 4173 1022 4246 Lata
1039 4171 1213 4248 diaeonus
1230 4175 1426 4252 cardinalis
1445 4172 1491 4252 de
1509 4169 1649 4270 norgia:

384 4294 543 4383 Marcus,
565 4316 593 4364 a.
614 4292 725 4366 llario
741 4292 779 4366 in
798 4295 946 4368 Portiou
962 4297 1136 4373 diaconus
1154 4302 1347 4375 cardinalis
1364 4307 1562 4378 Cornarus.

381 4416 490 4491 Faria
524 4417 697 4508 secunda,
726 4422 768 4492 rs
798 4419 885 4494 dicti
920 4423 1056 4496 mensis
1090 4427 1265 4518 octobris,
1304 4428 1372 4504 luit
1403 4433 1588 4527 portatum
1611 4413 1649 4493 ad

334 4540 527 4616 oeulosiam
549 4550 749 4618 conventus
769 4571 797 4618 s.
818 4548 1025 4645 Augustini,
1048 4550 1076 4623 si
1095 4557 1197 4626 roste
1216 4553 1379 4644 memini,
1401 4559 1437 4628 et
1456 4550 1588 4628 ibidem
1603 4569 1651 4620 sc·

333 4669 475 4764 pultum
499 4667 654 4744 cadauer
677 4669 795 4744 setena
819 4675 861 4746 [t.
882 4675 1066 4748 Octauiani
1089 4675 1134 4750 de
1153 4681 1272 4770 Sossa,
1296 4660 1461 4755 adiurati
1483 4675 1650 4754 consisto-

331 4793 447 4884 rialis,
468 4793 529 4890 qui
547 4794 606 4867 dio
624 4796 769 4868 veneris
788 4797 955 4893 proxime
973 4801 1148 4896 preterita
1165 4803 1232 4876 luit
1250 4805 1287 4878 in
1306 4826 1390 4879 sero
1408 4803 1648 4879 interiectusu

331 4909 474 4990 duobus
492 4917 731 4994 familiaribus
748 4921 836 5010 suis,
857 4922 976 4996 altero
995 4925 1268 5002 Pedemontano
1287 4930 1454 5005 etaltera
1475 4931 1645 5001 Reuersu-

331 5050 429 5131 tano,
450 5047 487 5115 et
512 5043 628 5140 jacuit
646 5045 683 5118 iu
706 5045 802 5120 lecto
825 5053 992 5122 mortuus
1016 5075 1129 5148 usque
1152 5054 1198 5127 ad
1221 5061 1432 5152 presentem
1459 5055 1554 5128 diem
1572 5049 1646 5121 litut¹

329 5190 401 5261 ‹yua
424 5167 530 5238 sirini
549 5169 650 5243 eirea
666 5171 797 5246 horam
822 5198 1059 5271 vesperorum
1079 5181 1357 5256 considerantes
1379 5179 1528 5255 domurn
1548 5173 1644 5249 tuisse
