3520 6036
83 602 137 666 titul
151 601 218 664 taut]
397 597 525 656 RERUM
549 596 775 658 UHBANARUM
799 597 1064 658 COMMENTAHII.
1348 603 1402 660 357

121 753 179 830 Die
197 753 384 844 mercurii,
408 757 453 828 29
474 752 598 849 hujus,
615 758 792 827 venerunt
809 776 899 828 nove
915 757 1011 852 Papa
1026 759 1108 852 post
1123 755 1252 830 horam
1269 781 1399 856 vespe-

80 902 203 967 rarum,
221 877 320 974 quod
334 877 547 968 Gonsalvus,
562 877 736 952 Ferrandi
748 877 973 975 capitaneus,
988 879 1253 956 incarcerasset
1268 883 1398 956 ducem

79 1003 296 1083 Valentinum
309 1003 345 1077 in
358 1002 509 1078 castello
517 1001 757 1100 Neapolitano
768 1026 851 1077 cum
863 1004 1054 1078 Ramolino
1067 1011 1103 1080 et
1117 1006 1232 1080 tribus
1247 1007 1326 1080 aliis
1338 1009 1400 1106 (I).

119 1133 166 1204 Ite
180 1129 354 1204 mandato
378 1130 442 1202 SS.
461 1131 505 1200 I).
533 1129 575 1200 N.
598 1131 696 1225 Pape
715 1129 910 1202 mandetur
932 1128 1082 1226 singulis
1106 1129 1323 1206 officialibus
1344 1133 1401 1206 in-

79 1253 260 1350 frascriptis
277 1259 459 1350 quatenus
474 1251 532 1326 die
546 1251 655 1348 jovis,
673 1256 694 1324 6
707 1251 814 1350 junii,
832 1252 1034 1328 festivitatis
1057 1255 1295 1330 sacratissimi
1315 1281 1398 1332 cor-

78 1378 164 1476 poris
178 1377 323 1466 Christi,
342 1377 408 1452 suh
430 1399 526 1474 pena
542 1376 703 1474 quinque
714 1378 929 1452 ducatorum
943 1379 1023 1452 auri
1039 1402 1186 1454 cernere
1202 1383 1401 1479 apostolice

79 1501 362 1578 irremissibiliter
376 1501 688 1600 applicandorum,
705 1502 863 1576 debeant
875 1503 1076 1578 horanono
1092 1504 1188 1602 apud
1205 1530 1234 1579 s.
1254 1510 1399 1580 Petrum

79 1628 244 1726 iopaIaIIo
266 1628 469 1726 apostolico
507 1627 602 1702 intra
625 1629 785 1725 primam
811 1635 954 1727 portam
979 1629 1114 1705 ibidem
1138 1631 1173 1704 in
1203 1633 1400 1708 cusiacum

80 1753 212 1851 singulis
227 1753 423 1828 intorticiis
441 1753 605 1828 honestis
623 1760 815 1850 presentes
831 1777 925 1846 esse,
952 1760 989 1830 et
1012 1757 1143 1832 exinde
1162 1759 1403 1854 personaliter

80 1901 114 1951 eo
127 1878 246 1952 ordine
264 1879 480 1976 procedere,
500 1881 611 1976 prout
620 1879 880 1970 ordinavimus,
894 1903 936 1954 ac
950 1882 1194 1978 personaliter
1203 1907 1269 1958 sua
1283 1884 1400 1958 intor-

80 2004 153 2077 tloia
166 2003 309 2080 deterre
327 2009 364 2078 et
376 2027 492 2100 usque
514 2002 560 2078 ad
585 2004 859 2102 processionem
880 2007 1100 2104 completam
1125 2007 1163 2082 in
1187 2031 1231 2084 ea
1257 2033 1400 2106 perma-

80 2151 163 2220 nere,
176 2129 350 2226 subpone
361 2129 510 2204 eadem:
529 2129 816 2204 abreviatoribus
827 2131 872 2204 de
885 2153 996 2229 parco
1008 2132 1148 2230 majori,
1164 2133 1401 2232 scriptoribus

81 2253 284 2348 apostolicis,
314 2252 608 2330 sollicitatoribus
633 2253 838 2329 litterarum
863 2256 1158 2354 apostolicarum,
1187 2264 1400 2354 procurato-

79 2376 165 2450 ribus
180 2379 506 2470 contradictorum,
521 2379 706 2477 magistris
721 2379 873 2477 plumbi,
886 2381 1140 2472 bullatoribus,
1159 2383 1400 2480 scriptoribus

80 2503 333 2596 penitentiarie,
351 2503 609 2579 collectoribus
619 2503 772 2602 plumbi,
786 2495 935 2580 nota'riis
952 2515 1043 2596 rote,
1056 2507 1208 2580 notariis
1225 2507 1400 2582 auditoris

81 2648 218 2702 umere.

81 2869 276 2929 ItIIIrersatus
292 2869 391 2927 luerim
405 2869 434 2926 in
452 2886 564 2928 romana
579 2869 655 2927 curta
673 2869 789 2928 dirersIs
803 2869 980 2946 pontificibus
995 2877 1022 2930 et
1035 2870 1220 2930 cardinalibus
1238 2873 1394 2944 serrIendo,
1451 2909 1453 2916 =

83 2965 157 3015 tamen
171 2961 260 3034 gratia
273 2960 338 3031 Dei,
352 2959 495 3033 Ingressus
516 2975 577 3015 sum
596 2959 714 3016 officium
726 2960 907 3034 magistratus
922 2960 1146 3018 ceremoniarium
1161 2961 1263 3037 capelle
1279 2965 1397 3038 papalis,

81 3049 140 3120 qood
154 3049 270 3106 officium
284 3047 439 3123 resignarit
453 3047 482 3104 in
493 3049 548 3104 mei
561 3048 681 3106 favorem
699 3047 870 3106 Venerabilis
888 3049 930 3106 vir
944 3049 1072 3106 dominus
1093 3050 1280 3108 Beroardinus
1297 3052 1398 3110 Gutten
1428 3091 1430 3094 -

82 3136 559 3208 (detuleriousSalamantinus,unus
573 3155 607 3194 ex
622 3137 730 3194 duobus
744 3137 883 3212 magistris
895 3139 1109 3196 ceremoniarum
1122 3145 1147 3196 et
1156 3140 1397 3215 participantibus,

82 3231 103 3280 et
116 3227 301 3300 adjuvantibus
327 3228 399 3284 hanc
421 3245 509 3284 meam
534 3226 729 3284 admissionem
750 3227 865 3286 thmis.
890 3229 949 3284 DD.
975 3227 1162 3284 cardinalibus
1185 3247 1208 3286 s.
1236 3231 1346 3304 Georgii
1373 3239 1400 3289 et

82 3313 181 3388 Regiae.
197 3316 249 3374 SS.
268 3317 305 3377 D.
320 3317 353 3374 N.
374 3315 465 3374 tutius
482 3317 558 3391 Papa
577 3317 601 3372 II
620 3315 803 3392 personaliter
823 3333 864 3372 mo
881 3317 1032 3390 acceptavit
1051 3317 1112 3391 ipsa
1125 3317 1169 3373 die
1182 3317 1308 3375 XXVIII.
1329 3319 1398 3376 Cum

81 3405 139 3476 apud
156 3405 251 3462 lectum
265 3406 418 3482 paramenti
426 3407 484 3480 jam
495 3405 611 3464 restitus
625 3405 714 3464 iturus
728 3406 764 3462 ad
778 3422 919 3479 vesperas,
934 3405 1175 3462 ciccumstantibus
1190 3406 1317 3463 omnibus
1333 3409 1393 3464 DD.

81 3493 246 3552 cardinalibus
260 3495 425 3565 incircuitu,
441 3501 473 3552 ut
486 3513 546 3552 mos
561 3503 614 3566 est,
630 3501 657 3552 et
670 3495 731 3570 ipsa
744 3495 866 3569 pontilax
881 3493 940 3550 suis
951 3494 1077 3552 manibus
1092 3494 1159 3550 mihi
1173 3494 1393 3569 superpellicium
1440 3515 1443 3522 ⁴

82 3579 200 3654 inposuit,
210 3591 340 3659 presente
355 3585 389 3641 de
403 3584 561 3660 hujusmodi
575 3591 638 3642 actu
653 3586 685 3642 D.
699 3583 841 3641 Dominico
855 3583 1059 3654 deluvenibus,
1069 3585 1177 3641 notario
1193 3602 1298 3640 camere
1313 3601 1395 3658 apos-

81 3669 155 3736 tolice,
170 3673 215 3748 qui
229 3673 313 3730 etiam
327 3673 437 3731 tenebat
450 3672 540 3730 bullas
555 3690 631 3730 meas
645 3673 764 3746 desuper
781 3671 937 3747 expeditas;
954 3677 981 3728 et
998 3689 1051 3746 ego
1066 3689 1115 3729 sue
1130 3672 1277 3730 Sanctitati
1292 3673 1395 3746 gratias

82 3773 154 3833 ageos
163 3762 302 3821 osculatus
316 3780 377 3821 sum
391 3763 499 3837 pedem,
515 3769 543 3819 et
557 3761 711 3820 cardinales
725 3762 840 3836 predicti
853 3779 960 3820 mecum
975 3763 1158 3838 congratulati
1172 3769 1247 3820 sunt.

109 3849 192 3927 Itaque
207 3853 264 3910 Deo
280 3859 308 3909 et
327 3853 446 3926 gloriose
461 3851 569 3926 Virgini
583 3849 687 3926 gratias
702 3869 764 3926 ago,
783 3851 829 3926 qui
843 3869 887 3907 me
907 3852 944 3908 ito
965 3851 1097 3925 adjuvent
1114 3859 1142 3909 et
1160 3851 1280 3928 dirigant
1300 3859 1331 3910 ut
1346 3871 1398 3928 ego

81 3937 181 3998 otttoium
202 3942 254 3999 boc
275 3943 358 4016 digne
378 3949 406 4000 ct
423 3942 563 3999 tructuose
583 3949 608 3998 st
628 3941 801 3998 laudabiliter
820 3941 919 4014 exequi
939 3941 1052 4015 possim.
1072 3941 1169 3998 Arnen.
1260 3964 1275 3995 (ε
1297 3943 1396 4017 Ego...

82 4031 159 4100 statui,
181 4032 238 4088 Deo
259 4031 371 4106 Optimo
390 4031 512 4089 Maximo
533 4031 599 4088 mihi
621 4048 700 4091 suurn
711 4031 828 4104 gratiam
843 4031 1024 4099 concedente,
1037 4030 1081 4087 hio
1096 4031 1219 4105 quotidie
1234 4038 1283 4090 aut
1301 4034 1397 4091 saltem

80 4118 170 4188 quoIIcs
184 4138 252 4196 opus
266 4122 317 4179 erit
326 4125 353 4178 et
363 4121 516 4196 contigerit,
527 4126 659 4178 annotare
671 4138 724 4195 que
735 4125 816 4194 gesta
830 4120 949 4186 luerint;
964 4127 991 4178 et
1005 4120 1055 4189 sic,
1069 4138 1118 4194 per
1131 4120 1262 4195 repetitas
1277 4124 1399 4182 actiones

82 4212 149 4278 atquo
162 4210 282 4268 oculares
294 4211 480 4286 inspectiones
494 4211 661 4277 admonitus,
682 4209 830 4284 aliquando
850 4210 955 4284 possim
975 4209 1170 4284 experientiam
1186 4217 1213 4268 et
1224 4211 1395 4286 disciplinam

81 4299 266 4356 communialem
282 4301 408 4374 adipisci,
424 4301 486 4358 licet
503 4301 584 4358 etiarn
599 4317 687 4358 novus
705 4307 733 4358 et
746 4300 906 4374 inexpertus
921 4299 973 4356 sim
988 4305 1121 4374 tanquam
1135 4300 1230 4356 asinus
1245 4301 1279 4356 ad
1294 4301 1397 4375 Iyram;

82 4385 184 4442 conabor
196 4406 242 4462 per
255 4391 386 4463 repetitas
400 4381 531 4448 lectiones
543 4395 571 4447 et
583 4388 697 4448 annales
712 4389 842 4448 lectiones
858 4390 972 4448 evadere
987 4396 1017 4446 ut
1028 4389 1118 4446 officio
1133 4405 1193 4446 meo
1210 4389 1397 4446 satisfecerim·

82 4469 128 4528 Scd
141 4492 220 4548 queso
233 4484 272 4548 ut,
290 4479 314 4536 si
334 4480 362 4535 in
385 4479 438 4536 hoc
459 4479 603 4554 principIo‚
621 4480 686 4534 dum
709 4484 789 4552 gesta
809 4484 965 4536 sanctorum
983 4483 1092 4552 patrum
1115 4495 1235 4552 exequar
1255 4483 1283 4534 et
1296 4479 1397 4534 descri-

81 4559 142 4632 bam,
162 4583 213 4622 non
232 4568 373 4625 iuvideant
391 4587 452 4625 mea
471 4569 574 4643 scripta
599 4567 711 4638 maligni
731 4568 938 4638 detractatores,
958 4568 1103 4642 presertim
1127 4565 1171 4623 ille
1192 4583 1270 4622 meus
1294 4567 1399 4640 collega

82 4650 184 4712 loannes
196 4657 376 4728 Bruccardus,
396 4657 483 4715 multo
505 4657 595 4732 magis
617 4657 709 4714 socius
729 4657 757 4714 iu
775 4657 865 4714 otllcio
885 4675 966 4731 quam
986 4657 1090 4714 amicus
1111 4673 1191 4712 meus
1211 4655 1238 4710 in
1254 4655 1396 4726 charitate,

84 4757 127 4812 que
143 4745 212 4803 nulla
231 4753 272 4803 est
293 4747 321 4802 ln
338 4764 381 4804 eo.
404 4747 473 4803 Nam
497 4765 559 4802 cum
578 4765 621 4803 me
642 4745 824 4804 intellexisset
846 4747 881 4802 ad
902 4745 1021 4802 olfioium
1040 4744 1202 4818 inspirasse,
1218 4745 1290 4801 illico
1303 4761 1398 4800 omnes

84 4837 181 4890 mustus
192 4835 219 4890 in
232 4853 275 4892 me
284 4843 422 4910 quotquot
436 4836 524 4909 potuit
538 4842 644 4910 etquot
660 4835 749 4904 scivit,
765 4854 797 4892 ao
812 4835 957 4909 plusquam
977 4833 1065 4908 potuit
1079 4840 1107 4890 et
1122 4833 1210 4902 scirit,
1226 4834 1398 4907 exasperavit

84 4923 110 4973 ut
121 4937 158 4976 ne
170 4923 288 4996 ejiceret;
317 4925 376 4995 sed,
394 4925 437 4981 his
453 4923 574 4994 omissis,
591 4925 638 4982 Dei
655 4925 743 4998 gratia
766 4941 827 4982 sum
843 4925 871 4980 id
890 4923 965 4998 quod
984 4941 1055 4992 sum,
1076 4923 1123 4996 qui
1138 4922 1355 4979 estbenedictus
1370 4923 1397 4978 in

86 5007 172 5064 seculo.
183 5033 197 5062 o
210 5011 239 5068 F.
254 5014 296 5072 12.
313 5013 387 5070 Telle
401 5020 445 5070 est
456 5013 579 5088 l'origioe
601 5014 634 5070 ds
656 5014 682 5070 la
702 5014 782 5070 haine
799 5014 833 5070 de
854 5015 886 5072 Ρ.
909 5013 943 5070 dc
961 5012 1071 5069 Grassis
1093 5019 1187 5070 contre
1206 5013 1356 5082 Bnrchard,
1370 5019 1398 5070 et

86 5088 247 5170 l'cxplication
261 5103 309 5158 des
321 5101 424 5176 injures
440 5103 504 5176 qu'il
520 5104 556 5159 lui
571 5103 706 5178 prodigus
722 5107 738 5159 d
753 5103 859 5177 chaque
875 5120 945 5176 page
956 5103 990 5158 de
1005 5119 1055 5158 son
1066 5101 1186 5176 journal.

86 5185 220 5340 Ιὶ12.5ἒῖογ.
245 5189 422 5261 GiustinianI,
447 5210 479 5266 p.
503 5194 593 5260 1256,
623 5199 650 5248 et
669 5193 705 5249 Il.
732 5193 810 5262 lore,
830 5195 917 5249 Illust.
933 5194 1055 5248 virorum
1075 5195 1138 5249 utta
1155 5191 1231 5264 (edit.
1250 5191 1285 5249 de
1305 5193 1397 5265 Isto),
