3506 6034
361 619 416 676 231
697 665 700 670 .
821 615 997 676 101111Ν1118
1020 615 1242 689 BURCHARDI,
1490 621 1676 692 [omiserint]

363 774 514 871 Populo,
534 773 804 849 carmelitarum
823 779 859 848 et
875 797 906 847 s.
924 773 1101 848 Marcelli:
1124 774 1187 848 sed
1204 773 1474 850 carmelitarum
1494 781 1532 850 et
1549 799 1578 850 s.
1596 781 1674 852 Uar

362 899 444 974 uelli
461 923 534 973 non
552 905 740 974 venerunt.
761 900 996 996 Congregatis
1016 899 1163 996 prelatis
1181 903 1218 974 et
1240 897 1543 976 confraternitate
1567 923 1597 979 s.
1611 904 1674 1000 Spi-

361 1025 451 1098 ritus
466 1025 561 1100 circe
579 1025 708 1100 horam
727 1029 867 1100 sextam
894 1025 1076 1100 dominice
1100 1024 1275 1122 predicte,
1305 1024 1502 1101 defunctus
1526 1026 1591 1102 luit
1606 1051 1675 1126 por·

324 1225 328 1232 ,
360 1157 456 1226 tetus
472 1151 517 1224 ad
539 1151 731 1225 ecclesiam
756 1149 863 1225 beate
889 1151 1002 1226 Maria
1029 1150 1074 1225 de
1101 1150 1253 1248 Populo,
1280 1151 1564 1248 precedentibus
1584 1154 1674 1250 quin·

359 1277 531 1375 quaginta
558 1276 762 1366 intorticiis,
792 1275 918 1374 viginti
942 1275 1055 1350 tribus
1080 1274 1235 1350 funestis
1258 1276 1511 1372 sequentibus,
1535 1301 1673 1376 quorun

360 1403 425 1478 fnit
437 1407 480 1478 U.
501 1403 722 1494 Bonifacius,
739 1402 983 1477 subdiaconus
996 1401 1232 1501 apostolicus,
1254 1425 1368 1500 nepos
1386 1403 1564 1492 defuncti,
1582 1428 1671 1502 quem

359 1529 581 1626 sequebatur
600 1528 745 1626 quidam
768 1551 860 1626 puer
885 1527 1175 1626 consanguineus
1197 1527 1380 1625 eJusdam3
1409 1528 1473 1626 qui
1492 1529 1671 1606 ambolus

359 1661 446 1728 runt
464 1678 486 1728 c
501 1655 651 1752 prelatis
668 1653 852 1729 associati.
877 1656 919 1730 U.
941 1653 1146 1728 Bonilacios
1167 1653 1316 1728 incessit
1340 1653 1436 1728 inter
1465 1655 1670 1732 Suanensem

358 1803 380 1854 a
407 1779 544 1855 dextris
571 1786 609 1854 et
634 1781 873 1880 Adjecensem
899 1803 921 1853 a
944 1778 1113 1868 sinistris,
1134 1777 1324 1879 pedestras
1347 1779 1493 1854 :secuti
1518 1791 1597 1854 sunt
1620 1803 1671 1856 eos

361 1906 715 2004 gubernatorUrbis
739 1906 858 1981 etalii
885 1905 1029 2002 prelati,
1057 1928 1184 1979 omnes
1213 1910 1415 2002 equestres,
1446 1905 1533 1981 dato
1561 1907 1669 1980 ordine

359 2031 539 2129 predicto.
559 2034 635 2130 Ego
654 2055 728 2105 non
745 2031 795 2104 fui
814 2037 960 2104 secutus
982 2030 1102 2120 funus,
1133 2030 1198 2104 sed
1221 2030 1267 2104 iri
1291 2029 1337 2102 ed
1355 2029 1507 2104 domum
1531 2030 1615 2106 ani.
1633 2033 1666 2104 n.

357 2155 552 2231 cardinalis
583 2156 758 2246 Grimani,
789 2155 1061 2253 procreatione
1092 2155 1216 2229 militis
1239 2159 1400 2230 vocatus.
1428 2154 1594 2230 llalatum
1616 2154 1670 2228 fuit

356 2281 490 2356 deinde
506 2280 595 2354 milri
615 2282 712 2377 quod
736 2281 788 2354 illi
808 2287 963 2387 quatuor
990 2269 1073 2378 post
1094 2279 1203 2354 funus
1224 2303 1338 2377 usque
1361 2281 1407 2354 ad
1434 2281 1621 2380 Populum,
1640 2287 1670 2353 ut

358 2405 550 2504 prefertur,
575 2407 686 2480 etiam
706 2406 933 2480 associarunt
956 2407 1106 2480 eosdem
1129 2429 1151 2480 a
1175 2405 1312 2503 Populo
1339 2429 1454 2502 usque
1480 2406 1526 2480 ad
1543 2405 1670 2480 domurn

357 2529 529 2621 defuncti,
545 2531 642 2629 quod
659 2531 728 2605 fuit
745 2531 839 2606 mela
858 2537 893 2604 et
911 2538 1035 2629 preter
1051 2530 1186 2606 bonam
1206 2530 1526 2606 consuetudinem.

406 2657 900 2755 l'eriaquarte,18ejusdem
911 2656 1669 2753 mensisjanuarii,necatifueruntetstran

357 2783 469 2881 gelati
481 2783 518 2856 in
529 2785 655 2856 Castro
668 2783 790 2858 Plebis
802 2782 952 2856 dominii
965 2781 1250 2872 Senensium,da
1261 2781 1433 2857 mandato
1444 2781 1547 2858 ducis
1558 2779 1668 2858 Velen-

358 2907 521 2998 tinensis,
536 2929 602 3004 ρον
617 2907 870 2982 ltlichelettum
884 2915 921 2982 et
934 2911 1097 2982 ltlarcum
1111 2911 1316 2982 Romanum
1329 2907 1402 2982 dux
1415 2907 1582 2998 Graviue,
1594 2909 1669 2980 Pau·
1733 2953 1734 3001 p

356 3033 413 3106 lus
429 3032 592 3122 Ursinus,
608 3037 644 3106 et
655 3032 760 3106 miles
774 3033 925 3106 Ursinus
939 3033 1000 3130 qui
1012 3033 1217 3130 Senogullie
1229 3034 1455 3130 nupercapti
1470 3033 1606 3109 fuerunt
1617 3029 1664 3128 (1).

406 3157 511 3232 Faria
538 3159 710 3248 secunda,
742 3162 787 3234 23
815 3159 951 3233 mensis
973 3159 1132 3256 januarii
1162 3159 1331 3256 predicti,
1358 3159 1499 3234 dictum
1526 3158 1587 3232 fuit
1613 3177 1667 3253 par

356 3283 492 3358 Urbem
508 3283 640 3358 ducem
666 3285 978 3374 valentinensem,
1004 3285 1132 3360 diebus
1159 3285 1359 3382 preteritis,
1380 3285 1448 3358 sibi
1474 3286 1665 3383 subjugasse
1732 3273 1733 3276 ’

357 3409 522 3484 civitates
539 3410 721 3484 Clusinam
747 3419 784 3484 et
801 3411 1019 3500 Pientinam‚
1044 3433 1086 3486 ac
1104 3410 1240 3508 oppida
1264 3411 1499 3504 Sarteenum‚
1520 3415 1665 3488 Castrum

357 3534 489 3624 Plebis,
522 3536 695 3610 Sanctum
721 3535 909 3624 Quiricum
937 3536 975 3610 in
1001 3559 1074 3632 quo
1094 3539 1233 3610 tentum
1257 3535 1330 3610 duo
1362 3559 1471 3611 senes
1493 3543 1528 3612 et
1555 3555 1666 3628 noram

356 3662 522 3759 antiquas
551 3661 723 3737 mulieres
754 3661 982 3752 invenerunt,
1015 3683 1106 3759 ques
1136 3683 1202 3757 por
1229 3661 1385 3736 brachia
1420 3662 1666 3760 suspenderunt

356 3792 483 3882 gentes
499 3785 601 3859 ducis
621 3786 788 3882 predicti,
805 3787 888 3884 igne
914 3787 981 3860 sub
1008 3809 1135 3860 aarum
1159 3786 1313 3884 pedibus
1337 3787 1469 3885 posito,
1491 3793 1528 3861 ut
1544 3791 1666 3860 tortura

357 3910 564 4008 hujusmodi
583 3911 788 3986 faterentur
808 3913 868 3986 ubi
887 3916 1010 3986 assent
1031 3912 1211 3987 absconse
1227 3913 1325 3986 bona
1341 3936 1349 3985 :
1368 3911 1429 3987 ille
1450 3919 1575 3988 autam
1587 3910 1667 3982 bona

355 4035 566 4133 hujusmodi
589 4037 749 4111 revelare
777 4039 982 4113 nescientes
1003 4038 1059 4112 vel
1086 4037 1268 4128 uolentes,
1293 4039 1330 4112 in
1360 4043 1504 4114 tortura
1524 4035 1665 4137 predicta

357 4159 535 4235 obierunt.
553 4161 686 4236 Eadem
702 4162 959 4238 nefandissima
975 4169 1116 4260 gentes,
1136 4162 1307 4238 extractis
1323 4186 1368 4237 ex
1380 4163 1548 4238 domibus
1562 4157 1663 4244 tectis,

214 4343 219 4355 .
355 4287 535 4380 trabibuS,
559 4289 742 4381 fenestris,
768 4289 895 4388 portis,
922 4290 1055 4386 capsiS,
1080 4289 1205 4376 butus,
1230 4289 1313 4362 vino
1337 4289 1438 4386 prius
1461 4313 1528 4386 per
1549 4293 1663 4360 terram

354 4412 501 4504 emisso,
522 4414 646 4488 omnia
668 4414 971 4505 combusseruut;
998 4419 1034 4488 ct
1055 4413 1226 4510 quicquid
1245 4413 1282 4486 in
1301 4412 1393 4488 locis
1415 4437 1482 4510 per
1498 4435 1566 4510 que
1582 4415 1665 4483 trou-

354 4537 508 4630 sierunt,
529 4549 745 4638 rapuerunt,
768 4540 1007 4630 abstulerunt,
1028 4538 1140 4612 etiem
1164 4539 1201 4612 in
1223 4537 1523 4638 aquapendente,
1546 4539 1665 4612 llonte

354 4665 527 4756 tlascone,
544 4667 712 4744 Viterbio
728 4673 763 4743 et
781 4668 867 4742 alibi
885 4667 1032 4764 ubique.

387 4875 414 4926 1.
435 4870 511 4944 Vop.
537 4870 563 4928 la
575 4871 697 4946 deptcbe
717 4872 754 4930 du
769 4873 804 4929 30
815 4873 921 4948 janvier
943 4875 977 4932 de
998 4875 1174 4945 Giustinieni,
1190 4883 1211 4935 t.
1229 4877 1251 4946 l,
1267 4895 1295 4952 p.
1311 4879 1373 4942 356,
1392 4883 1420 4936 et
1434 4877 1461 4936 la
1482 4883 1543 4934 noo
1554 4869 1663 4945 eopiause

352 4959 385 5016 de
409 4958 503 5016 Villari
518 4959 629 5018 relative
647 4965 664 5018 d
684 4968 728 5020 cat
747 4967 919 5022 trtnement.
937 4965 1078 5022 Barchard
1099 4965 1148 5026 fait
1165 4985 1257 5024 erreur
1271 4983 1306 5024 en
1325 4967 1418 5024 disant
1435 4985 1487 5042 qua
1510 4965 1533 5024 le
1546 4955 1661 5020 chevalier

352 5047 442 5103 Orsini
456 5049 498 5106 fut
518 5051 642 5124 ttranglt
665 5069 732 5109 arec
746 5052 814 5109 Paul
835 5053 927 5111 Orsini
951 5062 979 5112 et
1003 5054 1028 5112 le
1043 5057 1096 5113 duc
1117 5057 1151 5113 de
1171 5057 1290 5114 Gracina
1306 5075 1313 5114 :
1329 5056 1347 5112 il
1361 5057 1402 5114 fut
1422 5059 1539 5132 epargne
1551 5059 1575 5110 et
1593 5043 1659 5122 pilii,

351 5135 457 5194 l’annea
470 5138 606 5210 sulcante,
631 5141 656 5198 la
674 5143 709 5200 28
733 5147 799 5201 eottt
818 5145 897 5214 1504,
922 5145 1065 5203 assassine
1085 5164 1134 5221 par
1148 5146 1245 5221 quinae
1265 5146 1378 5205 sicaires
1402 5149 1536 5222 masquts.
1554 5139 1615 5213 Vol·
1638 5132 1658 5188 ¹⁸

351 5226 472 5301 nepueu
486 5229 520 5286 ee
536 5230 698 5289 cruentant
719 5235 756 5290 eu
769 5234 806 5290 ao
828 5239 893 5292 net
909 5236 990 5302 1504,
1014 5243 1035 5294 t.
1052 5237 1101 5307 111,
1116 5253 1145 5310 p.
1163 5239 1255 5308 aiau,
1270 5245 1308 5307 e,
1330 5255 1365 5295 en
1379 5245 1455 5306 noe,
1476 5235 1500 5294 u
1513 5221 1658 5308 utpehru

351 5312 486 5371 Gioranni
501 5316 660 5390 Aeciaiuoli,
673 5325 782 5378 orateur
795 5321 932 5394 florentin,
947 5327 965 5382 t
979 5323 1005 5381 le
1018 5323 1190 5400 Seigneuria
