3590 6042
320 538 355 594 20
774 538 950 596 JOHANNIS
975 534 1195 600 nuncianum,
1443 534 1564 598 [itm-ier
1579 536 1655 596 15⁰0]

320 691 479 762 Milvium
505 695 549 764 ad
579 694 648 766 tria
673 695 728 766 vel
753 699 910 790 quatuor
936 689 1117 763 milliaria.
1149 691 1282 760 Omnes
1309 691 1476 759 oratores
1506 688 1655 783 equita-

322 820 449 887 verunt
479 817 587 890 etiam
621 823 724 891 extra
755 821 924 892 eumdem
953 819 1102 912 pontem
1137 837 1250 908 usque
1282 812 1327 884 aa
1357 816 1480 908 prata,
1512 811 1656 884 ibidem

321 942 451 1013 ducem
469 947 714 1038 expectantes.
737 945 885 1018 Pulsate
903 943 997 1016 hora
1014 939 1158 1012 decima
1175 961 1284 1024 nona,
1305 941 1428 1009 Rmus.
1452 937 1657 1009 cardinalis

321 1090 348 1136 s.
367 1066 540 1138 praxedis
558 1069 710 1140 recessit
727 1069 771 1140 de
790 1068 924 1164 palatio
943 1071 978 1138 et
995 1063 1165 1160 equitavit
1185 1065 1268 1134 aute
1285 1063 1434 1132 domum
1452 1061 1656 1134 cardinalis

322 1190 452 1278 Ursini,
480 1191 540 1287 qui
563 1191 698 1266 ibidem
721 1193 756 1265 in
779 1194 877 1265 mula
902 1189 1103 1287 expectavit
1125 1211 1209 1260 eum
1232 1188 1268 1260 in
1293 1187 1365 1267 via:
1393 1186 1652 1282 equitaverunt

319 1314 424 1386 simul
452 1316 497 1386 ad
525 1316 717 1389 eeclesiam
747 1319 851 1389 beate
879 1315 993 1388 Marie
1020 1315 1064 1386 de
1093 1311 1246 1408 Popula,
1276 1312 1335 1383 ubi
1366 1315 1651 1407 expectaverunt

319 1439 449 1511 ducem
472 1439 532 1534 qui
556 1440 696 1514 intrarit
722 1447 866 1538 portam
889 1441 984 1512 inter
1009 1437 1219 1533 vigesimam
1244 1435 1441 1507 seeundum
1463 1441 1498 1508 et
1519 1436 1656 1532 vigesi-

319 1587 416 1634 mam
443 1563 587 1635 tertiam
614 1565 757 1648 huram,
786 1571 957 1660 receptus
990 1563 1035 1635 ab
1062 1559 1230 1633 omuibus
1256 1559 1479 1643 aratoribus,
1505 1559 1657 1632 familiis

320 1693 352 1758 et
378 1688 595 1761 ettirialibus
619 1691 812 1762 eardimrlis
834 1689 1001 1787 predicti.
1029 1687 1274 1782 intelligentes
1297 1686 1427 1757 ducem
1452 1685 1656 1781 appropin-

320 1835 433 1905 quare
452 1819 570 1908 perte,
592 1816 834 1887 ascenderunt
858 1815 974 1887 mulas
998 1818 1032 1884 et
1056 1814 1336 1908 expeetaverunt
1358 1832 1441 1918 eum
1458 1814 1544 1881 ante
1559 1805 1655 1905 'per-

322 1941 393 2008 tam
419 1939 454 2009 iu
477 1937 557 2011 lecu
584 1945 771 2027 eurisuetu,
793 1940 853 2012 ubi
877 1937 1029 2011 detectis
1052 1937 1230 2033 capitibus
1253 1913 1474 2030 receperunt
1500 1935 1651 2010 ducem,

320 2061 464 2136 detecto
488 2065 620 2159 capue,
649 2065 700 2136 eis
725 2065 861 2161 gratias
886 2069 1073 2160 agentem3
1099 2062 1160 2157 qui
1189 2061 1360 2157 equitavit
1387 2059 1528 2131 medius
1555 2060 1656 2131 inter

320 2186 437 2258 dietus
461 2189 664 2260 cardinales
691 2214 802 2284 usque
827 2190 871 2260 ael
896 2189 1081 2284 palatium,
1109 2187 1166 2258 via
1187 2191 1300 2273 reeta,
1325 2209 1438 2280 usque
1463 2185 1506 2256 ad
1532 2184 1655 2257 eecle-

321 2309 412 2381 siam
434 2311 540 2383 beate
563 2312 689 2393 Marie,
712 2314 746 2384 iu
770 2313 838 2388 ria
862 2317 962 2391 Lata,
989 2313 1199 2391 Minervam,
1225 2312 1372 2382 demum
1399 2310 1443 2380 (te
1468 2308 1650 2383 Maximis,

320 2436 496 2535 Campum
514 2439 540 2507 F
544 2435 634 2519 lure,
652 2436 733 2508 inde
752 2443 854 2508 reeta
874 2437 929 2510 ria
950 2437 994 2508 ael
1014 2437 1200 2532 palatium.
1222 2426 1483 2507 precesserunt
1502 2437 1654 2504 eentum

320 2559 433 2631 salme
459 2561 561 2633 ducis
588 2561 796 2640 muliuatim.
823 2562 937 2658 nigris
963 2562 1146 2656 coopertis
1173 2559 1273 2632 nevis
1301 2547 1487 2655 eoeperte.
1517 2563 1552 2629 et
1582 2559 1653 2630 artie

320 2684 466 2757 eireiter
490 2687 753 2782 quinquaginta
776 2687 852 2759 sine
876 2687 1017 2759 urdine.
1038 2690 1113 2782 Ege
1136 2711 1209 2758 neu
1233 2685 1332 2781 potui
1352 2685 1524 2756 ordinare
1545 2682 1653 2754 sami-

318 2809 396 2897 lias,
419 2809 501 2904 quia
525 2816 628 2883 erant
656 2811 794 2906 pedites
818 2812 920 2884 uueis
945 2812 1091 2884 eireiter
1114 2811 1225 2892 mille,
1246 2810 1346 2906 quini
1369 2813 1404 2881 et
1428 2809 1527 2904 quiui
1550 2807 1652 2880 inee-

320 2934 447 3004 ‹teutes
471 2958 536 3005 sun
561 2936 702 3024 urdine,
723 2936 916 3008 Suieenses
941 2941 976 3008 et
999 2940 1220 3024 Guaseuues‚
1244 2936 1310 3008 sub
1332 2934 1490 3030 quinque
1513 2933 1652 3006 vexillis

321 3080 507 3129 armerum
526 3059 640 3146 duris,
663 3059 721 3153 qui
742 3083 814 3131 uun
832 3065 1051 3132 curaverunt
1070 3061 1237 3132 «udinem
1260 3064 1438 3131 uestrum.
1459 3062 1650 3132 t'eueruut

320 3181 428 3252 etiam
462 3180 603 3254 ebriam
639 3183 721 3256 duci
757 3183 898 3279 pedites
933 3188 1047 3280 Pape,
1084 3183 1362 3266 lanziehiueehi‚
1402 3206 1484 3256 eum
1522 3181 1653 3255 uexilla

320 3333 347 3376 s.
370 3307 534 3392 Andree;
556 3312 591 3379 et
609 3307 678 3379 alie
695 3309 890 3380 valuerunt
912 3309 1104 3382 Suieenses
1126 3309 1220 3405 quod
1244 3307 1517 3381 lauzieheneehi
1536 3309 1653 3403 depo-

321 3435 449 3502 nerent
472 3430 680 3528 hujusmodi
705 3458 770 3506 sua
793 3435 931 3522 vexilla,
954 3436 1049 3531 qumi
1069 3435 1118 3506 illi
1141 3435 1263 3507 faeere
1288 3433 1434 3505 omniuo
1457 3457 1653 3505 reeusave-

320 3561 416 3638 runt,
437 3581 477 3626 ex
497 3579 567 3652 quo
584 3561 666 3628 orta
685 3563 739 3629 est
757 3557 852 3630 inter
871 3583 933 3630 eus
950 3581 1081 3654 magua
1101 3558 1284 3631 eontentio
1302 3581 1408 3653 quam
1426 3558 1497 3628 dux
1513 3556 1649 3628 sedavit

320 3681 363 3751 eie
382 3681 491 3752 sarili.
514 3684 775 3754 Preeesserunt
795 3683 986 3756 Suieenses
1006 3689 1041 3754 et
1060 3687 1269 3756 Guascones
1295 3707 1378 3755 eum
1402 3682 1475 3754 suis
1495 3680 1650 3758 vexillis:

319 3827 409 3898 ques
436 3805 550 3876 secuti
579 3811 661 3876 sunt
688 3805 959 3878 lauzieheueehi
990 3830 1072 3879 eum
1101 3807 1191 3888 suis,
1220 3807 1352 3878 deinde
1382 3805 1522 3878 nobiles
1549 3805 1654 3878 dueis

321 3925 467 4002 eireiter
486 3927 759 4023 quinquaginta.
781 3933 858 4001 Dux
876 3929 1003 4002 hahuit
1022 3933 1121 4004 eirea
1139 3955 1177 4003 se
1196 3934 1344 4003 eentum
1362 3929 1558 4014 stafferies,
1579 3929 1655 4000 siu-

320 4049 393 4145 guii
417 4049 578 4146 singulus
605 4075 785 4124 runcones
804 4079 914 4126 ueros
941 4057 1168 4144 (lesereu·tes;
1196 4061 1230 4127 et
1250 4054 1428 4150 diploides
1452 4055 1496 4126 de
1520 4053 1654 4126 vellutu

323 4175 424 4270 aigro
444 4181 480 4247 et
498 4175 631 4272 caligas
650 4177 759 4272 parmi
779 4179 886 4275 nigri.
909 4183 987 4252 Dux
1011 4181 1119 4252 etiam
1144 4185 1224 4252 erat
1245 4179 1393 4252 indutus
1412 4182 1509 4250 veste
1531 4178 1655 4250 velluti

319 4299 411 4394 nigri
435 4303 615 4396 usquead
640 4305 1139 4398 geuua‚eellauamhabe11s
1167 4305 1253 4378 satis
1278 4304 1495 4401 simplicem.
1520 4302 1652 4375 Habuit

320 4423 453 4495 multos
473 4423 637 4497 tibicines·
659 4450 742 4498 eum
765 4428 876 4500 armis
902 4429 977 4502 suis
1000 4433 1035 4502 et
1060 4430 1151 4502 dues
1169 4429 1343 4502 heraldes
1363 4451 1460 4516 suos,
1484 4431 1520 4500 et
1541 4449 1655 4498 unum

321 4548 417 4644 regis
436 4550 600 4630 Franeie,
623 4551 683 4645 qui
702 4551 843 4624 valebat
861 4553 1008 4626 omuino
1028 4555 1081 4626 ire
1107 4559 1189 4650 post
1212 4553 1412 4627 servientes
1432 4575 1623 4626 armerum
1645 4575 1651 4622 :

321 4677 541 4769 eenquestus
570 4673 634 4745 fuit
661 4675 743 4746 (luci
773 4676 833 4771 qui
857 4679 1040 4751 mandarit
1067 4679 1099 4750 ei
1124 4679 1220 4774 quod
1247 4678 1318 4750 iret
1345 4681 1429 4752 aute
1455 4700 1530 4764 em,
1557 4677 1655 4771 quod

321 4797 404 4871 l'eeit
427 4797 520 4870 male
545 4797 714 4870 libenter.
740 4799 919 4873 Tibieiues
947 4808 983 4874 et
1010 4803 1068 4875 alii
1095 4808 1286 4876 senatores
1312 4826 1386 4874 neu
1415 4805 1652 4882 sonaverunt,

321 4924 413 4995 duee
431 4924 501 4996 hoe
518 4925 728 4996 mandante.

371 5050 454 5118 Post
479 5073 540 5119 eus
563 5049 817 5144 equitaverunt
840 5051 910 5122 dux
935 5051 1175 5142 Biselliarum,
1203 5079 1225 5126 a
1247 5052 1397 5139 dextris,
1426 5057 1461 5124 et
1483 5051 1656 5148 princeps

323 5171 505 5264 Squillaei,
527 5174 621 5246 tilius
641 5178 750 5271 Palm,
769 5199 789 5248 a
809 5176 982 5268 sinistris;
1003 5201 1094 5275 ques
1113 5183 1260 5252 secutus
1280 5183 1335 5252 est
1354 5179 1426 5251 dux
1444 5176 1587 5249 medius
1604 5175 1657 5246 in-
