3554 6042
31 541 33 618 l
130 549 221 613 [Arrii
237 550 307 612 rurs]
472 548 599 608 RERUM
623 547 849 606 URBANAHUM
874 548 1138 612 COMMENTARII.
1418 553 1470 608 423

29 681 32 776 ῗ
133 701 182 776 ab
197 725 273 776 une
296 709 415 801 parte,
442 702 487 776 eb
511 702 583 776 ulie
601 701 791 800 designem
812 701 945 776 edificii
965 707 1076 800 prout
1093 702 1130 776 in
1151 728 1194 778 eo
1212 705 1309 800 quod
1325 706 1464 802 occepi.

133 831 176 900 ln
193 827 267 902 tine
284 831 383 926 Pape
400 831 500 902 stens
517 829 554 902 in
572 829 703 902 eodem
724 827 960 902 fundamento
976 829 1078 902 dedit
1097 828 1391 904 benedictionem
1408 854 1467 906 so-

130 952 297 1026 lemnem
319 958 356 1027 et
381 952 562 1050 plenarias
585 952 829 1050 indulgentias
851 951 940 1050 quis
962 953 1156 1050 publicarit
1178 955 1373 1030 cerdinslis
1395 955 1466 1030 Co-

131 1077 262 1152 lumna
278 1077 373 1152 hene
395 1077 431 1151 iu
450 1079 579 1153 latino.
601 1082 702 1176 Pepe
721 1078 828 1153 rediit
842 1081 879 1152 et
897 1079 1097 1176 genuflexit
1110 1101 1234 1154 versus
1251 1080 1465 1178 primarium

133 1201 311 1301 lapidem,
330 1203 471 1277 habens
492 1207 576 1278 ente
600 1226 639 1278 se
660 1226 806 1278 erucem
825 1226 930 1277 suem
949 1227 1033 1278 cum
1058 1203 1198 1278 duobus
1223 1205 1463 1296 candelabris,

133 1331 173 1402 et
191 1327 363 1403 candelas
374 1329 421 1403 nb
438 1328 509 1402 alie
522 1333 643 1425 perte;
659 1332 747 1402 tunc
760 1327 868 1404 rediit
882 1328 929 1402 ed
941 1327 1114 1426 palatium
1134 1328 1144 1427 (
1170 1327 1194 1426 l.

183 1456 225 1527 ln
243 1454 406 1529 secunde
423 1453 518 1544 sula,
533 1453 633 1540 lune,
652 1453 773 1552 aprilis
785 1459 844 1544 20,
864 1453 930 1528 luit
944 1453 1169 1551 publicatum
1184 1454 1460 1548 consistorium

129 1577 380 1656 interfuerunt
396 1578 549 1678 triginta
566 1584 721 1678 quatuor
738 1577 954 1669 cardinales,
971 1577 1139 1656 videlicet
1150 1603 1290 1670 omnes,
1309 1588 1461 1680 excepto
1553 1677 1558 1688 .

166 1840 192 1897 1.
214 1837 237 1894 ll
256 1835 329 1895 n'est
346 1853 397 1912 pas
416 1834 511 1893 inutile
531 1835 565 1892 de
584 1833 742 1910 reproduire
766 1833 802 1892 ici
822 1834 849 1892 la
871 1833 987 1894 relation
1008 1835 1042 1892 de
1057 1836 1090 1897 P.
1115 1837 1149 1894 de
1171 1837 1281 1896 Grussis
1305 1838 1353 1914 qui
1369 1839 1464 1898 didere

127 1928 252 2004 quelque
266 1943 320 2002 peu
333 1926 368 1983 de
382 1925 448 1983 celle
458 1925 492 1982 de
505 1925 647 1982 Buscherd
662 1941 670 1982 z
686 1942 790 1982 comme
800 1925 870 1982 dans
883 1930 946 1982 tous
961 1924 1000 1982 les
1013 1943 1147 2002 passages
1162 1931 1198 1984 od
1211 1927 1228 1983 il
1243 1933 1286 1985 est
1295 1929 1422 2004 question
1430 1931 1465 1988 de

128 2017 283 2087 Burchard,
297 2017 329 2073 P.
343 2015 377 2072 de
392 2013 503 2074 Gressis
515 2013 649 2072 invective
664 2015 879 2088 grossicrement
897 2032 948 2071 son
964 2014 1087 2089 colltgue
1101 2017 1167 2091 qu'il
1183 2035 1218 2074 va
1226 2018 1339 2093 jusqu't
1352 2037 1465 2079 accuser

126 2108 163 2166 de
171 2106 229 2166 rol.
246 2106 326 2162 «Per
339 2102 441 2162 multos
456 2103 515 2160 dies
529 2109 592 2160 ante
606 2105 681 2160 bunc
695 2103 776 2172 diem,
788 2105 864 2179 Papa
885 2104 954 2162 dixit
969 2104 1037 2161 velle
1058 2104 1110 2162 hoe
1124 2105 1169 2162 die
1190 2123 1291 2182 ponere
1305 2109 1464 2183 primarium

126 2197 248 2272 lapidem
271 2195 396 2253 columne
418 2195 501 2251 unius
525 2212 559 2251 ex
589 2201 707 2268 quatuor
727 2193 861 2250 columnis
885 2193 1092 2251 substentativis
1115 2195 1228 2253 eborum
1252 2197 1309 2254 sire
1330 2197 1463 2258 ciborium

127 2285 244 2344 basilice
259 2284 390 2360 principis
403 2282 597 2359 Apostolorum
612 2285 646 2340 de
665 2282 752 2354 Urbe;
768 2290 795 2341 et
818 2301 880 2340 cum
898 2283 979 2340 nobis
998 2285 1157 2342 mandasset
1177 2291 1207 2342 ut
1227 2285 1330 2361 aliquid
1349 2288 1415 2346 boni
1432 2290 1462 2347 in

127 2375 292 2433 ceremoniis
307 2391 355 2450 pro
370 2391 403 2431 eo
422 2379 485 2431 actu
505 2379 724 2430 concederemus
743 2371 824 2430 simul
840 2373 913 2430 inter
936 2390 995 2442 nos,
1017 2373 1128 2430 tandem
1148 2373 1183 2431 lt.
1205 2375 1237 2432 P.
1259 2375 1293 2432 D.
1317 2377 1462 2453 episcopus

127 2465 251 2524 Ortanus
264 2481 339 2522 more
353 2481 404 2521 suo
417 2463 502 2522 feeit:
520 2480 584 2519 nam
598 2481 632 2520 ex
647 2462 715 2520 libro
730 2462 867 2520 ordinario
882 2461 1031 2538 pontificali
1047 2463 1099 2520 sub
1114 2463 1192 2520 titulo
1208 2465 1240 2521 de
1253 2468 1392 2537 positione
1402 2472 1463 2540 prt-

125 2558 215 2614 murii
238 2555 351 2627 lepidis,
377 2553 499 2610 extruxit
521 2553 587 2626 quid
606 2552 708 2626 placuit
722 2551 775 2610 sibi
794 2551 856 2622 soli,
877 2558 904 2609 et
923 2570 985 2608 cum
1004 2553 1042 2610 D.
1064 2553 1248 2610 Demardinus
1267 2559 1294 2610 et
1313 2573 1365 2628 ego
1383 2564 1460 2632 pete·

127 2663 221 2702 remus
240 2642 442 2700 conclusionem
458 2643 557 2700 factem
573 2659 622 2716 per
641 2659 712 2711 eum,
732 2641 865 2716 pertraxit
885 2659 936 2699 nos
955 2641 982 2696 in
1001 2641 1158 2716 hujusmodi
1173 2644 1362 2717 expectatione
1373 2664 1461 2721 usque

125 2735 160 2792 ad
176 2735 268 2810 ipsum
282 2740 389 2802 actum3
410 2737 437 2789 et
455 2737 520 2788 tune
539 2749 595 2788 non
614 2731 691 2800 mibi,
715 2731 764 2788 sed
785 2733 819 2791 D.
841 2731 1011 2789 Bernardino
1033 2731 1108 2788 dedit
1127 2731 1255 2803 rotulum,
1278 2738 1307 2790 et
1320 2741 1417 2809 postea
1431 2736 1460 2794 in

125 2841 209 2899 opere
221 2831 249 2881 et
257 2829 319 2881 actu
330 2839 386 2880 non
396 2821 516 2880 servarit
524 2821 610 2894 illum,
620 2827 651 2879 ut
660 2823 788 2880 ostendet
796 2839 826 2878 se
837 2821 1269 2880 baberelontemceremonierum
1279 2823 1457 2883 saturicntem

126 2932 161 2972 ex
175 2913 267 2988 capite
282 2930 342 2969 suo.
359 2911 393 2970 Et
405 2911 534 2987 quoniam
554 2912 588 2968 D.
612 2912 799 2968 Bernardinus
819 2911 878 2987 ipse
899 2911 1052 2968 inconsulto
1071 2911 1149 2985 petiit
1170 2929 1186 2968 a
1204 2913 1280 2988 Papa
1296 2919 1327 2972 ut
1340 2915 1459 2988 placeret

126 3003 203 3079 quod
219 3001 371 3060 celebraret
388 3001 436 3058 illa
458 3001 502 3058 die
524 3001 670 3076 episcopus
694 3000 857 3075 Burgensis,
878 3001 1014 3059 assistens
1036 3019 1086 3058 sue
1107 3000 1266 3073 Sanctitati‚
1291 3003 1383 3079 etqui
1402 3011 1461 3063 erat

125 3109 213 3168 prope
232 3091 305 3148 diem
321 3091 410 3149 iturus
425 3090 453 3148 in
468 3090 584 3160 ltaliam,
596 3089 789 3166 propterquod
804 3091 881 3164 Papa
890 3090 942 3148 luit
954 3092 1024 3148 bene
1034 3096 1179 3150 contentus
1194 3097 1225 3150 ut
1238 3092 1298 3166 ipse
1309 3093 1457 3169 episcopus

125 3181 295 3239 celebrasset
309 3187 340 3239 ut
362 3186 458 3256 posset
480 3179 518 3236 ibi
538 3179 637 3236 reterre
656 3180 690 3237 de
714 3179 783 3236 sctis
802 3179 846 3236 hic
868 3198 918 3255 per
936 3182 1049 3254 Pupam,
1069 3181 1128 3256 ipss
1148 3181 1182 3239 li.
1204 3181 1236 3241 P.
1259 3184 1291 3240 D.
1313 3183 1459 3257 episcopus

125 3273 248 3330 Ortsnus
262 3270 334 3329 male
348 3275 495 3328 contentus
509 3270 584 3344 quod
598 3287 653 3326 non
671 3268 810 3328 extitisset
831 3269 973 3326 consultus
992 3287 1075 3344 super
1093 3270 1154 3344 ipss
1170 3270 1264 3340 missa,
1281 3271 1369 3328 suasit
1383 3273 1458 3346 Pspe

123 3381 180 3421 non
194 3363 298 3420 bouum
313 3379 377 3420 esse
392 3360 465 3436 quod
480 3359 626 3434 episcopus
640 3359 762 3433 prelatus
778 3375 837 3415 eam
852 3358 965 3416 missam
976 3359 1003 3414 in
1021 3359 1124 3432 capella
1138 3361 1187 3416 sed
1199 3360 1346 3417 cardinalis
1358 3360 1459 3434 aliquis

124 3452 273 3530 presbyter
295 3451 324 3508 in
342 3449 459 3508 basilica
473 3448 605 3524 principis
622 3447 815 3522 Apostolorum
837 3465 920 3522 super
942 3447 1026 3506 alters
1048 3449 1138 3521 majus
1162 3454 1298 3519 centaret;
1321 3455 1348 3506 et
1371 3449 1411 3506 sie
1429 3449 1457 3506 in

124 3543 225 3601 ellectu
249 3542 335 3616 Papa,
356 3537 484 3597 nesciens
507 3537 629 3614 alioquin
652 3538 773 3595 animum
796 3537 917 3614 episcopi
944 3537 1051 3607 Ortani,
1073 3537 1151 3594 facilc
1173 3539 1310 3595 concessit
1331 3557 1394 3596 esse
1417 3539 1457 3596 sic

123 3632 279 3690 laciendum
296 3649 303 3687 :
320 3637 422 3688 etcum
434 3629 492 3704 jam
506 3628 540 3684 de
552 3645 635 3684 mane
649 3627 805 3702 precedenti
824 3626 923 3684 luisset
941 3627 1028 3683 misse
1041 3627 1167 3684 intimate
1182 3633 1212 3684 ut
1226 3629 1262 3684 sit
1277 3629 1351 3701 quod
1365 3629 1400 3684 R.
1415 3629 1453 3688 P.

123 3725 158 3782 D.
173 3721 320 3797 episcopus
336 3719 488 3793 Bur-gensis
503 3723 627 3774 cantaret
642 3717 670 3772 in
685 3717 797 3790 eupolis,
819 3715 878 3791 ipse
898 3717 932 3772 de
952 3734 1012 3773 sero
1030 3717 1151 3790 ejusdem
1167 3716 1230 3787 diei,
1242 3717 1271 3773 id
1285 3717 1455 3783 estreneris,

121 3812 187 3870 lecit
201 3808 322 3867 intimari
335 3809 409 3882 quod
424 3806 570 3864 cardinalis
585 3807 763 3864 Volterrsnus
778 3823 836 3862 eam
859 3811 981 3863 cantaret
1001 3805 1028 3860 in
1044 3811 1141 3862 sancto
1157 3807 1250 3876 Petro,
1266 3807 1348 3863 etsie
1364 3807 1453 3868 luit...

121 3900 221 3960 Nullus
241 3897 389 3956 cardinalis
409 3915 471 3954 cum
491 3897 567 3971 Paps
583 3895 706 3966 interius,
732 3895 787 3952 nisi
810 3895 865 3952 duo
889 3893 995 3952 diaconi
1013 3895 1176 3953 assistentes
1194 3896 1357 3970 cardinales,
1377 3897 1458 3972 pauci

123 3989 328 4048 descenderunt
337 3988 408 4045 inter
420 4003 490 4062 quos
504 3984 590 4059 eliqui
609 3992 761 4043 muretcres
780 3993 807 4042 et
829 3986 940 4060 quidam
955 3985 1036 4042 taber
1055 3985 1229 4060 argentarius
1248 3986 1294 4062 qui
1315 3986 1406 4045 attulit
1419 4005 1457 4044 sn

123 4083 249 4138 monetes
263 4094 350 4136 noras
366 4076 422 4134 sire
436 4073 577 4134 medullies
591 4075 660 4132 lates
683 4075 755 4132 sicut
776 4081 818 4131 est
832 4093 888 4132 uns
900 4074 971 4131 ostie
985 4074 1069 4131 misse
1084 4075 1247 4145 communis,
1264 4094 1378 4152 grossus
1393 4093 1457 4134 vero

123 4171 198 4228 sicut
211 4173 291 4226 costa
301 4166 388 4224 unius
402 4164 515 4240 gladioli
534 4163 701 4234 communis;
722 4171 748 4221 et
769 4163 803 4221 ab
815 4182 869 4221 una
884 4174 961 4239 perte
981 4169 1039 4220 eret
1059 4164 1152 4239 imago
1167 4165 1242 4238 Pepe
1257 4165 1321 4221 tulii
1337 4183 1398 4222 eum
1413 4165 1458 4222 his

124 4259 234 4323 litteris,
245 4256 373 4315 videlieet
388 4274 395 4314 :
408 4273 508 4314 ruerus.
524 4273 614 4312 uruvn.
630 4271 773 4312 secruovs.
789 4271 930 4312 rourrrsx.
947 4271 1077 4311 usxruvs.
1094 4271 1179 4312 turo.
1197 4271 1248 4311 sur.
1267 4271 1457 4312 rourrrrcnrvs

126 4367 203 4420 uon,
220 4355 249 4405 et
262 4346 297 4404 nb
313 4345 368 4404 alia
381 4353 440 4404 erat
450 4346 537 4404 torma
550 4343 644 4420 templi
671 4343 730 4401 sive
745 4343 845 4400 editicii
861 4343 934 4419 quod
948 4343 1058 4400 volebat
1073 4343 1190 4417 erigere,
1206 4361 1269 4399 cum
1283 4341 1381 4399 litteris
1401 4341 1456 4411 bis,

124 4437 278 4496 videlieet:

532 4541 706 4581 rusrnvssrro
722 4541 839 4580 aristarco
853 4539 1044 4580 nrosrotonru

500 4631 577 4670 rsrnr
598 4632 629 4670 ιτ
644 4631 721 4670 rerer
736 4631 788 4670 rsn
801 4631 861 4672 rvr..
882 4630 910 4670 n.
927 4630 996 4670 rour
1011 4631 1077 4670 nex.

129 4785 158 4837 et
171 4777 287 4836 interius
300 4783 360 4836 erat
373 4777 426 4834 boc
439 4776 562 4846 verbum,
576 4775 703 4834 videlicet
717 4795 725 4832 ε

683 4915 894 4976 VATICANVM

166 5087 181 5118 s
197 5065 300 5122 Herum
313 5071 405 5122 sutem
420 5069 600 5128 monetarum,
617 5063 668 5119 due
683 5067 867 5131 erantauree;
883 5079 946 5135 que,
958 5059 1063 5136 judicio
1077 5076 1148 5128 meo,
1164 5063 1240 5115 erant
1251 5055 1379 5132 ponderis
1393 5071 1459 5127 que·

130 5154 197 5212 libet
217 5173 256 5211 xx
279 5154 453 5222 ducatorum,
470 5159 497 5211 et
516 5153 568 5209 elie
590 5171 608 5208 x
629 5157 705 5208 erent
725 5171 758 5208 ex
783 5151 926 5220 auricalco,
943 5167 996 5224 que
1016 5167 1110 5206 ornnes
1131 5148 1241 5204 luerunt
1256 5145 1343 5220 posite
1362 5144 1390 5200 in
1404 5162 1457 5200 uno

129 5243 244 5301 vasculo
258 5243 305 5300 rili
319 5243 376 5301 luto
389 5249 520 5312 testaceo,
534 5241 641 5317 figulari
664 5259 671 5298 :
697 5240 766 5315 lupis
786 5258 894 5315 quoque
916 5239 961 5314 qui
980 5238 1086 5314 positus
1106 5236 1251 5313 primarius
1268 5235 1320 5292 luit
1338 5251 1373 5292 ex
1394 5233 1458 5290 elbo
