3502 6036
342 587 394 644 100
795 583 969 640 JOHANNIS
994 581 1216 653 BUHCHARDI,
1468 587 1582 648 [tanvicr
1594 591 1653 652 leot]

341 748 411 829 tur,
431 737 658 809 consessores
678 735 851 832 deputare
872 735 1036 825 idoneos,
1060 737 1169 810 etiam
1190 761 1281 833 quos
1300 737 1367 835 ipsi
1389 761 1462 812 non
1482 741 1651 814 vanientes
1738 727 1739 822 Ῐ

341 864 475 960 eligere
492 861 665 934 voluerint
685 860 746 958 qui
770 883 856 956 erga
876 860 1069 957 impeditos
1086 860 1235 936 eosdem
1257 886 1300 937 ac
1322 863 1513 938 decorum
1535 865 1655 938 familia
1738 889 1739 974 ,

341 989 550 1077 existentes
573 987 649 1083 pari
674 1009 746 1082 qua
768 985 828 1058 alii
850 986 1078 1060 confessores
1101 988 1251 1084 predicti
1276 1009 1363 1086 erga
1381 989 1563 1062 visitantes
1583 1014 1654 1086 pre·
1738 975 1739 986 ¹

341 1114 456 1186 dictas
478 1111 651 1185 ecclesias
676 1110 891 1184 auctoritate
919 1111 1127 1208 iungantur,
1155 1120 1190 1186 et
1217 1113 1303 1208 quia
1326 1114 1431 1187 lacile
1458 1115 1653 1211 contingere

340 1243 462 1335 posset
476 1237 615 1332 aliquos
634 1235 798 1309 dubitare
815 1243 990 1332 quantum
1011 1235 1141 1311 offerre
1157 1238 1314 1312 debeant
1329 1261 1394 1334 pro
1414 1241 1656 1336 consequenda

339 1361 562 1458 indulgentia
577 1360 739 1456 predicta
756 1367 792 1433 et
807 1360 884 1432 aliis
902 1361 1090 1456 premissis
1108 1371 1144 1436 et
1164 1361 1355 1436 nonnullos
1371 1387 1452 1438 esse
1469 1364 1596 1437 dubios
1610 1365 1657 1436 vel

340 1486 512 1574 incertos,
539 1509 583 1557 an
609 1507 735 1558 eorum
764 1484 991 1580 impotentia,
1017 1485 1207 1557 infirmitas
1235 1485 1290 1560 vel
1319 1485 1452 1560 servitii
1480 1489 1655 1582 occupatio

342 1611 387 1682 sit
407 1610 498 1682 adeo
519 1607 747 1696 excusabilis,
765 1609 930 1682 notabilis
952 1615 986 1682 et
1005 1608 1181 1705 legitima,
1200 1611 1298 1705 quod
1309 1611 1414 1708 juxta
1431 1611 1606 1708 premissa
1619 1612 1656 1684 ad

339 1733 582 1808 visitationem
613 1732 816 1807 taciendam
849 1733 1023 1831 adstringi
1053 1758 1125 1808 raon
1145 1734 1314 1808 ‘debeant
1342 1743 1379 1809 et
1410 1736 1656 1831 indulgentiam

339 1857 547 1957 hujusmodi
575 1863 862 1954 consequantur,
888 1860 952 1933 sed
978 1883 1043 1956 pro
1073 1859 1133 1931 illa
1159 1861 1417 1956 consequenda
1442 1859 1608 1948 sufficiat,
1628 1868 1657 1932 et

339 1985 576 2082 quantitatem
591 1983 794 2081 predictam
811 1984 846 2055 in
863 1984 980 2082 capsis
995 1985 1202 2082 hujusmodi
1220 2008 1286 2080 per
1300 1984 1425 2059 fideles
1441 2007 1571 2058 manus
1584 1984 1655 2080 poni

340 2111 475 2200 lacere,
498 2109 662 2182 volumus
687 2109 782 2204 quod
807 2114 880 2182 tam
905 2110 1054 2182 nuntius
1077 2116 1113 2183 et
1134 2111 1405 2184 commissarius
1431 2109 1611 2206 predictus
1629 2115 1659 2180 et

340 2235 470 2332 quibus
491 2234 587 2307 vices
610 2234 645 2306 in
668 2255 803 2329 genere
823 2235 878 2308 vel
902 2235 939 2306 in
963 2234 1084 2331 specie
1105 2235 1247 2308 duxerit
1272 2233 1565 2323 committendas,
1584 2255 1658 2305 con-

340 2360 458 2432 sessor
475 2381 583 2454 quem
597 2357 686 2430 tales
703 2357 805 2430 dubii
821 2364 882 2431 aut
898 2359 1027 2432 incerti
1043 2383 1087 2431 ex
1106 2357 1276 2456 predictis
1292 2359 1524 2454 deputandis
1543 2363 1579 2431 ut
1592 2379 1660 2452 pre·

340 2487 506 2577 mittitur,
532 2483 701 2573 adierint,
727 2483 841 2580 possit
868 2481 920 2556 eis
946 2462 1157 2578 hujusmodi
1184 2481 1387 2556 dubietates
1411 2487 1517 2579 prout
1548 2503 1659 2553 eorum

341 2611 461 2700 statui,
480 2619 516 2684 et
531 2609 759 2684 indemnitati
784 2607 1059 2702 animarumque
1081 2589 1187 2679 saluti
1200 2615 1236 2680 et
1254 2607 1490 2696 conscientie,
1511 2605 1616 2702 quieti
1632 2609 1661 2678 et

340 2735 419 2831 paci
445 2734 624 2808 salubrius
652 2733 824 2830 expedire
854 2730 1062 2828 cognoverit
1095 2730 1262 2804 decidere
1291 2738 1327 2804 et
1356 2731 1610 2820 determinare,
1631 2736 1660 2802 et

340 2859 579 2933 visitationem
602 2855 812 2954 hujusmodi
835 2861 871 2929 ct
893 2878 1073 2928 summam
1100 2855 1144 2928 de
1165 2879 1237 2951 qua
1253 2855 1459 2928 dubitarent
1478 2879 1525 2928 nn
1542 2855 1586 2928 ab
1601 2853 1660 2926 eis-

341 2983 424 3056 dem
442 2983 612 3056 solvenda
627 2982 777 3068 veniret,
796 2967 936 3054 eisdem
953 2981 988 3052 in
1006 2986 1108 3076 parte
1132 2981 1319 3054 remittere
1340 2987 1447 3077 prout
1462 2981 1588 3054 nuntio
1608 3001 1661 3050 seu

341 3107 603 3196 commissario,
627 3130 691 3179 seu
714 3103 928 3202 deputandis
948 3110 984 3178 et
1006 3103 1287 3200 subdelegandis
1313 3104 1487 3200 predictis
1506 3127 1661 3178 necessa·

341 3232 431 3304 rium
452 3253 533 3305 essa
550 3229 738 3318 videbitur,
756 3253 819 3304 eos
840 3228 1032 3300 visitandas
1053 3228 1176 3300 dictas
1196 3228 1371 3303 ecclesias
1394 3229 1540 3325 penitus
1559 3229 1662 3324 impo-

343 3361 460 3428 tentes
477 3353 677 3439 declarare,
695 3353 924 3449 habeantque
942 3351 1031 3425 tales
1052 3351 1165 3442 dubii,
1180 3353 1284 3448 juxta
1305 3352 1589 3426 declarationem
1607 3372 1661 3423 seu

341 3480 595 3554 remissionem
618 3479 825 3576 hujusmodi
849 3475 1056 3550 taciendam
1075 3476 1197 3571 quoad
1215 3477 1388 3551 effectum
1408 3473 1662 3552 consecutionis

342 3605 564 3702 indulgentie
583 3610 783 3679 memorate
799 3627 864 3702 pro
881 3624 964 3677 vere
978 3600 1205 3676 visitantibus
1226 3609 1262 3674 et
1278 3603 1499 3676 solventibus
1517 3601 1560 3677 ad
1578 3595 1663 3696 quod
1738 3643 1739 3704 3

346 3741 527 3821 tenentur,
553 3732 709 3828 provisio
734 3730 831 3827 quod
856 3731 1044 3804 consessor
1067 3729 1253 3826 predictus
1275 3729 1414 3802 eisdem
1435 3725 1614 3825 impeditis
1633 3729 1663 3795 et
1738 3757 1739 3826 3

345 3858 390 3932 de
405 3879 533 3930 eorum
550 3855 686 3928 lamilia
701 3855 950 3945 existentibus,
968 3854 1039 3928 hoc
1055 3854 1137 3928 loco
1154 3853 1366 3927 visitationis
1382 3851 1589 3950 hujusmodi
1603 3847 1662 3922 alia
1738 3845 1739 3938 l

345 3983 510 4078 injungat
533 4004 644 4078 opera
668 3979 831 4076 pietatis;
860 4004 982 4055 verum
1008 3979 1122 4076 siqui
1151 3979 1269 4054 terent
1294 3979 1354 4076 qui
1379 3977 1471 4052 adeo
1497 3996 1661 4076 pauperes

345 4113 467 4180 esseut
481 4112 519 4180 ut
541 4106 735 4179 commode
753 4104 893 4180 solvere
909 4113 1104 4202 nequeant,
1123 4107 1226 4201 juxta
1246 4103 1514 4178 ordinationem
1533 4099 1662 4200 predic·

347 4241 434 4318 tam,
452 4230 560 4304 liceat
578 4231 704 4303 nuntio
726 4237 762 4304 et
779 4231 1030 4304 commissario
1051 4255 1094 4304 ac
1112 4229 1326 4326 deputandis
1343 4235 1379 4303 et
1393 4223 1661 4323 subdelegandis
1738 4319 1739 4324 ἵ

347 4355 518 4453 predictis
532 4379 616 4428 cum
631 4355 759 4429 talibus
770 4356 829 4451 qui
844 4356 981 4430 solvere
993 4355 1164 4444 debeant,
1179 4362 1216 4428 ut
1228 4353 1437 4452 hujusmodi
1451 4347 1660 4448 indulgentie
1738 4329 1739 4376 ³

294 4567 296 4570 ,
347 4481 541 4578 participas
568 4479 657 4553 liant
679 4481 886 4570 convenire,
908 4488 943 4555 et
961 4504 1037 4570 eos,
1054 4504 1138 4554 cum
1161 4479 1228 4553 sibi
1246 4480 1438 4569 videbitur,
1457 4504 1479 4552 a
1496 4476 1661 4552 solutione

345 4605 553 4704 hujusmodi
570 4605 789 4680 subsistente
808 4629 918 4678 causa
933 4605 1108 4702 legitima,
1124 4605 1161 4676 in
1178 4609 1292 4677 totum
1311 4605 1364 4678 vel
1379 4605 1415 4676 in
1432 4611 1573 4702 partem
1585 4599 1662 4675 lihe-

345 4756 439 4820 rare,
460 4737 497 4805 et
519 4753 584 4827 per
608 4729 905 4828 archiepiscopos
929 4739 966 4803 et
989 4731 1196 4827 episcopos,
1218 4753 1336 4826 reges,
1363 4730 1522 4828 reginas,
1547 4728 1658 4810 duces,
1738 4737 1739 4816 j

345 4857 593 4942 marchiones,
623 4853 792 4946 comites,
822 4855 995 4944 baroneS,
1029 4854 1168 4928 nobiles
1201 4861 1237 4928 et
1266 4855 1356 4929 alios
1384 4855 1516 4928 Christi
1544 4848 1659 4926 fideles
1738 4841 1739 4890 3

344 4980 565 5080 hujusmodi,
590 4987 664 5052 tam
694 4980 961 5054 ecclesiasticos
992 5002 1100 5075 quam
1128 4980 1329 5070 seculares,
1357 5003 1511 5076 quorum
1540 4992 1659 5069 magua

345 5107 481 5178 familia
497 5106 591 5179 loret
612 5105 753 5180 ratione
777 5104 986 5202 hujusmodi
1009 5105 1349 5200 consequendarum
1368 5102 1658 5201 indulgentiarum

344 5231 528 5304 iaciendas
539 5229 840 5321 contributiones,
854 5229 1095 5304 consideratis
1107 5253 1235 5304 corum
1253 5230 1497 5319 facultatibus,
1515 5224 1658 5300 discrete
