3554 6042
332 641 386 699 420
784 628 961 687 JOHANNIS
985 628 1208 693 sustentant,
1489 623 1649 690 {sarulsus}

334 792 418 878 rita;
444 795 480 863 et
503 789 619 862 iactus
645 790 700 858 est
726 783 899 856 assistens
928 785 970 855 ll.
998 780 1200 870 vascasius,
1226 779 1419 878 episcopus
1449 781 1646 876 Burgcnsis,

336 915 474 990 ordinis
492 911 776 1010 predicatorum.

386 1037 577 1112 [lominica
596 1035 813 1134 palmarum,
834 1039 855 1110 5
879 1031 1016 1130 aprilis,
1037 1033 1100 1105 SS.
1126 1023 1167 1104 b.
1190 1035 1315 1104 noster
1333 1029 1520 1104 benedixit
1539 1035 1574 1104 et
1592 1029 1652 1103 dis-

336 1163 462 1241 tribuit
480 1162 618 1260 palmas
640 1165 677 1235 et
698 1181 818 1234 ramos
838 1157 1025 1246 olivarum,
1043 1178 1146 1230 more
1164 1154 1288 1244 solil03
1308 1156 1398 1229 duas
1413 1155 1554 1252 palmas
1569 1158 1652 1252 Pape

336 1293 533 1364 tenuerunt
553 1285 734 1383 prefectus
760 1284 866 1358 Urbis
891 1307 913 1357 a
934 1282 1070 1356 dextris
1094 1285 1131 1354 et
1158 1287 1305 1355 sanator
1327 1305 1349 1354 a
1370 1279 1545 1370 sinistris;
1570 1283 1657 1376 Papa

337 1413 476 1513 palmas
497 1411 597 1484 dedit
617 1409 785 1484 omuibus
806 1406 957 1506 prelatis
984 1430 1100 1504 usque
1118 1405 1164 1480 ad
1183 1405 1369 1479 auditores
1384 1405 1571 1492 inclusive,
1588 1403 1656 1478 aliis

339 1560 460 1612 ramos
481 1536 665 1611 olivarum.
689 1536 830 1632 Aquam
849 1531 1017 1608 manibus
1042 1535 1139 1629 Pape
1165 1529 1265 1606 dedit
1282 1535 1408 1605 orator
1426 1535 1655 1620 Venetorum,

340 1663 413 1737 alia
427 1685 529 1736 more
548 1660 668 1734 solito.

388 1791 501 1875 Lune,
523 1785 697 1882 baprilis,
719 1783 808 1858 redii
821 1808 864 1858 ex
880 1783 1043 1860 Viterbio
1061 1787 1097 1857 et
1117 1782 1303 1872 mercurii,
1325 1787 1347 1857 8
1365 1780 1505 1880 aprilis',
1525 1781 1658 1880 incapte

339 1913 488 1987 luerunt
508 1909 684 2004 matutine
706 1910 954 2000 tenebrarum,
978 1907 1110 2007 quibus
1136 1913 1232 2007 Papa
1252 1907 1428 1998 interluit,
1448 1914 1484 1981 et
1506 1907 1587 1980 inde
1606 1931 1658 1980 re-

339 2037 449 2112 cessit
467 2037 638 2134 pedester
665 2035 703 2110 in
727 2059 855 2134 cappa,
878 2033 1125 2111 cardinalibus
1152 2034 1273 2133 ipsum
1298 2033 1547 2131 sequentibus,
1567 2054 1658 2106 more

340 2161 461 2254 solito,
479 2161 516 2234 in
532 2161 672 2260 capella
687 2161 840 2258 majore.

386 2287 482 2362 lovis
501 2287 635 2377 sancti,
660 2292 681 2360 9
705 2287 842 2385 aprilis,
867 2287 1060 2362 cardinalis
1083 2285 1331 2361 Salernitanus
1355 2283 1549 2360 celebrarit
1578 2281 1656 2356 mis·

341 2437 419 2488 sam
442 2413 479 2487 in
497 2412 636 2510 capella
657 2413 811 2511 majore,
834 2415 934 2510 Papa
943 2418 1126 2511 presente.
1150 2415 1228 2500 Qua
1243 2411 1358 2500 linita,
1371 2409 1526 2509 portarit
1541 2432 1660 2506 corpus

342 2537 476 2613 Christi
496 2561 562 2636 pro
584 2538 747 2613 crastino
770 2538 985 2612 serrandum
1009 2539 1055 2612 ad
1074 2537 1251 2636 capellam
1275 2537 1454 2612 minorem
1470 2533 1661 2632 processio

340 2664 484 2755 naliter,
506 2687 607 2739 mora
628 2663 748 2738 solito.
768 2663 854 2737 lnde
872 2664 909 2736 in
927 2663 1057 2738 iisdem
1073 2662 1297 2761 paramentis
1314 2661 1510 2736 albianenit
1525 2683 1662 2759 proces·
1753 2699 1754 2756 p

341 2788 528 2863 sionaliter
563 2788 608 2862 ad
638 2787 760 2862 locum
783 2787 1050 2863 benedictionis
1075 2787 1234 2885 publice,
1261 2787 1323 2862 ubi
1348 2786 1487 2884 recepit
1519 2782 1661 2884 pluviale

341 2914 498 2987 rubeum
521 2911 720 3010 pretiosum
744 2917 780 2985 et
800 2911 1004 2986 cardinales
1027 2911 1073 2986 ad
1091 2911 1348 2987 reverentiam.
1367 2915 1478 2985 Lecta
1492 2908 1558 2984 luit
1572 2906 1662 2981 bulla

342 3037 584 3112 anathematis
598 3059 663 3134 per
678 3040 720 3110 D.
738 3037 923 3110 Aurelium
936 3037 1124 3112 ltlalutium
1143 3037 1421 3126 subdiaconum,
1440 3041 1477 3110 et
1495 3035 1663 3130 interpre-

340 3165 417 3235 tata
438 3184 504 3257 per
525 3165 568 3235 D.
593 3161 814 3236 cardinalem
840 3161 1063 3236 Cornelium.
1085 3167 1125 3236 ln
1152 3161 1225 3236 fine
1252 3165 1350 3259 Papa
1371 3158 1471 3234 dedit
1494 3155 1661 3255 plenarias

341 3286 583 3385 indulgentias
602 3311 691 3384 quas
710 3287 916 3362 cardinales
937 3287 1128 3363 Cornelius
1148 3293 1185 3362 et
1204 3288 1381 3362 Columna
1398 3285 1661 3384 publicaverunt

341 3412 556 3508 vulgariter;
573 3411 658 3486 inde
676 3416 771 3511 Papa
789 3413 887 3488 venit
909 3413 956 3488 ad
970 3415 1117 3489 tertiam
1138 3413 1271 3503 aulam,
1292 3413 1353 3488 ubi
1370 3412 1457 3486 lavit
1473 3411 1584 3509 pedes
1600 3413 1663 3482 tro·

343 3537 463 3612 decim
480 3537 716 3636 pauperibus;
738 3539 933 3614 cardinalis
947 3539 1140 3615 Cesarinus
1158 3539 1247 3638 legit
1262 3537 1504 3636 evangelium,
1525 3539 1662 3611 senator

343 3663 443 3738 dedit
457 3687 587 3761 aquam
602 3667 717 3762 Pape;
733 3664 982 3739 thesaurarius
994 3671 1030 3740 et
1047 3665 1106 3739 alii
1117 3664 1244 3763 prelati
1261 3665 1410 3739 luerunt
1422 3663 1459 3736 in
1475 3659 1659 3748 mantellis,

344 3812 402 3862 me
428 3788 586 3878 dicente,
614 3792 651 3862 et
674 3789 782 3880 mala,
810 3789 895 3886 quia
917 3789 1080 3863 debitum
1106 3789 1235 3864 luisset
1258 3790 1294 3863 in
1312 3787 1448 3887 cappis.
1472 3785 1554 3861 Alia
1576 3803 1661 3858 more

346 3912 466 3986 solito.
485 3915 525 3984 ln
542 3935 636 3998 sero,
654 3913 752 3986 circa
766 3913 979 4010 vigesimam
1000 3915 1155 4013 primam
1176 3915 1318 4004 horam,
1337 3913 1481 3988 luerunt
1497 3907 1661 3985 matutine

346 4035 596 4128 tenebrarum,
616 4040 715 4134 Papa
730 4038 897 4130 absente;
916 4040 1117 4114 orationem
1131 4039 1219 4114 lecit
1230 4039 1368 4138 primus
1387 4037 1594 4112 cardinalis.

394 4161 548 4236 Veneris
581 4161 714 4254 sancti,
751 4168 795 4237 10
831 4165 975 4262 aprilis,
1010 4165 1096 4240 lecit
1126 4163 1289 4239 osticium
1319 4164 1357 4236 iu
1394 4162 1552 4260 capella,
1583 4164 1663 4254 Papa

345 4294 527 4384 presente,
543 4285 736 4362 cardinalis
759 4290 974 4375 Gurcensis;
995 4291 1196 4365 orationem
1212 4289 1300 4364 lecit
1316 4288 1496 4388 generalis
1512 4282 1663 4362 carmeli·

347 4419 479 4487 tarum.
498 4417 595 4511 Papa
618 4414 715 4488 venit
730 4415 1049 4511 processionaliter
1066 4441 1131 4514 pro
1161 4422 1402 4506 sacramento,
1431 4414 1551 4512 ipsum
1583 4409 1663 4486 cale·

345 4537 473 4612 brente
510 4537 730 4612 associanta.
761 4539 973 4615 Passionem
1006 4540 1195 4632 dixerunt,
1227 4541 1402 4616 diaconus
1435 4537 1661 4638 evangelium,

346 4662 672 4760 diaconuscapellc
680 4662 858 4760 judicem,
877 4669 914 4738 et
930 4690 1023 4740 unus
1041 4673 1169 4742 cantor
1182 4666 1380 4756 Christum;
1399 4669 1437 4739 et
1453 4664 1490 4738 hi
1510 4668 1663 4739 cantara·
1751 4667 1752 4748 ξ

346 4794 431 4863 runt
449 4794 591 4888 septem
608 4813 750 4888 passus.
772 4789 914 4865 Oblatio
930 4792 976 4866 ad
991 4816 1139 4867 crucem
1155 4793 1224 4868 luit
1242 4794 1462 4868 ducatorum
1483 4787 1663 4886 nonaginta
1751 4801 1752 4806 ’

346 4938 474 4989 novem
500 4920 537 4990 et
568 4915 665 4991 circa
695 4915 819 5014 viginti
848 4916 884 4990 in
912 4919 1088 5010 monetis;
1111 4918 1222 4994 habui
1246 4918 1283 4992 in
1306 4925 1448 5016 partem
1471 4939 1589 4992 meam
1608 4909 1662 4982 du·

348 5048 447 5113 catos
470 5040 550 5114 auri
572 5039 609 5113 in
635 5064 726 5114 auro
753 5041 933 5133 sedecim,
960 5043 1126 5118 videlicet
1153 5043 1323 5117 undecim
1345 5041 1492 5140 largos,
1521 5039 1660 5138 quinque

349 5161 393 5235 de
410 5187 575 5252 camera3
593 5165 704 5264 julios
725 5165 848 5264 viginti
865 5172 954 5254 tres,
976 5169 1021 5242 de
1045 5167 1176 5266 quibus
1199 5171 1310 5265 Papa,
1330 5171 1369 5240 ut
1386 5165 1561 5256 intellexi,
1578 5155 1659 5236 dedit

350 5287 588 5386 quadraginta
603 5290 727 5388 largos
743 5296 779 5364 et
797 5293 1028 5391 septuaginta
1041 5293 1172 5391 julios;
1190 5293 1261 5368 alia
1280 5315 1381 5366 more
1395 5293 1515 5366 solito.
1537 5295 1658 5364 insero
