3502 6036
358 587 409 644 128
811 585 986 670 tonsurus
1015 584 1236 653 BURCHARDI,
1517 585 1599 648 [nnn
1613 590 1672 652 tabl]

358 741 564 815 cardinales
590 739 869 838 Neapolitanus,
902 764 931 812 s.
965 739 1093 812 Crucis
1120 744 1157 812 et
1183 738 1344 811 Medicas
1375 744 1555 812 venerunt
1579 741 1672 816 simul

358 865 501 940 obviam
526 865 644 944 eidem
670 863 849 938 cardinali
871 864 1028 939 venienti
1055 888 1167 960 usque
1191 863 1237 936 ad
1263 886 1379 960 prope
1401 863 1545 937 vineam
1568 867 1672 940 cardi-

357 991 451 1064 nalis
479 990 667 1080 Senensis,
704 989 765 1063 ubi
797 993 1020 1086 receperunt
1052 1011 1135 1062 eum
1168 1010 1272 1061 more
1310 987 1445 1078 solito;
1480 989 1673 1086 equitarunt

356 1116 488 1189 deinde
506 1116 768 1213 Neapolitanus
786 1119 823 1188 et
840 1137 869 1187 s.
891 1113 1018 1188 Crucis
1037 1113 1158 1204 simul,
1179 1113 1394 1187 etMedices
1412 1119 1496 1211 post
1518 1137 1592 1204 eos,
1611 1139 1673 1188 me-

357 1240 438 1313 dius
456 1239 553 1314 inter
569 1266 597 1315 s.
620 1240 784 1314 Severini
803 1263 825 1312 a
847 1237 985 1313 dextris
1007 1246 1043 1312 et
1065 1263 1094 1310 s.
1120 1239 1246 1312 Crucis
1269 1261 1291 1311 a
1316 1238 1485 1328 sinistris
1506 1239 1671 1336 usquead

355 1365 505 1439 domum
525 1391 554 1439 s.
576 1365 754 1451 Severini,
775 1364 836 1438 ubi
855 1364 1016 1462 peractis
1035 1364 1164 1462 gratiis
1181 1369 1419 1437 recesserunt
1437 1365 1483 1437 ab
1502 1388 1560 1438 eo.

405 1491 504 1581 Heri,
523 1496 648 1566 Rmus.
666 1497 709 1566 D.
727 1490 925 1565 cardinalis
939 1489 1171 1578 Arborcnsis,
1190 1488 1331 1587 legatus
1349 1490 1560 1580 Perusinus,
1578 1489 1670 1564 rediit

355 1616 401 1689 ad
426 1617 562 1690 Urbem
589 1620 634 1691 de
661 1617 844 1714 legatione
870 1639 936 1688 sua
962 1615 1007 1688 ad
1036 1615 1168 1689 horam
1198 1613 1431 1704 consistorii3
1462 1619 1668 1692 tamennon

353 1741 452 1814 venit
468 1741 515 1814 ad
531 1741 804 1815 consistorium.

405 1865 510 1940 Circa
532 1865 665 1942 horam
690 1867 889 1940 secundam
915 1867 1034 1941 noctis
1057 1867 1255 1964 sequentis,
1280 1866 1339 1941 die
1362 1866 1508 1941 veneris
1527 1869 1574 1938 23
1596 1863 1666 1938 dicti

355 1991 491 2064 mensis
508 1991 650 2087 aprilis,
671 1991 760 2065 obiit
779 1996 904 2065 Rmus.
927 1995 970 2066 D.
992 1992 1197 2065 cardinalis·
1213 2016 1242 2066 s.
1260 1991 1460 2066 Clementis
1478 1991 1540 2088 qui
1559 1989 1667 2063 eadem

353 2116 425 2208 die,
447 2121 530 2190 ante
550 2117 759 2214 prandium,
784 2117 971 2215 publicum
994 2119 1135 2192 lecerat
1159 2123 1419 2192 testamentum
1443 2140 1563 2192 suurn.
1581 2115 1667 2188 Circa

351 2241 483 2316 horam
502 2247 670 2341 quartam
690 2243 854 2341 ejusdem
876 2243 993 2317 noctis
1010 2243 1109 2316 venit
1135 2245 1180 2317 ad
1204 2245 1354 2318 domum
1377 2242 1540 2318 defuncti
1558 2245 1663 2315 Rmus.

353 2370 394 2440 ll.
416 2367 615 2441 cardinalis
633 2372 838 2466 Capuanus,
860 2393 954 2441 unus
976 2372 1213 2442 executorum
1231 2369 1456 2458 testamenii,
1478 2373 1514 2441 el
1536 2367 1578 2439 de
1596 2388 1664 2462 pre

351 2491 455 2566 tiosis
473 2493 680 2589 exportavit
698 2493 797 2590 quod
814 2493 928 2567 voluit
945 2499 982 2568 et
999 2493 1187 2590 pecunias.

397 2621 436 2690 ln
454 2640 561 2690 mane
580 2617 758 2714 sequenti,
771 2618 942 2692 videlicet
963 2623 1008 2691 24
1027 2619 1167 2716 aprilis,
1190 2619 1248 2693 die
1266 2619 1420 2697 sabbati,
1435 2623 1582 2693 vocatus
1598 2611 1662 2686 veni

351 2741 396 2814 ad
414 2742 564 2816 domum
582 2743 809 2840 predictam;
829 2743 965 2840 reperii
983 2744 1118 2817 tratres
1137 2743 1182 2816 de
1203 2743 1341 2841 Populo
1361 2743 1523 2816 induisse
1540 2740 1663 2814 detunc-

351 2871 429 2938 tum
457 2871 556 2940 veste
579 2868 718 2964 optima
740 2867 903 2941 violacea
925 2868 1116 2942 martoriis
1145 2867 1319 2958 sullulta,¹
1333 2867 1470 2941 valoris
1498 2863 1662 2960 sexaginta

352 2989 570 3064 ducatorum
587 2991 644 3065 vel
663 2992 763 3066 circa
780 2996 817 3065 et
834 2993 1062 3089 paramentis
1078 2993 1123 3066 de
1141 2994 1295 3066 brocato
1313 2993 1492 3080 violaceo,
1511 2983 1662 3064 tunicella
1735 3001 1736 3013 ¹

352 3119 389 3188 ct
407 3115 604 3190 dalmatica
624 3117 794 3190 violaceis
818 3117 863 3191 de
887 3118 1055 3191 setonino
1079 3141 1163 3191 cum
1187 3117 1280 3191 listis
1302 3118 1424 3192 aureis
1446 3115 1612 3200 induisse,
1634 3111 1661 3180 et

353 3263 501 3314 crucem
524 3240 725 3338 pretiosam
746 3241 884 3314 valoris
914 3240 1159 3316 ducentorum
1188 3243 1408 3316 ducatorum
1440 3241 1499 3315 vel
1525 3237 1614 3312 circa
1635 3229 1659 3302 ei
1732 3305 1733 3327 ,

353 3389 464 3462 supra
481 3370 608 3462 pectus
626 3365 791 3464 posuisse
806 3391 813 3456 ;
839 3391 909 3463 que
928 3368 1052 3440 omnia
1070 3391 1152 3441 cum
1170 3391 1214 3441 eo
1231 3367 1472 3441 veneruntad
1491 3357 1659 3439 ecclesian]
1731 3389 1732 3433 t

354 3488 431 3562 sine
455 3490 645 3564 tratribus.
672 3495 718 3565 Ut
741 3490 812 3564 illis
840 3491 1100 3590 ingratissimis
1123 3497 1159 3566 et
1182 3491 1452 3566 insatiabilibus
1481 3483 1660 3582 complace
1729 3569 1730 3572 Ἴ

353 3635 445 3702 rem,
471 3614 639 3689 consensi
662 3615 760 3711 quod
783 3614 976 3689 defunctus
999 3616 1049 3690 sic
1076 3616 1224 3689 indutus
1245 3618 1505 3714 permaneret;
1538 3613 1572 3683 et
1594 3600 1657 3677 fieri

354 3737 505 3812 lecimus
531 3746 751 3836 paramenta
781 3742 826 3814 de
859 3741 986 3814 talieta
1010 3741 1174 3815 violaceo
1202 3765 1272 3839 que
1300 3765 1368 3838 pro
1395 3735 1571 3814 defunctis
1594 3723 1658 3801 fieri
1727 3761 1728 3766 ,

353 3861 484 3952 solent,
504 3887 574 3960 que
592 3865 743 3938 luerunt
760 3864 935 3938 tratribus
952 3866 1129 3963 predictis
1156 3867 1393 3964 consignata3
1419 3869 1456 3938 et
1474 3885 1553 3940 cum
1572 3855 1658 3929 funus

353 3992 450 4060 esset
477 3987 514 4061 in
546 4011 675 4063 eorum
703 3991 876 4078 ecclesia,
905 3992 1132 4088 paramentis
1161 3992 1267 4065 bonis
1295 3992 1416 4088 ipsum
1449 3983 1610 4064 exuerent
1630 3975 1656 4046 ct

352 4111 513 4185 vestibus
530 4113 690 4210 optimis,
712 4137 785 4188 non
808 4115 1110 4189 obliviscerentur
1130 4121 1170 4189 ut
1188 4115 1401 4215 hujusmodi
1424 4113 1561 4189 noviter
1576 4095 1657 4176 lactis

353 4236 557 4312 induerent.
585 4242 665 4313 Non
687 4239 814 4314 dubito
837 4239 971 4314 tratres
994 4239 1113 4337 ipsum
1138 4241 1175 4314 in
1198 4241 1356 4316 ecclesia
1373 4263 1489 4337 usque
1511 4233 1553 4310 ad
1569 4221 1656 4302 cami·

353 4361 445 4435 siam
469 4362 692 4460 spoliavisse,
715 4365 779 4438 sed
803 4389 849 4438 an
868 4387 951 4440 cum
970 4365 1051 4438 aliis
1074 4367 1301 4463 paramentis
1323 4365 1521 4450 induerint,
1540 4347 1651 4430 nescio.

352 4487 438 4560 Feci
456 4489 544 4563 dare
562 4487 681 4562 bireta
698 4490 801 4589 nigra
823 4489 975 4588 singulis
999 4490 1239 4566 familiaribus
1257 4490 1415 4565 defuncti
1431 4513 1439 4580 ;
1464 4483 1543 4562 dedi
1565 4471 1654 4551 cedu-

353 4611 426 4685 lnm
441 4637 510 4710 pro
525 4637 609 4688 cera
625 4613 832 4689 ordinaria:

399 4739 598 4830 Intortitia,
619 4743 777 4836 quatuor
794 4740 974 4815 librarum
991 4741 1190 4840 quodlibet,
1211 4765 1366 4816 numero
1373 4787 1564 4815 .......
1637 4735 1652 4786 ⁶

401 4864 548 4954 Facule,
571 4865 678 4937 unius
696 4864 786 4938 libre
803 4866 964 4962 quelibet
970 4912 1561 4942 ....................
1607 4861 1650 4918 xn‘

401 4989 559 5063 Candele
579 5013 651 5064 xxx
667 5013 735 5087 pro
754 4989 858 5063 libris
864 5036 1558 5066 .......................
1635 4985 1650 5033 ⁶

401 5114 485 5186 Feci
507 5116 669 5189 ordinari
688 5115 807 5189 aulam
828 5140 999 5214 magnam
1021 5143 1132 5215 super
1150 5118 1345 5206 stabulum,
1368 5141 1437 5214 que
1462 5093 1649 5190 orut11¹t¹l⁰r

352 5236 437 5309 aula
453 5238 576 5334 palatii
596 5240 788 5338 apostolici
807 5247 843 5314 et
864 5265 1089 5341 quacumque
1107 5243 1179 5316 alia
1199 5243 1235 5315 in
1255 5244 1364 5317 Urbe.
1385 5246 1457 5318 Pro
1474 5241 1597 5315 lunen,
1619 5213 1647 5286 ll
