3502 6036
108 568 242 636 [uuiaet]
364 625 365 628 ,
426 569 552 630 RERUM
577 570 803 638 URBANARUM
827 573 1085 634 COMMENTARII.

121 779 123 787 -
151 732 191 802 lit
206 725 302 820 quud
318 723 498 821 pulpitum
514 747 581 820 pro
595 731 742 804 oraturo
763 735 920 826 ponatur
938 731 984 804 ad
1000 729 1121 804 locum
1140 753 1258 804 suum.

111 927 115 936 ,
151 861 222 936 llna
236 852 333 926 libra
347 849 466 924 thuris
481 873 547 948 pro
564 851 763 928 thuribulo.

149 985 189 1054 ut
204 976 371 1056 ordinavi
382 976 486 1072 quod
501 975 642 1060 familia
657 978 817 1053 defuncti
834 979 871 1054 in
888 982 1048 1057 vestibus
1063 980 1276 1056 funebribus
1293 981 1363 1056 iret
1379 983 1424 1053 ad

108 1103 304 1190 ecclesiam,
329 1099 405 1175 bini
423 1107 458 1174 et
475 1099 564 1192 bini,
585 1102 717 1198 singuli
742 1103 809 1176 sibi
832 1107 967 1180 caudas
986 1105 1215 1193 deferentes,
1240 1105 1425 1202 digniores

107 1231 227 1328 primo,
250 1226 386 1300 deinde
409 1225 470 1298 alii
495 1247 586 1322 quos
608 1249 780 1302 cursores
805 1231 1049 1325 precederent
1068 1235 1103 1303 et
1127 1229 1366 1320 associarent,
1391 1237 1427 1302 et

107 1353 193 1452 quod
211 1356 338 1429 esseut
357 1353 392 1424 in
414 1349 584 1439 ecclesia,
612 1351 707 1424 hora
727 1353 904 1450 vigesima
924 1355 1056 1452 prima.
1080 1353 1248 1427 Ordinavi
1272 1353 1426 1428 chorum

108 1478 436 1580 procardiualibus
459 1477 495 1550 in
519 1501 634 1557 cornu
660 1479 836 1576 evangelii
860 1479 998 1570 altaris,
1027 1483 1135 1576 prout
1155 1478 1305 1552 inferius
1332 1478 1427 1550 desi-

109 1607 226 1703 gnabo

152 1729 323 1803 Omnibus
336 1727 526 1818 ordinatis,
539 1727 686 1825 incepta
697 1727 766 1802 fuit
781 1731 894 1802 missa
906 1729 1007 1804 circa
1017 1730 1147 1803 boram
1158 1728 1426 1819 duodecimam,

109 1879 206 1954 quam
238 1852 442 1928 celebravit
473 1857 599 1926 Rmus.
632 1856 674 1928 u.
709 1855 907 1928 cardinalis
943 1857 1147 1952 Capuanus.
1184 1852 1430 1927 interfuerunt

109 1977 379 2077 quatuordecim
396 1977 458 2051 alii
478 1977 682 2052 cardinales
699 1979 760 2075 qui
779 1979 955 2054 sederunt
972 2003 1113 2070 omnes,
1128 1983 1243 2077 prout
1261 1977 1430 2052 nomina-

110 2106 240 2195 buntur,
271 2105 310 2178 in
337 2126 410 2178 uno
438 2103 556 2176 banco
579 2103 810 2202 triangulari,
835 2111 976 2202 etpost
1003 2081 1185 2194 abimum,
1210 2104 1427 2202 dispositus3

110 2227 398 2326 UlissiponensiS,
417 2229 708 2319 Beneventanus,
725 2251 753 2299 s.
774 2229 956 2318 Praxedis,
971 2228 1134 2317 Ursinus,
1150 2227 1428 2319 Alexandrinus,

112 2379 137 2426 s.
160 2353 295 2442 CruciS,
320 2351 591 2450 Agrigentinus,
617 2351 848 2442 limantium,
874 2354 1175 2449 Caputaqueusis,
1201 2351 1427 2438 Mutinensia,

111 2475 285 2565 Senensis,
303 2473 478 2563 Medicas,
500 2500 529 2548 s
554 2475 716 2550 Severini
736 2482 773 2550 et
786 2477 992 2550 Parnasius.
1012 2475 1115 2548 Multi
1133 2499 1177 2549 ex
1194 2475 1343 2571 prelatis
1358 2497 1431 2548 non

111 2599 306 2674 babuerunt
329 2597 513 2680 candelas
526 2607 678 2696 propter
699 2600 907 2690 tumultum,
929 2599 975 2674 ob
999 2623 1108 2695 quem
1130 2621 1203 2672 non
1226 2597 1293 2672 fuit
1315 2597 1432 2670 aditus

113 2725 150 2796 ad
165 2722 577 2821 capellamsecuudam,
602 2723 649 2798 ad
669 2723 855 2804 sinistram
877 2724 1045 2798 intrantis
1067 2721 1278 2812 ecclesiam,
1302 2722 1338 2794 in
1362 2744 1434 2817 qua

114 2871 185 2930 cera
198 2847 505 2933 conservabatur;
525 2871 643 2944 neque
662 2848 818 2924 ministri
833 2849 959 2922 altaris
977 2871 1095 2945 neque
1113 2871 1180 2924 nos
1201 2846 1432 2920 ceremonia-

114 2996 185 3046 rum
203 2972 415 3063 hsbuimus,
439 2995 507 3048 nec
529 2973 635 3046 multi
655 2973 717 3046 alii
741 2975 982 3064 funestorum,
1007 2972 1153 3051 honesti
1177 2972 1261 3062 viri3
1286 2972 1432 3046 fueraut

114 3099 145 3172 iu
160 3098 312 3175 ecclesia
327 3101 476 3173 centum
494 3105 531 3172 et
552 3099 812 3196 quinquaginta
829 3123 922 3176 unus
940 3098 1029 3174 etin
1046 3098 1156 3174 domo
1177 3103 1434 3172 remanserunt

116 3225 245 3302 circiter
274 3223 404 3300 decem
432 3228 470 3297 et
497 3247 627 3298 norem
655 3225 933 3299 necessitatibus
963 3224 1217 3322 providentes;
1249 3225 1311 3320 qui
1343 3246 1427 3295 vero

116 3347 344 3424 interfuerunt
362 3349 542 3424 sederunt·
552 3349 648 3422 inter
665 3351 879 3438 secundum,
900 3350 1051 3424 tertium
1067 3355 1104 3424 et
1121 3354 1288 3444 quartum
1307 3371 1432 3423 arcum

116 3474 278 3565 ceclesie;
303 3474 414 3572 primi
435 3475 508 3547 duo
527 3497 632 3548 arcus
650 3474 805 3549 ecclesie
823 3474 971 3548 fuerunt
987 3475 1091 3548 liberi
1109 3480 1144 3546 et
1159 3497 1233 3546 non
1251 3472 1430 3568 impediti,

117 3607 145 3672 et
167 3622 309 3674 scamna
338 3621 408 3696 que
436 3601 746 3689 transversabant,
778 3601 823 3676 de
853 3600 972 3698 prima
998 3599 1170 3672 columna
1194 3597 1240 3670 ad
1266 3597 1432 3669 dextram

117 3725 270 3798 intrantis
293 3729 331 3798 et
356 3725 452 3798 intro
479 3723 552 3798 hoc
576 3729 835 3817 transversum,
862 3724 1010 3798 fuerunt
1039 3722 1156 3820 posite
1181 3719 1340 3816 quinque
1364 3717 1433 3792 alie

116 3849 197 3924 liuee
215 3872 449 3923 scamnorum
466 3849 763 3923 transversalium
779 3872 845 3947 pro
863 3847 1027 3923 funestis.
1050 3851 1175 3922 Frater
1191 3849 1331 3933 Petrus,
1350 3866 1433 3920 cum

118 3975 207 4048 finita
227 3975 337 4048 missa
359 3974 563 4050 orationem
587 3998 689 4048 suam
716 3974 942 4071 perfecisset,
969 3971 1146 4047 abstraxit
1168 3970 1344 4043 violenter
1365 3993 1432 4065 pu-

120 4099 199 4173 blice
215 4100 324 4174 telam
346 4100 488 4196 nigram
511 4123 595 4174 cum
619 4099 731 4174 armis
756 4099 917 4173 defuncti
942 4098 1120 4196 pulpitum
1145 4094 1431 4169 circumdantem

119 4233 146 4296 et
162 4247 237 4298 eam
258 4248 382 4298 secum
400 4223 670 4323 deportarittt).
690 4224 771 4298 ulia
792 4247 894 4298 more
919 4223 1040 4297 solito.
1059 4226 1128 4296 Pro
1151 4219 1279 4318 majori
1297 4217 1431 4293 intelli·

119 4350 225 4445 gentia
244 4350 425 4449 designavi
453 4349 489 4422 in
512 4350 626 4424 latere
650 4350 813 4447 sequenti
840 4355 980 4447 partem
1003 4347 1159 4422 ecclesie
1188 4345 1327 4420 adhoc
1349 4343 1431 4417 otti-

117 4475 198 4548 cium
216 4484 427 4573 occupatam
438 4475 497 4575 (2).

158 4600 251 4674 Faria
272 4608 387 4690 sexta,
417 4607 436 4673 7
460 4600 611 4698 predicti
636 4601 775 4673 mensis
798 4599 896 4691 maii,
923 4599 1123 4673 incivitate
1150 4594 1320 4671 Patavina
1342 4595 1432 4666 obiit

118 4725 227 4799 Rmus.
242 4717 289 4800 l).
315 4725 515 4800 Cardinalis
533 4751 563 4800 s.
585 4727 698 4799 Maria
718 4726 757 4798 in
778 4725 936 4815 Porticu,
959 4725 1064 4821 cujus
1082 4723 1206 4796 anima
1226 4719 1431 4816 requiescat

118 4847 148 4920 in
163 4873 255 4946 pace,
274 4874 393 4926 amen.
421 4855 473 4924 De
499 4873 570 4948 quo
591 4858 768 4924 venerunt
789 4857 889 4924 certa
912 4873 1005 4922 nora
1023 4849 1068 4921 ad
1092 4847 1247 4934 Urbem3
1274 4849 1360 4919 tunc
1387 4849 1431 4916 tt)

120 4973 262 5067 ejusdem
284 4975 467 5074 provisum
489 4975 557 5050 fuit
574 5000 640 5074 per
664 4977 727 5050 SS.
750 4979 792 5049 D.
817 4979 986 5048 nostrum
1006 4975 1051 5047 de
1073 4969 1430 5066 archipresbyteratu

149 5159 170 5213 1.
188 5157 253 5233 Voy.
269 5168 291 5219 t.
308 5163 343 5230 ll,
359 5179 391 5236 p.
408 5163 470 5231 3511,
487 5167 551 5218 note
568 5165 593 5220 t.

146 5249 169 5302 2.
188 5247 226 5304 On
240 5252 291 5308 voit
302 5263 355 5325 que
371 5251 511 5308 Burcbard
527 5250 599 5308 avait
614 5249 726 5306 dessine
740 5247 764 5306 le
779 5249 843 5324 plan
862 5249 894 5306 de
908 5245 1057 5304 l'inttrieur
1067 5245 1101 5303 de
1115 5244 1232 5318 lltglise.
1275 5299 1278 5306 ,
1300 5295 1306 5308 ,
1330 5277 1343 5286 ..
1369 5279 1372 5282 -
