3506 6034
785 631 962 692 lOHANNlS
987 629 1209 700 nouolutum,
1472 627 1577 692 [lutllet
1592 629 1658 694 tue}

578 783 691 856 Tritos
709 807 766 857 uos
779 785 918 884 foriens
933 805 1010 855 mea
1023 781 1161 878 rapina,

574 909 738 986 Nauium
754 921 795 984 ut
805 907 998 1010 fraudibus
1015 907 1164 982 involem
1182 905 1354 982 Clsoronti

573 1037 718 1134 Simque
733 1035 813 1110 ouri
827 1057 937 1110 nouus
953 1032 1080 1136 inseris
1093 1031 1245 1108 abactor.

311 1164 316 1171 ’
380 1162 517 1236 Aliud:

476 1323 683 1399 Morborum
702 1323 816 1400 rabies
830 1323 1072 1400 Mutinensem
1090 1325 1280 1410 inuaserat,
1299 1322 1421 1420 etjam

550 1451 719 1548 Rapturo
734 1451 923 1526 attonitum
938 1473 1031 1526 mors
1047 1460 1125 1524 erat
1137 1460 1214 1524 utro
1229 1459 1348 1545 caput.

477 1574 557 1652 Heo
575 1587 691 1652 tomen
704 1573 805 1652 laud
815 1575 922 1650 sentit
937 1602 950 1650 :
962 1575 1065 1676 fulvo
1078 1585 1220 1650 tonum
1232 1572 1376 1648 incubat
1391 1595 1482 1648 euro

554 1699 661 1790 Quod
672 1699 768 1776 labor
782 1701 970 1798 oppressit,
983 1699 1165 1800 stepitiuns
1177 1700 1330 1798 peperit.

481 1829 598 1918 Quom
613 1829 699 1902 bene
715 1831 863 1900 ounatot
880 1827 958 1900 Deo
968 1825 1107 1931 plaouit
1122 1825 1180 1901 oui
1188 1825 1264 1923 plne
1279 1825 1355 1898 sine
1370 1823 1442 1896 ullo

583 1953 663 2029 Vita
678 1953 737 2044 sit,
754 1963 796 2026 ut
804 1963 940 2052 pereat,
958 1973 1030 2026 non
1047 1972 1179 2024 mensor
1191 1951 1266 2048 ipso
1280 1949 1349 2023 sui.

377 2081 484 2155 Aliud
501 2105 509 2154 :

477 2241 561 2316 June
577 2243 712 2317 lonioto
725 2241 808 2339 lupo
823 2265 903 2314 seua
921 2240 1073 2312 lacerata
1092 2237 1256 2336 feroque.

582 2369 689 2462 Quod
705 2367 766 2444 titi
785 2367 834 2448 ad
845 2367 997 2442 urticam
1014 2363 1154 2440 eredere
1170 2362 1287 2441 Roma
1295 2368 1423 2462 potest

376 2494 485 2570 Aliud
504 2520 512 2569 ε

477 2657 594 2732 Passa
608 2655 684 2754 lupi
697 2656 829 2747 dentes,
847 2655 1034 2756 diurnaque
1045 2655 1083 2730 in
1102 2656 1233 2730 viscere
1247 2655 1405 2755 forrum,

483 2807 487 2817 ·
581 2781 874 2860 Urtioestimulos
887 2805 933 2856 ne
947 2781 1011 2858 tili
1023 2781 1142 2858 Romo
1160 2782 1256 2858 time.

379 2907 486 2983 Aliud
509 2931 517 2980 :

477 3067 618 3165 Hospes
631 3091 811 3142 sacrorum
821 3070 923 3165 joret
942 3069 999 3142 laia
1015 3081 1187 3144 mereator

573 3193 687 3270 Hunc
701 3216 803 3268 soora
820 3207 923 3268 tuens
937 3195 1015 3270 sine
1028 3218 1142 3269 meroe
1155 3193 1327 3295 sperati).

381 3374 547 3452 Relatum
566 3383 622 3452 est
643 3378 732 3452 mihi
748 3380 908 3477 quodam
928 3402 1037 3456 mone
1055 3385 1238 3478 repertum
1254 3379 1365 3458 luisse
1382 3378 1420 3452 in
1440 3376 1560 3476 primo
1574 3373 1657 3448 ostio

332 3523 562 3578 osmer-erum
590 3505 746 3602 predicti
775 3505 958 3604 quondam
991 3505 1184 3583 cardinalis
1213 3502 1431 3582 Mutinensis
1462 3503 1502 3576 in
1533 3497 1656 3600 palatio

332 3628 533 3726 apostolico
558 3629 704 3705 eltixom
733 3630 899 3704 oedulom
922 3629 1033 3704 verbe
1064 3629 1254 3726 sequentis
1280 3627 1532 3704 continentem
1558 3648 1566 3698 :
1591 3621 1655 3696 Bos

334 3753 436 3846 lona,
455 3767 699 3853 terreremus,
716 3754 812 3854 Stpo
827 3757 997 3864 animaru

384 3881 557 3954 Preteres
582 3880 666 3972 hee,
699 3887 932 3958 asseruerunt
948 3880 1144 3978 quemdam
1175 3877 1316 3956 Gallum
1335 3878 1371 3952 in
1395 3877 1522 3956 tinello
1549 3879 1589 3949 R.
1616 3875 1652 3946 lt.

335 4003 599 4102 archiepiscopi
615 4006 789 4104 Rogusini
809 4005 967 4080 sahulem
986 4006 1176 4094 recitasse3
1198 4004 1441 4079 Mutinensem
1458 4002 1598 4078 venisse
1615 3997 1652 4071 od

334 4135 457 4227 portes
475 4129 557 4220 oeli,
579 4132 742 4228 pulsasse
762 4136 803 4206 ut
821 4132 977 4206 intraret
994 4153 1148 4228 regnum
1172 4130 1250 4204 Dei.
1273 4129 1338 4203 Cui
1360 4131 1490 4204 Petrus
1513 4152 1521 4201 :
1546 4157 1563 4193 a
1583 4123 1651 4208 Hic,

333 4256 414 4352 quis
432 4255 574 4354 pulsnt?
595 4286 611 4324 s
625 4256 823 4355 Respondit
837 4257 921 4331 ille:
943 4289 959 4325 u
978 4257 1194 4332 Mutinensis
1208 4281 1305 4332 sum.
1320 4285 1337 4323 r
1354 4255 1450 4332 Dixit
1461 4257 1496 4331 ei
1513 4257 1650 4330 Petrus:

368 4515 394 4571 1.
409 4513 463 4570 Les
484 4529 552 4572 mss.
568 4521 596 4573 et
618 4513 722 4572 Eoosrd
745 4515 868 4574 donnent
889 4513 996 4574 ensuite
1010 4533 1048 4572 un
1067 4513 1188 4590 distique
1209 4513 1301 4572 nsunt
1319 4511 1473 4572 stannus
1489 4508 1541 4582 v1;
1555 4522 1585 4564 oe
1604 4501 1653 4560 dis·

332 4602 407 4679 tique
421 4603 552 4680 interpole
568 4622 584 4662 o
598 4608 640 4662 tte
655 4605 793 4680 supprimi
810 4623 818 4666 z

611 4751 706 4802 Sestos
717 4751 883 4818 Tarquinius,
896 4751 991 4802 Saulus
1002 4752 1069 4802 Nero
1084 4751 1178 4802 Sextus
1193 4753 1217 4801 et
1230 4749 1284 4812 ute,

610 4831 697 4884 Sentis
710 4837 812 4900 quanta
825 4831 874 4884 titi
886 4832 966 4884 ttomo
976 4831 1057 4886 ruina
1069 4833 1133 4898 fuit.

366 4965 404 5024 Ce
417 4965 560 5024 deuxieme
576 4983 639 5025 vers
653 4984 671 5025 o
683 4983 737 5024 une
751 4967 874 5026 rutente
890 4983 898 5025 s

672 5163 778 5230 Semper
792 5163 838 5215 stab
852 5163 939 5216 Sertis
952 5163 1056 5230 perdita
1071 5165 1150 5216 Roma
1164 5166 1228 5230 tuit.

366 5297 438 5372 Voy.
454 5295 492 5356 tes
506 5301 576 5356 Aeto
593 5301 733 5372 Papamm
746 5299 780 5358 de
795 5301 914 5376 Zeigler.
