3506 6034
100 478 346 546 [saranescum]
431 477 559 538 RERUM
582 473 808 538 ttltltattllfltlut
831 475 1097 538 COMMENTARH.
1376 481 1430 539 223

98 633 191 708 diam
200 633 433 708 commodum
445 637 482 708 et
492 633 683 710 utilitatem
695 633 945 732 reportaverit.
956 631 1074 708 tudio
1086 637 1283 732 Papam,ut
1291 634 1431 732 predic-

99 765 172 832 lom
197 756 422 834 cardinalem
444 757 615 834 Ursinum
634 759 776 834 facilius
791 759 1007 850 attraheret,
1026 757 1234 834 contessum
1252 783 1331 834 esse
1354 780 1427 834 non

98 905 201 982 posse
231 882 309 958 sine
333 881 456 959 favore
490 883 704 960 Ursinorum
723 889 836 962 Rome
854 885 911 960 vel
924 885 959 960 in
978 884 1082 960 terris
1100 884 1261 959 Ecclesia
1280 905 1428 982 perma-

96 1031 181 1084 nere
197 1011 277 1084 tute
294 1031 363 1083 nec
380 1009 512 1084 ducem
529 1009 828 1085 valentinensem
848 1009 1012 1086 dominia
1024 1033 1089 1084 sua
1101 1007 1261 1084 retinere
1280 1015 1341 1084 aul
1358 1009 1428 1083 illis

97 1131 185 1223 lrui3
211 1138 412 1232 propterea
432 1135 668 1234 proposuisse
687 1135 874 1234 resignare
895 1141 1068 1234 papatum
1086 1133 1124 1208 in
1138 1134 1299 1208 levorem
1317 1134 1429 1232 ipsius

97 1256 291 1330 cardinalis
315 1257 448 1348 Ursini,
478 1257 676 1332 dummodo
711 1263 927 1356 perpetuam
953 1257 1221 1356 protectionem
1246 1263 1282 1332 el
1305 1255 1431 1331 deien-

97 1381 238 1457 sionem
259 1383 362 1458 ducis
387 1383 540 1482 predicti
569 1384 787 1483 pollicentur
806 1383 855 1483 (1)
870 1391 906 1459 et
931 1383 1138 1484 promittat;
1157 1389 1192 1456 et
1218 1383 1286 1458 sub
1302 1381 1430 1481 hujus-

97 1505 193 1581 modi
212 1531 293 1606 spe,
324 1509 549 1584 cardinalem
566 1511 736 1585 Ursinum
755 1512 800 1584 ad
819 1507 942 1584 omnia
958 1507 1174 1585 conduxisse
1193 1515 1228 1582 et
1244 1531 1309 1607 per
1330 1505 1428 1583 illam

97 1637 243 1708 ceteros
265 1655 395 1708 omnes
416 1633 663 1733 supradictos;
682 1635 780 1734 quod
799 1633 908 1710 cessit
927 1633 1109 1708 incorum
1128 1631 1427 1708 destructionem.

97 1756 303 1832 Concordia
332 1757 543 1855 supradicta
570 1758 745 1834 concluse
769 1763 806 1834 et
831 1758 990 1848 firmata,
1023 1755 1216 1834 cardinalis
1244 1753 1354 1831 rediit
1384 1753 1430 1830 ad

99 1883 236 1958 Urbem
253 1881 299 1958 da
317 1905 442 1958 meuse
460 1885 667 1960 novembris
684 1883 894 1984 supradicto
911 1883 973 1985 (2).

145 2009 323 2100 Sabbato,
345 2014 389 2083 11
405 2009 625 2104 novembris,
650 2035 718 2110 ego
737 2009 827 2084 redii
852 2007 897 2086 ad
917 2007 1051 2085 Urbem
1070 2031 1154 2084 cum
1172 2031 1244 2084 uno
1270 2003 1370 2082 mulo
1397 2013 1433 2086 ot

99 2141 243 2233 septem
267 2133 370 2233 equis
388 2139 426 2210 et
447 2135 615 2212 omnibus
633 2135 875 2212 familiaribus
897 2135 989 2212 meis
1006 2135 1102 2210 intra
1124 2135 1337 2234 vigesimam
1359 2139 1433 2210 ter-

100 2260 185 2335 tiam
212 2268 253 2336 el
277 2259 490 2360 vigesimam
516 2266 683 2360 quartam
706 2263 850 2352 horam,
879 2258 966 2337 salvi
991 2265 1029 2335 et
1056 2252 1257 2337 incolumes
1281 2281 1346 2359 per
1369 2257 1435 2334 Dei

100 2385 273 2482 palium,
295 2387 356 2484 qui
374 2387 421 2464 sit
433 2389 649 2464 benedictus
666 2387 704 2464 in
721 2389 963 2488 perpetuumt

146 2511 260 2586 Faria
273 2509 320 2611 (3)
336 2513 470 2610 prima,
494 2519 537 2590 13
550 2515 685 2589 mensis
701 2515 905 2590 novembris
924 2510 1087 2611 predicti,
1112 2515 1297 2610 portatum
1320 2515 1374 2584 est
1389 2509 1435 2584 od

102 2633 299 2708 ecclesiam
315 2635 421 2710 beate
437 2637 551 2712 Maria
567 2638 612 2712 de
629 2637 766 2736 Populo
780 2637 889 2712 sunus
901 2635 974 2710 sive
989 2635 1245 2711 cadaverbone
1260 2631 1435 2708 memorie

102 2759 142 2833 u.
170 2759 441 2859 christophori,
468 2762 628 2861 episcopi
649 2763 894 2852 corlonensis,
921 2765 984 2836 SS.
1011 2763 1053 2835 u.
1075 2759 1188 2834 nostri
1205 2777 1298 2858 pape
1319 2779 1437 2832 secre-

102 2881 184 2958 tarii
204 2891 244 2960 el
261 2883 476 2978 assistentis,
500 2887 561 2986 qui
578 2887 658 2964 heri
678 2911 761 2962 sero
786 2889 883 2962 diem
901 2885 1029 2962 clausit
1046 2892 1249 2961 extremum
1266 2885 1303 2959 in
1325 2883 1434 2960 domo

102 3031 178 3102 aua,
216 3009 313 3085 inter
341 3009 544 3108 predictam
575 3013 768 3088 ecclesiam
799 3020 836 3088 et
870 3011 1050 3112 hospitale
1086 3009 1310 3101 Sclavorum,
1334 3009 1439 3108 Juxta

102 3133 241 3210 flumen
259 3135 342 3228 site,
362 3135 581 3214 associatum
600 3161 622 3213 a
640 3138 786 3214 iamiliis
806 3137 1043 3215 cardinalium
1064 3143 1101 3212 et
1126 3136 1248 3211 multis
1272 3133 1435 3233 prelatis.

104 3258 183 3336 Fuit
210 3261 375 3359 sepultus
404 3261 441 3337 in
466 3263 655 3363 sepultura
675 3287 785 3362 quam
813 3265 892 3362 ipse
909 3264 1030 3338 vivens
1054 3262 1121 3337 sibi
1141 3259 1220 3336 fieri
1239 3259 1337 3348 iecit,
1364 3281 1438 3333 non

103 3387 227 3460 tamon
245 3385 412 3483 perfecit,
432 3387 470 3462 in
485 3389 618 3488 angulo
636 3393 740 3465 extra
754 3389 888 3464 dictam
904 3387 1095 3464 ecclesiam
1107 3388 1211 3486 juxta
1227 3406 1376 3459 murum
1393 3381 1439 3456 ad

104 3507 293 3585 sinistram
323 3513 490 3588 camdem
521 3513 716 3590 ecclesiam
747 3515 932 3590 intrantis.
973 3511 1142 3590 condidit
1178 3513 1436 3586 testamentum

105 3635 210 3733 cujus
239 3642 454 3713 executores
478 3637 667 3716 constituit
696 3643 850 3715 RRmos.
883 3643 959 3714 llll.
993 3636 1199 3713 cardinales
1233 3631 1438 3732 Neapolita·

106 3781 205 3853 num,
226 3762 522 3840 Beneventanum
541 3772 625 3840 ets.
650 3766 842 3856 Praxedis;
862 3765 926 3840 sed
944 3769 1041 3862 Papa
1063 3785 1101 3838 sa
1123 3761 1243 3860 ipsum
1260 3759 1440 3834 heredem

107 3885 303 3964 instituens
327 3889 512 3964 commisit
530 3889 726 3966 voluntatis
747 3913 811 3966 sue
831 3888 1085 3965 executionem
1111 3883 1351 3986 gubernatori
1377 3863 1438 3980 qui

108 4015 231 4088 omnia
248 4007 346 4090 hona
358 4037 424 4114 par
441 4012 561 4116 ipsum
580 4017 793 4115 episcopum
811 4013 1002 4105 derelicta,
1022 4011 1112 4086 nihil
1130 4011 1294 4108 dempto,
1310 4031 1439 4105 expor-

108 4137 192 4212 tavit
205 4143 244 4214 al
260 4141 401 4240 accepit
416 4146 453 4217 el
466 4141 574 4216 vendi
593 4141 677 4218 iecit
696 4141 880 4214 frumenta
894 4139 1060 4238 ejusdem
1079 4133 1327 4234 episcopique
1346 4136 1436 4207 Cor—

109 4265 192 4337 tone
221 4263 367 4340 luerunt
393 4270 429 4342 et
446 4266 640 4345 ecclesiam
669 4270 934 4364 Cortonensem
959 4262 1102 4337 cuidam
1127 4258 1339 4335 Florentino
1369 4278 1437 4354 pro

31 4563 38 4582 ·
146 4547 171 4603 1.
184 4545 259 4604 l'elle
275 4551 321 4606 ast
333 4543 360 4603 la
370 4543 449 4616 leoou
463 4545 512 4604 das
526 4561 595 4604 mss.
610 4543 644 4604 de
665 4541 745 4603 Paris
759 4549 787 4603 et
810 4543 847 4602 du
862 4543 953 4619 chigi,
969 4543 988 4602 1.
1016 4543 1078 4613 125,
1100 4557 1125 4598 v.
1142 4535 1289 4615 Raynaldi,
1304 4541 1328 4594 l.
1350 4529 1437 4599 ΧΧΧ,

109 4651 138 4710 p.
152 4637 214 4706 382,
238 4635 330 4694 donne
345 4638 554 4708 :pollicarem

145 4727 171 4781 2.
186 4725 255 4801 Voy.
281 4723 309 4782 la
329 4725 450 4800 legation
467 4725 503 4784 do
521 4719 673 4784 Macbiavel
687 4729 786 4801 copres
800 4723 837 4782 du
860 4723 959 4782 duodo
974 4721 1162 4789 Valentinois;
1182 4725 1211 4776 et
1231 4712 1328 4784 dlvisi,
1343 4715 1438 4772 Gesure

110 4817 242 4885 Βαναία...
258 4815 303 4873 ch.
319 4831 347 4885 v,
362 4833 394 4890 p.
413 4815 466 4872 323
480 4817 508 4873 et
521 4815 594 4873 suiv.

144 4903 171 4960 3.
185 4903 223 4962 la
235 4905 317 4977 5522,
333 4905 358 4963 1.
371 4903 418 4962 iol.
434 4907 497 4974 422,
514 4923 542 4963 v.
553 4905 578 4962 le
593 4904 684 4980 Chigi,
700 4905 732 4962 L.
743 4905 767 4973 1,
783 4903 825 4974 11,
840 4903 858 4963 1.
872 4905 936 4975 125,
950 4921 977 4960 v.
995 4899 1056 4961 alle
1074 4899 1170 4968 13731,
1184 4897 1204 4954 1.
1222 4899 1284 4966 112,
1299 4894 1438 4952 donnent:

111 4990 204 5049 «iaris
217 5001 323 5068 quarta,
348 4995 379 5050 13
393 5016 420 5065 n,
440 5011 471 5052 ea
486 4993 532 5070 qui
552 5001 596 5052 est
618 4994 747 5053 inexact:
764 4995 798 5052 da
817 5000 904 5052 mame
918 4992 943 5051 le
962 4994 1010 5050 151
1026 4991 1075 5066 qui
1094 4991 1186 5047 donne
1206 5009 1220 5040 u
1236 4985 1304 5044 teria
1331 4984 1438 5057 quarta,

112 5083 155 5137 15.
169 5101 184 5132 v
198 5081 392 5160 Christophoro
415 5081 527 5142 Bnrdioi
546 5091 655 5143 mourut
677 5101 711 5142 en
732 5079 796 5142 atiel
818 5083 844 5142 le
864 5085 898 5142 13
920 5081 1068 5140 novembre
1083 5077 1130 5155 qui
1151 5077 1217 5136 eluit
1232 5094 1269 5134 un
1283 5071 1437 5132 dimanche.

111 5168 180 5248 Vov·
191 5176 260 5236 l'nu
279 5179 312 5238 da
326 5183 385 5237 oar.
403 5179 442 5236 les
453 5177 540 5250 ames,
557 5185 585 5236 el
598 5169 717 5252 Ugheffi,
733 5181 753 5234 t.
770 5173 792 5244 1,
808 5179 861 5234 stc.
