3590 6042
107 588 166 652 [nu
181 582 248 650 rsovl
432 583 559 640 RERUM
584 581 812 641 URBANARUM
835 584 1097 645 COMMENTARH.
1398 581 1433 644 45

154 736 258 832 Feria
275 739 407 832 quarta
425 741 469 810 27
495 736 582 811 dicti
606 737 741 810 mensis
763 737 860 828 maii,
887 739 1007 838 vigilia
1029 739 1250 814 ascensionis
1273 741 1430 832 Domini,

113 862 351 938 cardinalibus
367 867 515 961 pontem
535 888 564 936 s.
586 862 715 961 Angeli
727 864 1080 961 pertranseuntibus,
1100 865 1266 962 suspensi
1287 867 1436 941 luerunt

113 989 204 1064 circa
228 987 422 1062 meridiem
451 987 656 1062 octodecim
687 988 767 1078 viri,
802 989 972 1063 videlicet
1002 1013 1131 1063 novem
1164 1015 1185 1063 a
1211 991 1370 1065 dexteris
1399 997 1436 1065 et

112 1136 231 1189 novem
249 1137 271 1186 a
289 1113 457 1204 sinistris,
484 1115 757 1188 transeuntibus
781 1119 929 1212 pontem
953 1138 1077 1188 versus
1099 1139 1128 1188 s.
1150 1117 1299 1188 Petrum
1317 1117 1436 1190 eunti-

115 1240 174 1312 bus
200 1263 207 1310 :
237 1239 404 1336 suspensi
437 1239 653 1312 ceciderunt
683 1262 768 1313 cum
798 1239 911 1312 turcis
944 1263 1055 1336 supra
1086 1244 1253 1336 pontem;
1287 1241 1435 1314 luerunt

115 1369 227 1438 tamen
244 1363 349 1437 iurce
373 1365 450 1437 sine
472 1386 578 1437 mora
604 1387 687 1438 cum
717 1363 768 1437 eis
792 1369 928 1452 erecte,
953 1363 1005 1437 ita
1027 1366 1123 1458 quod
1146 1389 1167 1437 a
1188 1364 1435 1440 cardinalibus

116 1489 155 1560 de
170 1489 304 1584 palatio
327 1489 567 1562 redeuntibus
590 1489 805 1562 viderentur
828 1511 956 1561 omnes
979 1488 1154 1585 suspensi.
1180 1492 1320 1562 Horum
1338 1494 1437 1564 octo-

116 1612 223 1685 decim
240 1612 307 1685 luit
326 1613 480 1709 primus,
503 1612 668 1686 medicus
686 1613 830 1702 ducier,
858 1613 1032 1710 physicus
1051 1617 1088 1684 et
1104 1612 1300 1711 chirurgus
1317 1614 1437 1711 hospi-

116 1737 189 1810 talis
213 1763 241 1811 s.
271 1738 449 1812 lobannis
479 1737 746 1828 lateranensis
782 1737 844 1834 qui
876 1738 1026 1836 singulis
1053 1718 1181 1812 diebus
1207 1739 1303 1812 bono
1330 1762 1437 1813 manc

117 1861 227 1934 exibat
243 1861 280 1935 in
298 1861 428 1936 habitu
451 1863 552 1936 brevi
575 1861 757 1960 hospitale
780 1861 988 1958 predictum
1012 1886 1095 1937 cum
1116 1861 1248 1936 balista
1270 1867 1305 1937 et
1324 1863 1437 1936 inter-

117 1985 249 2060 ficiebat
274 2010 368 2084 quos
396 1991 541 2084 poterat
569 1987 775 2076 commode,
806 1991 843 2059 et
874 1986 1046 2083 pecunias
1073 2009 1202 2062 eorum
1230 1987 1432 2060 auferebat.

119 2109 189 2182 Fuit
208 2115 334 2184 autem
357 2111 495 2184 dictum
518 2113 614 2207 quod
638 2111 826 2186 conlessor
849 2109 936 2185 dicti
957 2111 1160 2208 hospitalis,
1186 2135 1270 2185 curn
1292 2111 1329 2184 in
1351 2135 1438 2185 con-

120 2234 261 2308 fessione
284 2235 452 2309 infirmus
473 2237 614 2310 diceret
641 2261 679 2309 se
707 2236 880 2333 pecunias
907 2235 1058 2325 habere,
1085 2236 1276 2310 nuntiabat
1296 2237 1438 2311 medico

121 2361 287 2455 predicto,
316 2362 378 2456 qui
399 2363 511 2434 dabat
533 2361 566 2434 ei
593 2361 883 2458 recipementum
912 2366 952 2435 ut
974 2361 1175 2458 expediret,
1200 2366 1237 2433 et
1263 2362 1437 2458 pecunias

121 2483 204 2557 inter
224 2509 262 2558 se
285 2485 511 2559 dividebant.
532 2486 725 2560 Tredecim
748 2487 896 2559 luerunt
917 2510 961 2557 ex
981 2486 1051 2558 illis
1070 2485 1194 2584 viginti
1216 2485 1357 2559 duobus
1378 2485 1437 2582 qui

122 2615 293 2684 oratorem
311 2611 412 2708 regis
430 2610 596 2700 Francia,
623 2616 665 2684 12
683 2611 804 2708 hujus,
824 2610 860 2682 in
872 2613 995 2683 monte
1012 2609 1233 2686 Viterbiensi
1251 2608 1437 2682 bonissuis

123 2732 376 2828 spoliaverant3
396 2737 551 2829 quatuor
570 2733 712 2806 diversa
726 2733 823 2808 mala
837 2737 1151 2830 perpetraverant.

164 2859 320 2932 Fuerunt
345 2883 497 2957 vespere
523 2859 561 2932 in
593 2859 736 2956 capella
765 2857 898 2956 majori
926 2857 1050 2955 palatii
1080 2859 1176 2954 apud
1204 2861 1240 2932 S.
1273 2862 1435 2948 Petrum,

123 2980 237 3075 quibus
260 2987 363 3081 Papa
383 2984 561 3074 interfuit,
589 2988 625 3056 et
647 2983 718 3056 illis
739 2983 863 3072 finitis,
889 2983 1052 3056 oratione
1073 2983 1183 3072 facta,
1207 3007 1289 3057 cum
1313 2985 1436 3058 sedem

124 3129 256 3201 parvam
274 3109 313 3182 in
332 3134 404 3206 qua
420 3114 591 3207 portatur
608 3109 844 3199 ascendisset,
865 3107 960 3183 venit
971 3109 1016 3182 ad
1034 3109 1214 3206 capellam
1233 3109 1436 3206 predictam

124 3232 264 3323 quedam
281 3233 469 3307 comitissa
486 3235 654 3308 Dalmata
671 3257 753 3308 cum
772 3232 979 3330 quindecim
998 3233 1054 3306 vel
1071 3232 1170 3308 circa
1187 3234 1436 3318 servitoribus,

124 3380 218 3452 quam
244 3385 313 3458 per
341 3365 382 3434 ll.
413 3364 452 3434 P.
486 3364 529 3435 D.
564 3360 777 3457 episcopum
808 3358 1057 3432 Dttoniensem
1088 3360 1164 3458 ejus
1192 3360 1435 3457 interpretem

126 3483 263 3574 uudivit;
283 3485 411 3559 nescio
427 3484 513 3582 quid
531 3485 690 3582 petierit,
711 3484 797 3580 quia
813 3485 963 3558 recessi.
1072 3511 1074 3516 ’

166 3611 262 3684 Faria
273 3611 402 3709 quinta
418 3610 596 3708 sequenti,
616 3611 708 3684 lesto
724 3609 954 3684 Ascensionis
972 3610 1131 3700 Domini,
1144 3614 1189 3684 28
1201 3609 1288 3684 dicti
1300 3610 1434 3683 mensis

127 3735 210 3825 maii,
230 3741 357 3810 Rmus.
377 3741 420 3811 D.
441 3737 637 3812 cardinalis
655 3762 683 3810 s.
704 3735 830 3810 Crucis
847 3735 1046 3809 celebravit
1067 3735 1215 3808 missam
1234 3736 1435 3810 solemnem

128 3919 294 3978 nainarmte
317 3919 384 3978 dont
403 3919 477 3978 evait
500 3924 543 3978 att
565 3920 675 3978 victime
699 3925 762 3996 pres
782 3921 815 3978 de
837 3921 957 3991 Vitertc,
977 3921 1193 3980 l’ambessodeur
1213 3921 1343 3992 trancais,
1363 3922 1439 3980 liene

128 4008 284 4081 d’dgrimont
307 4011 381 4085 (roy.
406 4009 469 4085 plus
487 4011 566 4080 haut,
582 4028 647 4085 pag.
678 4010 724 4084 39)
741 4011 814 4067 ainsi
836 4011 920 4084 qu'on
939 4011 964 4068 le
982 4011 1039 4068 voit
1057 4029 1108 4085 par
1121 4010 1147 4068 le
1161 4027 1281 4085 passage
1300 4011 1335 4068 de
1353 4009 1379 4066 la
1393 4013 1441 4068 dt-

129 4098 202 4168 ptehe
215 4099 344 4158 suivante
361 4097 510 4158 d’Antonio
525 4098 725 4174 Malegonnelle
743 4103 760 4156 a
778 4099 804 4156 la
819 4101 984 4174 Seigneurie
998 4101 1032 4157 de
1047 4100 1196 4158 Florence:
1213 4123 1226 4152 u
1298 4099 1387 4158 Credo
1406 4101 1442 4156 Ve

130 4183 192 4260 Sig'·
205 4189 328 4248 baranno
342 4189 431 4246 iutesc
448 4205 524 4246 come
538 4189 566 4245 la
582 4188 736 4262 septimana
750 4195 876 4263 possete,
893 4189 1039 4246 arrivando
1054 4192 1099 4263 qul
1115 4189 1158 4246 nel
1172 4207 1254 4261 paese
1266 4207 1321 4246 uno
1335 4197 1442 4247 emtore

130 4273 166 4330 del
178 4275 215 4333 Re
231 4277 458 4346 Cristianissimo,
479 4278 508 4334 lu
529 4277 646 4334 assalito
665 4277 737 4335 intra
756 4279 849 4335 Monte
869 4277 1002 4334 Fiascone
1021 4284 1049 4335 et
1066 4277 1179 4334 Viterbo
1198 4279 1236 4334 da
1254 4279 1331 4336 XXV
1350 4279 1443 4336 Beles-

132 4362 194 4420 trieri
207 4367 240 4423 ad
259 4366 369 4424 Cavdlo
384 4372 412 4424 et
424 4367 563 4425 altretunti
577 4366 654 4436 lauti,
673 4373 701 4424 et
719 4366 816 4424 rubeto
836 4365 863 4423 di
882 4365 988 4434 denari,
1004 4366 1069 4422 robe
1083 4373 1110 4422 et
1128 4366 1225 4424 cavalli
1245 4367 1273 4424 in
1293 4373 1442 4442 conspectu

133 4449 244 4511 d'infiniti
257 4455 412 4525 viandanti,
428 4473 445 4512 a
457 4455 533 4530 quali
546 4455 575 4512 tu
590 4456 688 4513 dectc:
706 4479 720 4508 ι(
736 4455 787 4513 Vol
802 4455 908 4512 ltaliani
922 4473 973 4511 non
988 4453 1013 4511 ei
1025 4456 1120 4512 bavete
1135 4456 1185 4513 ebe
1199 4458 1265 4524 lare,
1278 4457 1376 4514 audate
1390 4455 1443 4512 ulla

133 4539 170 4595 via
182 4551 281 4603 vostra.
299 4567 315 4598 n
336 4545 440 4614 Questa
455 4562 522 4602 cosa
538 4547 553 4600 t
571 4549 643 4602 stata
662 4544 791 4602 atribuite
809 4544 834 4601 a'
848 4543 1007 4601 luorausciti
1026 4543 1054 4600 di
1070 4544 1148 4612 Tadi,
1164 4547 1199 4602 ad
1218 4546 1295 4602 luera
1315 4544 1396 4602 useiti
1415 4543 1442 4598 di

134 4627 241 4703 llvterbo,
255 4651 272 4690 a
286 4631 374 4702 Corsi,
392 4632 566 4690 aColonnesi
585 4639 612 4690 et
626 4651 682 4690 non
692 4633 715 4690 si
729 4633 805 4708 paria
819 4632 1091 4691 determinatamente
1105 4633 1132 4690 di
1147 4634 1256 4691 aleuno.
1271 4633 1292 4690 ll
1307 4634 1406 4707 perche
1426 4633 1444 4688 il

135 4717 206 4794 laps,
221 4723 375 4793 intendat
396 4722 479 4780 molto
494 4721 641 4780 invalenito
658 4730 753 4780 contro
772 4724 808 4780 ad
824 4722 912 4792 Corsi,
927 4729 956 4778 et
974 4721 1095 4792 intendo,
1115 4730 1213 4796 questa
1227 4728 1306 4780 nocta
1324 4723 1360 4778 ha
1380 4739 1443 4796 spa-

134 4807 189 4865 ciati
203 4812 273 4869 molti
289 4811 422 4871 Cavellari
436 4829 487 4869 eon
501 4811 577 4868 brevi
593 4812 663 4868 nelle
681 4820 753 4869 terre
767 4829 826 4882 sue,
842 4811 999 4868 conteneuti
1013 4811 1064 4868 che
1079 4811 1145 4869 tueti
1160 4812 1179 4868 li
1198 4811 1274 4870 Corsi
1289 4811 1366 4868 siene
1380 4827 1443 4867 cae·

135 4898 200 4963 clati,
214 4899 389 4976 perseguitau'
403 4907 430 4958 st
443 4900 528 4975 presi.
544 4900 670 4958 Dubitasi
686 4901 724 4958 tal
743 4902 827 4975 preda
845 4918 899 4957 non
919 4899 961 4957 sia
984 4906 1056 4958 stata
1076 4918 1125 4976 per
1145 4899 1214 4958 altro
1235 4899 1330 4957 ordine
1348 4899 1398 4955 ebe
1418 4898 1445 4955 di

135 4985 210 5056 Corsi,
223 4992 337 5048 essendo
351 4995 423 5046 stata
441 4989 555 5064 guidoto
573 5007 653 5047 verso
668 4989 800 5047 labenda
819 4988 862 5045 del
879 4988 979 5046 Tevere
1003 4994 1030 5045 et
1045 5007 1099 5047 non
1123 4989 1193 5046 delta
1216 4988 1331 5046 Matina.
1348 4987 1446 5046 Visitai

136 5072 199 5132 detto
216 5085 318 5136 oratore
344 5097 351 5135 :
377 5077 537 5136 condolsimi
557 5085 585 5135 et
609 5079 710 5147 offerri,
733 5085 798 5148 ete,
818 5085 846 5135 et
860 5077 911 5134 leci
934 5078 959 5134 le
977 5077 1122 5135 cerimonia
1146 5083 1325 5136 consuete...
1349 5078 1445 5149 Rome,

137 5160 215 5223 lllllll
228 5168 288 5226 maii
302 5169 381 5226 1500.
403 5167 434 5225 S‘
453 5167 591 5225 Antonius
611 5169 645 5225 de
664 5165 871 5242 Malegonnellis
894 5166 1005 5230 Orator.
1024 5188 1038 5220 r
1058 5166 1140 5238 (Clas.
1157 5168 1192 5238 ll,
1208 5167 1274 5225 dist.
1290 5170 1317 5240 2,
1333 5167 1385 5226 filu.
1401 5169 1445 5240 40,

137 5268 182 5310 ac.
195 5256 267 5330 235.)
