3520 6036
321 595 373 652 346
514 629 516 634 ·
774 591 950 649 lOlldNb'lS
976 590 1198 654 bundenum,
1481 593 1566 656 [Arril
1586 595 1640 644 15⁰4

323 750 512 845 pellentem
533 754 571 820 ut
586 747 666 822 heri
683 770 764 820 sero
782 745 946 818 fimbrias
961 744 1114 842 portavit
1134 744 1339 842 [episcopus
1355 745 1514 818 Nolanus
1533 747 1647 818 eundo

287 934 292 946 .
322 879 359 946 et
377 874 561 946 redeundo
578 871 786 970 patriarcba
803 869 1092 966 Alexarrdrinusl.

370 1001 527 1072 Sabbata
558 1005 696 1089 sancto,
729 1004 750 1072 6
779 997 915 1094 aprilis,
944 995 1137 1070 cardinalis
1168 996 1427 1071 volaterranus
1458 996 1648 1072 celebrarit

322 1123 522 1222 [elficiuml
554 1127 652 1222 Papa
681 1128 872 1221 presente:
908 1121 1152 1196 Bernardinus
1185 1123 1381 1212 (lamburn,
1411 1121 1649 1196 subdiaconus

321 1248 541 1346 apostolicus
559 1249 737 1322 nuntiavit
751 1246 909 1321 Alleluia
927 1250 1036 1342 Papa
1055 1245 1115 1340 qui
1133 1245 1248 1318 noluit
1267 1244 1461 1334 inchoare3
1481 1237 1548 1318 sed
1564 1249 1649 1320 cele-

322 1373 432 1446 brans
456 1375 613 1446 cantavit
644 1373 758 1448 tribus
788 1372 938 1455 vicibus,
965 1377 1000 1444 et
1029 1370 1101 1444 alie
1121 1393 1224 1444 more
1252 1369 1372 1444 solito.
1399 1373 1498 1466 Papa
1528 1371 1647 1444 babuit

321 1521 449 1571 ironam
477 1497 521 1571 de
544 1501 637 1571 Foro
661 1497 757 1570 Livio
774 1497 902 1570 habito
925 1502 1044 1568 castro
1065 1499 1101 1568 et
1121 1495 1276 1585 civitate,
1300 1495 1430 1569 solutis
1455 1496 1647 1570 castellano

321 1621 527 1718 quindecim
550 1622 647 1695 mille
666 1621 820 1708 ducatio,
840 1643 931 1717 quos
950 1619 1022 1692 dux
1039 1620 1278 1708 [Valentinus]
1298 1621 1520 1698 exbursavit.

371 1748 562 1822 Dominica
580 1745 869 1849 resurrectionis
892 1752 910 1818 7
931 1744 1066 1842 aprilio,
1087 1745 1150 1819 SS.
1174 1749 1216 1818 ll.
1244 1753 1370 1820 noster
1388 1747 1485 1818 veuit
1507 1769 1648 1842 proces·

323 1871 509 1946 sionaliter
537 1873 602 1945 snb
630 1871 844 1944 baldachino
866 1871 903 1944 in
929 1893 1044 1968 regno
1069 1870 1116 1944 ad
1137 1893 1166 1944 s.
1195 1873 1355 1960 Petrum,
1375 1871 1436 1944 nbi
1461 1871 1647 1945 celebrarit

323 1997 470 2069 missam
494 1997 710 2069 solemnem.
739 1995 913 2068 Asconius
934 1994 1023 2068 dixit
1050 1995 1277 2092 evangelium
1301 1995 1468 2086 latinum,
1492 1999 1536 2069 D.
1567 1997 1647 2070 Vin-

324 2121 463 2194 centius
479 2121 671 2195 Cosciarus
685 2119 876 2217 epistolam
888 2118 1053 2210 latinam,
1076 2123 1117 2192 D.
1137 2120 1266 2192 lsatius
1283 2121 1535 2218 Argyropolus
1550 2145 1646 2195 cran-

322 2245 456 2343 gelium
474 2270 638 2344 grecum,
659 2245 865 2319 Demetrius
882 2243 1072 2340 epistolam
1093 2267 1260 2340 grecam:
1280 2249 1404 2318 Rmus.
1426 2249 1468 2319 D.
1490 2271 1521 2319 s.
1540 2248 1646 2319 dnus-

320 2370 409 2443 tosie
427 2371 494 2443 luit
510 2371 694 2458 assistens,
709 2374 812 2443 Rmo.
829 2373 871 2442 b.
888 2369 1127 2465 Neapolitano
1138 2375 1320 2466 presente,
1336 2371 1397 2466 qui
1414 2393 1452 2444 se
1468 2373 1645 2445 excusarit

321 2501 469 2590 propter
487 2495 710 2568 debilitatem
730 2499 765 2566 el
782 2493 1035 2566 Ulixbonensis
1056 2497 1092 2566 el
1110 2483 1369 2567 Recanatensis
1385 2503 1537 2592 propter
1554 2495 1645 2568 intir-

321 2619 497 2692 mitatem.
519 2618 657 2691 Primus
679 2641 809 2713 aquam
825 2618 925 2691 dedit
943 2623 1068 2691 orator
1085 2621 1261 2705 Venetus,
1282 2619 1519 2692 seeundusb.
1541 2623 1646 2692 Fran-

322 2743 493 2815 ciscusde
505 2747 638 2834 llonle,
656 2749 780 2816 orator
793 2743 892 2839 regis
904 2748 1161 2832 Romanorum,
1178 2744 1307 2816 tertius
1320 2747 1362 2816 D.
1378 2745 1642 2825 Constantinus,

320 2875 469 2962 quartus
497 2867 666 2964 princeps
697 2867 961 2940 salernitanus
978 2871 1064 2964 Ego
1086 2867 1154 2940 leci
1177 2867 1337 2941 ollicium
1363 2871 1535 2942 sacriste:
1561 2871 1644 2943 inlru

321 2990 512 3086 epistolem
536 2991 619 3062 dedi
643 2991 763 3064 locum
784 2994 858 3064 DD.
879 2991 1049 3080 Antonio,
1075 2992 1191 3066 electo
1207 2992 1379 3066 Nuulensi
1398 2999 1434 3068 et
1456 2995 1643 3068 Francisco

320 3115 436 3186 electo
453 3114 622 3188 llililensi
644 3122 677 3187 el
695 3114 869 3204 Gabrieli,
887 3115 1004 3189 electo
1024 3115 1270 3205 Urbinatensi,
1290 3115 1334 3190 de
1350 3119 1525 3192 mandato
1540 3123 1640 3215 Pape,
1751 3181 1752 3214 Ξ

319 3237 414 3309 inter
431 3239 653 3312 assistentes.
674 3239 792 3313 Finita
808 3231 932 3331 missi,
951 3247 1135 3312 ostensum
1154 3241 1219 3314 lnit
1244 3241 1383 3314 serrum
1407 3242 1535 3317 lancee
1555 3247 1641 3340 Pape

316 3369 398 3458 post
416 3362 593 3480 pulpitum
614 3363 788 3459 evangelii
806 3363 998 3460 geunllexo
1019 3365 1054 3436 in
1074 3365 1292 3452 faldistorio,
1315 3365 1446 3440 deinde
1464 3371 1496 3440 V
1499 3367 1637 3440 eronica

315 3487 349 3559 in
366 3487 446 3560 loco
463 3487 569 3560 solito
586 3513 594 3578 ;
616 3497 650 3560 et
668 3487 831 3561 ascendit
847 3487 894 3560 ad
909 3488 1031 3562 locum
1050 3489 1194 3584 publice
1213 3489 1478 3564 benedictionis
1494 3515 1636 3588 proces·

315 3611 516 3702 sioneliter3
537 3619 572 3686 et
592 3612 775 3709 plenarias
798 3612 1039 3710 indulgentius
1064 3615 1316 3710 pronunciavit
1334 3615 1513 3689 Ascanius
1536 3616 1636 3690 latine

314 3745 347 3808 el
372 3737 529 3810 lledices
552 3737 758 3832 vulgariter.
785 3739 883 3834 Papa
908 3739 1099 3812 convilavit
1122 3745 1286 3812 oratores
1313 3740 1581 3814 dreniouenses
1597 3741 1637 3835 (ll
1750 3833 1751 3840 ἵ

314 3860 350 3930 in
365 3861 517 3932 solemni
536 3861 811 3950 benedictione;
832 3863 994 3936 interluit
1009 3887 1163 3960 magnus
1180 3865 1346 3961 populns.

363 3985 426 4056 Die
451 3984 535 4056 lune
560 3986 710 4074 Pascha
735 3991 755 4058 8
780 3987 916 4082 aprilis
946 3988 1138 4060 cardinalis
1167 3989 1429 4086 Agrigentinus
1451 3990 1635 4064 celebrarit

315 4107 465 4180 missam
482 4108 681 4182 solemnem
697 4109 734 4180 in
748 4109 886 4206 capella
902 4111 1048 4208 majori,
1069 4115 1167 4210 Papo
1186 4121 1357 4209 presente
1372 4140 1380 4206 ;
1402 4123 1437 4190 et
1457 4117 1636 4189 observata

315 4237 397 4304 sunt
413 4232 536 4304 omnia
551 4255 653 4308 more
673 4233 792 4306 solito.
1468 4254 1469 4258 ’

362 4357 426 4429 Die
458 4357 597 4446 martis,
629 4363 649 4430 9
677 4357 813 4455 aprilio,
842 4359 908 4431 luit
937 4361 1049 4434 missa
1079 4361 1252 4435 solemnis
1282 4362 1319 4436 in
1347 4362 1476 4436 cadem
1506 4361 1633 4460 capella

312 4505 420 4577 (lirum
453 4481 645 4555 celebravit
682 4487 809 4555 Rmus.
851 4487 893 4555 D.
932 4488 1221 4575 Beneventanus
1258 4486 1422 4583 pluribus
1448 4485 1630 4561 cardinali·
1749 4521 1750 4524 ¹

312 4608 378 4680 bus
408 4606 655 4705 presentibus
694 4611 790 4703 Papa
817 4609 967 4681 absente
997 4611 1121 4705 quiin
1152 4611 1235 4684 aula
1260 4612 1448 4708 pontificia
1479 4611 1630 4685 eelebre-

313 4735 358 4806 vit
386 4735 535 4830 missam
563 4733 709 4804 bassum
738 4733 774 4806 in
805 4733 917 4808 altare
951 4759 994 4808 cx
1023 4742 1179 4832 quatuor
1210 4737 1342 4810 tabulis
1377 4761 1527 4828 norum,
1558 4741 1629 4808 ante

313 4882 443 4956 papam
469 4857 660 4931 Martinam
689 4857 841 4949 lactum,
873 4860 1107 4957 longitudinis
1133 4862 1341 4958 palmorum
1369 4863 1574 4960 quindecim
1597 4867 1627 4930 et

346 5077 371 5135 1.
390 5076 505 5148 lusqn'o
523 5078 720 5135 reuersurum
742 5080 884 5150 lrnneuise,
904 5083 1030 5154 Avigoon
1050 5083 1188 5156 appartint
1210 5100 1245 5140 au
1266 5083 1441 5158 Sciet-Siege
1463 5083 1510 5156 qui
1529 5081 1551 5138 le
1564 5097 1622 5154 geu·

309 5166 539 5308 ἱοὲῑὲαὲίἶῖἑνρέἰθῑε
554 5169 653 5240 legate.
668 5169 743 5225 lnles
759 5171 782 5226 ll
798 5171 871 5226 avait
892 5174 933 5226 ete
949 5176 1053 5244 cneque
1074 5173 1107 5227 de
1136 5177 1206 5228 cette
1221 5171 1301 5246 ,villa
1319 5172 1389 5238 vor.
1406 5179 1427 5228 t.
1448 5173 1481 5239 ll,
1496 5191 1522 5244 p.
1536 5175 1559 5239 7,
1573 5177 1625 5224 nole
