3612 6064
533 429 664 490 NOTICE
691 429 972 502 Blouttspffleuu.
1355 459 1420 498 ιιιιι

137 594 268 693 Deuys
292 589 498 692 Godefroy,
522 613 571 666 en
600 586 702 668 tote
726 589 829 666 avait
851 589 1025 693 imprime
1049 591 1232 697 quelques
1261 597 1418 674 exuuiis

84 726 137 802 du
157 723 345 804 Diarium
372 724 420 802 de
448 723 656 821 Burchard,
676 749 726 800 au
755 725 854 826 sujet
876 724 924 802 de
953 728 1199 824 Savonarole,
1221 732 1346 833 parmi
1364 731 1420 810 les

81 887 251 964 preuves
270 861 339 940 des
357 859 559 938 Memoires
579 859 627 936 de
646 861 853 961 Comynes3
876 885 947 938 son
964 861 1023 938 fils
1042 887 1091 940 en
1108 865 1240 966 publia
1257 891 1311 944 un
1328 866 1421 968 long

84 1077 249 1130 manarunt.
268 1071 345 1142 Quos
359 1069 434 1148 apud
447 1075 557 1130 veteres
572 1070 691 1146 gentiles
705 1070 734 1129 in
747 1089 800 1130 ιιιιι
813 1071 903 1130 fuisse
913 1071 1003 1130 omnis
1016 1072 1186 1148 antiquitatis
1199 1075 1318 1153 diligens
1327 1079 1421 1155 explo-

83 1167 162 1220 rator
185 1161 296 1220 verritu
311 1161 426 1220 Flaccus
440 1161 536 1220 relert.
555 1159 680 1220 Rituales
695 1161 802 1237 (inquit)
818 1161 994 1220 nominantur
1007 1163 1184 1223 Etruscorum
1195 1165 1257 1224 libri
1275 1167 1423 1243 inquibus

84 1252 273 1328 perscriptum
288 1259 332 1314 est
344 1270 400 1328 quo
411 1253 467 1310 ritu
480 1252 634 1316 condantur
652 1251 744 1322 urbes,
759 1269 834 1324 arae,
850 1253 934 1312 aedes
949 1261 1166 1329 sacrentur,qua
1179 1257 1326 1315 sanctitate
1339 1259 1420 1326 rnuri,

83 1359 139 1416 quo
148 1343 218 1418 jure
231 1349 337 1418 portae,
347 1343 484 1420 quomodo
494 1343 593 1412 tribus,
608 1343 710 1413 cudae,
719 1342 861 1402 centuriae
872 1342 1085 1416 distribuantur,
1096 1344 1234 1404 exereitus
1246 1346 1419 1404 constituan-

85 1439 140 1502 tur,
164 1431 498 1508 crdinentur,*ceteraque
516 1431 608 1490 omnia
622 1431 756 1506 ejusmodi
770 1431 805 1490 ab
825 1431 927 1490 bellum
938 1438 966 1491 et
980 1451 1075 1508 pacem
1089 1434 1269 1509 pertinentia;
1284 1443 1313 1494 et
1327 1436 1422 1495 Cicero

84 1522 179 1596 primo
198 1523 233 1580 de
252 1521 438 1590 Divinatione,
452 1522 528 1597 quod
553 1523 732 1581 Etruscorum
754 1521 896 1582 declarant
913 1528 941 1580 et
958 1521 1139 1597 haruspicini,
1155 1531 1183 1583 et
1205 1525 1368 1600 Fulgurales
1394 1530 1422 1583 et

85 1611 204 1669 rituales
214 1611 282 1670 libri
291 1611 378 1670 nostri
391 1619 419 1670 et
430 1609 589 1686 augurales.
606 1611 641 1668 lli
659 1629 741 1686 porro
755 1611 816 1668 libri
830 1611 913 1670 aritu
925 1610 992 1670 dicti
1005 1618 1083 1680 sunt,
1098 1613 1147 1686 qui
1163 1621 1206 1673 cst
1219 1633 1280 1672 mos
1294 1615 1338 1674 vel
1356 1633 1420 1673 con-

85 1705 210 1762 suetudo
220 1701 398 1778 comprobata
411 1700 440 1758 in
453 1699 680 1760 administrandis
694 1701 789 1760 sacris.
807 1700 895 1776 Cujus
908 1707 986 1760 unta
995 1702 1069 1776 apud
1082 1701 1211 1778 antiquos
1226 1721 1292 1762 cura
1304 1704 1367 1774 luit,
1392 1709 1424 1762 ut

85 1793 225 1868 maiorum
239 1809 352 1850 suorum
366 1796 456 1848 status
471 1791 656 1867 antennasque
670 1791 857 1850 caeremonias
871 1793 1037 1850 Pontificum
1056 1793 1173 1851 scientia
1194 1793 1265 1851 bene
1286 1793 1424 1868 gerenda-

86 1903 151 1941 rum
166 1901 259 1942 rerum
273 1879 437 1940 auctoritate
449 1897 589 1956 aeguum
601 1882 793 1940 observatione
802 1882 938 1957 Apollinis
952 1881 1137 1958 praedictione
1149 1889 1243 1942 vatum
1256 1883 1345 1954 libris,
1356 1901 1423 1958 por-

86 1979 231 2031 tentorum
243 1971 379 2048 depulsis,
394 1973 511 2030 Etrusca
525 1970 670 2047 disciplina
693 1971 824 2046 explicavi
838 1972 984 2033 voluerint.
1000 1973 1071 2032 Nam
1088 1972 1179 2048 prisco
1195 1973 1322 2032 instituto
1337 1973 1421 2031 rebus

88 2063 195 2120 divinis
211 2079 296 2136 opera
309 2061 516 2120 accuratissime
529 2061 658 2120 dabatur.
674 2062 765 2130 Quum
783 2061 857 2120 enim
871 2061 973 2136 aliquid
987 2063 1235 2122 commendandum
1255 2069 1316 2121 erat
1329 2079 1425 2138 preca·

87 2153 178 2222 done,
198 2170 286 2228 quum
299 2151 505 2227 exposcendum
517 2157 593 2218 voto,
610 2169 696 2222 quum
714 2149 877 2209 solvendum
895 2151 1091 2224 gratulatione,
1108 2169 1194 2226 quum
1217 2150 1421 2226 inquirendum,

87 2243 128 2300 vel
154 2241 238 2314 extis,
254 2241 299 2302 vel
313 2241 434 2300 sortibus
449 2240 600 2317 impertito,
615 2259 702 2316 quum
713 2241 819 2300 solenni
829 2241 885 2300 ritu
897 2242 1089 2316 peragendum
1104 2240 1250 2313 sacdflcio,
1270 2241 1421 2317 quostiam

87 2341 264 2392 ostentorum
279 2351 312 2392 ac
331 2333 470 2406 fulgurum
492 2331 720 2391 denunciationes
741 2331 971 2406 procurabantur.
989 2331 1110 2390 Tantum
1125 2337 1219 2389 auum
1232 2331 1424 2406 antiquisstu·

87 2421 166 2478 dium
179 2439 239 2480 non
253 2421 343 2478 solum
357 2420 556 2491 observandae,
571 2421 621 2479 sed
633 2427 662 2478 et
674 2419 881 2496 amplificandae
903 2419 1046 2494 religionis
1065 2419 1151 2478 luisse
1168 2426 1286 2478 testatur
1298 2419 1426 2478 Valerius

87 2519 118 2570 ut
134 2511 337 2570 florentissima
350 2515 410 2568 tum
432 2518 460 2570 et
474 2511 685 2586 opulentissima
703 2511 823 2582 civitate,
839 2511 934 2568 decem
949 2508 1101 2584 principum
1114 2507 1162 2566 dlii
1176 2527 1211 2567 ex
1225 2525 1250 2566 s.
1265 2527 1289 2565 c.
1307 2508 1425 2584 singulis

85 2602 215 2660 Etruriae
226 2600 335 2677 popidis
349 2601 540 2677 percipiendae
560 2618 700 2658 sacrorum
724 2599 887 2676 discipliuae
908 2598 999 2674 gratia
1020 2598 1207 2658 traderentur.
1228 2596 1335 2656 Etrusci
1353 2597 1427 2654 enim

86 2691 125 2748 ita
141 2691 309 2750 melesdbus
323 2689 502 2765 religionibus
516 2689 696 2765 procurandis
709 2689 808 2750 intenti
830 2689 915 2760 lucre,
940 2695 972 2747 ut
990 2705 1008 2746 a
1026 2687 1304 2746 Caere-Etruscorum
1324 2688 1426 2763 oppido

86 2779 206 2854 (Agylla
228 2780 383 2856 antiquitus
407 2779 492 2853 dicto)
514 2779 585 2838 ritus
606 2779 713 2838 colendi
736 2781 811 2838 Deos
833 2777 1018 2836 caeremoniae
1035 2784 1149 2836 vocatae
1162 2777 1229 2836 sint.
1243 2777 1313 2836 Nam
1327 2779 1427 2838 urbes

88 2868 176 2927 t‘aallis
201 2877 294 2946 capta,
317 2888 402 2946 quum
416 2869 538 2945 virgines
561 2871 681 2928 vestales
704 2871 824 2928 Deorum
847 2869 1005 2940 simulacra,
1029 2875 1058 2926 et
1080 2883 1219 2926 sacrorum
1240 2869 1428 2926 Romanorum

87 2977 190 3018 arcana
201 2977 237 3017 ex
251 2959 372 3020 bostium
386 2959 412 3018 vi
425 2965 519 3036 erepta
531 2959 599 3018 urbe
612 2959 797 3029 traducerent,
812 2958 847 3015 ad
861 2957 993 3032 oppidum
1006 2957 1184 3015 Etruscorum
1203 2957 1289 3016 Caere
1309 2956 1429 3016 vicinum

89 3049 267 3123 potissimum
280 3067 444 3118 convenere,
458 3049 508 3108 ubi
521 3047 755 3108 donecciritasa
773 3047 911 3106 Gallorum
931 3053 1066 3122 potestate
1084 3063 1136 3122 per
1156 3047 1300 3106 Camillum
1314 3047 1431 3104 liberata

89 3138 151 3208 tuit
174 3138 298 3214 benigne
318 3138 440 3215 hospitio
460 3145 616 3215 susceptae,
639 3144 668 3197 at
685 3137 795 3196 habitae
817 3143 893 3196 aunt.
908 3137 994 3213 Cujus
1013 3137 1139 3196 beneficii
1152 3137 1299 3196 memoriae
1312 3135 1430 3196 Romani

88 3228 300 3304 praestiterunt,
315 3235 347 3288 ut
358 3245 453 3288 omnes
467 3227 554 3286 divini
568 3229 659 3288 cultus
673 3245 763 3287 mores
777 3233 806 3286 et
823 3229 893 3286 ritus
911 3227 1099 3286 caeremoniae
1116 3246 1134 3287 a
1154 3229 1239 3288 Caere
1261 3227 1430 3287 dicerentur.

90 3318 187 3378 livius
208 3318 257 3376 lib.
273 3317 323 3390 v1,
341 3319 433 3386 uadit.
448 3319 485 3380 Ι..
503 3319 644 3378 Albinium
665 3318 804 3378 bominem
824 3316 961 3394 plebeium
974 3316 1097 3392 virgime
1122 3319 1279 3377 sacerdotes
1298 3333 1431 3393 sacraque

89 3407 221 3466 Romane
234 3408 343 3468 aelade
356 3408 460 3468 Gallica
472 3409 595 3484 plaustro
610 3407 697 3468 Caere
710 3406 851 3466 invexisse
863 3405 938 3464 unde
953 3403 1133 3464 caeremoniis
1154 3405 1192 3464 sit
1210 3423 1311 3464 nomen
1329 3413 1430 3464 ortum.

90 3497 209 3556 Verrius
232 3496 348 3556 Flaccus
372 3497 557 3556 caeremonias
579 3513 597 3556 a
616 3497 742 3568 caritata
764 3495 921 3558 Macrobius
939 3495 987 3552 lib.
1008 3494 1037 3570 ij.
1057 3513 1118 3570 cap.
1128 3495 1169 3571 iij.
1184 3513 1201 3553 a
1214 3497 1332 3553 carendo
1343 3494 1433 3552 dictas

90 3593 207 3661 putant.
225 3585 342 3645 Servius
357 3585 491 3661 Sulpitius
505 3585 617 3661 (iuquit)
632 3584 794 3661 religionem
808 3603 872 3644 esse
882 3584 983 3644 dictam
997 3583 1121 3654 tradidit,
1136 3601 1207 3659 quae
1224 3591 1336 3660 propter
1353 3601 1432 3642 sanc-

91 3675 200 3733 titatem
221 3674 345 3750 aliquam
363 3682 469 3736 remota
492 3683 536 3736 est
557 3682 586 3736 ct
608 3675 731 3752 seposita
752 3695 770 3735 a
789 3675 870 3735 nobis
890 3674 928 3735 sit
952 3674 1031 3750 quasi
1053 3691 1070 3731 a
1087 3673 1266 3749 relinquendo
1281 3675 1356 3734 dicta
1371 3679 1434 3733 uta

93 3765 215 3822 carendo
229 3767 410 3827 marmenia.
753 3763 756 3768 ’

129 3876 144 3907 c
159 3853 277 3914 Veteres
292 3855 410 3932 gentiles
423 3857 517 3917 multis
530 3857 559 3916 in
569 3858 653 3917 rebus
666 3859 695 3916 in
709 3859 867 3918 Graecismo
880 3863 909 3918 et
924 3856 1050 3917 idolatria
1072 3855 1216 3918 abolermis
1234 3854 1332 3914 imitati
1345 3850 1436 3912 chris·

95 3943 188 4002 tianae
202 3944 345 4020 religionis
359 3953 487 4006 auctores
502 3950 631 4008 solennes
650 3949 754 4024 aliquot
774 3954 917 4024 cutesque
938 3947 1124 4007 caeremonias
1148 3965 1233 4024 quum
1255 3945 1284 4003 in
1306 3941 1435 4002 omnibus

93 4032 209 4108 pietatis
223 4035 391 4096 metense
402 4037 501 4096 ritibus
516 4038 657 4098 radendis
671 4045 730 4096 tum
741 4037 771 4096 in
785 4044 1018 4097 sacramentomm
1027 4036 1275 4096 ecclesiasticorum
1285 4032 1435 4093 exibitione

95 4124 302 4198 excogitarunt,
317 4133 349 4186 ut
361 4127 390 4184 in
403 4128 489 4187 forma
503 4128 671 4204 suscipiendi
684 4128 857 4204 poenitentes
871 4128 1029 4188 eorumdem
1042 4126 1272 4197 reconciliatione,
1289 4125 1323 4182 de
1338 4121 1435 4181 scruti·

96 4213 151 4270 niis
163 4212 316 4287 habendis,
331 4216 387 4276 n'tu
399 4216 539 4293 baptismi,
549 4217 665 4293 jejuniis
679 4217 898 4277 ordinationibus
912 4217 1098 4289 sacerdotum,
1115 4224 1143 4276 ct
1157 4215 1270 4290 reliquis
1290 4213 1435 4272 ecclesias·

96 4302 157 4360 ticis
170 4304 324 4379 mysteriis,
336 4312 366 4366 at
377 4306 538 4382 praesertim
552 4307 581 4364 in
595 4307 771 4367 sanctissimo
783 4325 885 4366 coenae
899 4306 1057 4366 Dominicae
1072 4308 1165 4382 (qaum
1178 4305 1294 4363 missam
1308 4301 1436 4376 dicimus)

99 4392 237 4452 mendcio
259 4395 434 4457 celebrando.
456 4398 531 4468 Quas
552 4396 630 4457 initio
652 4397 744 4473 parvis
758 4396 857 4456 libellis
872 4399 952 4473 (quos
967 4395 1077 4455 ordinas
1091 4396 1237 4467 vocabant)
1253 4393 1432 4468 comprehen-

98 4482 214 4555 dentes,
232 4493 333 4559 postea
354 4505 416 4546 eum
439 4486 588 4562 religione,
611 4487 712 4563 opibus
727 4505 837 4563 quoque
850 4495 877 4546 et
891 4487 1034 4562 majestate
1050 4483 1237 4544 ecelesiastica
1251 4482 1437 4542 crescentibus

99 4572 255 4646 maioribus
267 4573 454 4636 voluminibus
466 4578 548 4650 (quos
562 4575 771 4634 caeremoniales
785 4575 928 4650 vocarunt)
942 4573 1146 4632 concluserunt
1167 4573 1201 4630 Et
1220 4591 1305 4648 quum
1327 4571 1395 4630 nihil
1408 4571 1438 4628 in

99 4661 167 4720 orbe
190 4668 335 4736 terrarum,
350 4671 408 4724 um
430 4665 552 4742 egregie,
567 4665 674 4742 rimqne
698 4667 876 4726 constitutum
900 4667 937 4724 sit
957 4667 1031 4739 quod
1054 4673 1206 4740 temporum
1229 4664 1387 4722 varietatem
1410 4667 1439 4719 et

99 4749 324 4822 inconstantiam,
340 4771 446 4814 mamm
468 4761 495 4814 st
519 4755 749 4814 consuetudinum
777 4756 944 4814 mutationes
968 4772 1023 4812 non
1047 4753 1160 4830 effugiat
1183 4754 1296 4812 vadatis
1320 4751 1439 4810 subinde

99 4841 246 4900 hominum
268 4843 518 4916 observationibus,
537 4844 648 4904 vivendi
674 4862 775 4920 genere
795 4853 823 4904 ct
843 4843 1032 4904 voluntatibus
1055 4844 1180 4902 diversos
1194 4859 1304 4919 quoque
1323 4840 1437 4898 rituales

101 4929 187 4990 libros
211 4949 262 5008 pro
280 4939 436 5009 temporum
456 4933 615 4993 conditione
634 4933 670 4992 ab
683 4934 718 4992 iis
732 4935 831 4992 confici
850 4949 964 4992 necesse
976 4933 1037 5004 tuit,
1053 4933 1152 5008 quibus
1167 4949 1200 4989 ea
1213 4931 1361 5007 praecipua
1374 4945 1441 4988 cura

102 5028 160 5078 erat
174 5039 247 5096 qnae
260 5022 464 5099 antiquissimis
476 5023 646 5100 temporibus
659 5023 689 5081 in
702 5024 825 5083 Ecclesia
838 5025 963 5082 Romana
973 5039 1139 5082 summorum
1149 5020 1315 5078 Pontificum
1329 5018 1441 5080 arbitrio

104 5113 304 5181 bwtabantur,
318 5130 436 5189 quorum
449 5112 588 5188 praecipui
599 5113 675 5171 luere
690 5111 817 5172 Gelasius
828 5117 858 5170 et
870 5111 1019 5184 Gregorius
1033 5127 1163 5186 magnus,
1177 5115 1276 5184 postea
1293 5109 1329 5168 ad
1345 5108 1442 5168 Cardi-

105 5201 194 5260 nalem
207 5204 452 5276 Archidiaconum,
467 5201 565 5261 deinde
579 5203 615 5260 ad
629 5201 825 5276 Camerarium,
842 5202 889 5278 qui
903 5203 963 5277 ejus
977 5199 1083 5259 muneri
1099 5197 1235 5258 successit
1248 5198 1397 5258 novissime
1406 5197 1442 5257 ad
