3506 6034
359 577 412 636 284
817 577 993 636 JOHANmS
1018 578 1240 648 BURCHARDI,
1483 583 1681 647 [octobianus]

361 732 551 828 respondit
588 740 694 828 prout
728 734 764 804 in
796 732 932 805 libello.
963 733 1205 806 lnterluerunt
1236 733 1383 829 triginta
1420 741 1579 830 quatuor
1610 761 1681 808 car-

361 856 514 944 dinales,
536 855 700 929 videlicet
726 881 852 929 omnes
877 856 937 950 qui
962 857 1109 930 luerunt
1132 857 1168 928 in
1191 857 1364 946 conclavi,
1392 858 1551 955 demptis
1579 863 1681 932 Bene-

360 987 514 1054 ventano
535 987 571 1054 et
594 985 778 1055 Casanova
794 979 964 1068 infirmis,
985 990 1020 1052 et
1038 1003 1165 1054 omnes
1191 981 1339 1053 luerunt
1358 982 1394 1054 in
1418 983 1542 1078 cappis
1558 983 1679 1063 rubeis,

361 1104 515 1200 demptis
537 1106 773 1202 Neapolitano
795 1109 831 1178 et
848 1105 973 1201 paucis
999 1105 1077 1178 aliis
1096 1129 1140 1179 er
1164 1106 1480 1202 consanguinitate
1511 1110 1608 1202 Pape
1630 1107 1681 1179 de-

360 1227 486 1301 iuncti.

406 1353 470 1426 Die
486 1353 670 1442 mercurii,
695 1358 733 1424 ll
764 1352 934 1440 celebria,
963 1353 1029 1426 suit
1044 1354 1296 1426 consistorium
1317 1361 1502 1428 secretum
1529 1353 1575 1426 ad
1586 1355 1681 1450 quod.

360 1483 554 1573 antequam
570 1478 724 1550 intraret
743 1482 852 1574 Papa,
871 1477 1006 1550 vocavit
1020 1477 1066 1549 ad
1084 1501 1122 1550 se
1144 1478 1180 1550 in
1199 1503 1343 1552 camera
1361 1503 1437 1567 sua,
1457 1480 1491 1550 in
1513 1503 1588 1574 qua
1605 1479 1680 1552 solet

362 1601 487 1675 audire
513 1602 675 1691 missam,
713 1603 914 1675 successive
946 1625 1074 1675 omnes
1103 1603 1319 1692 cardinales,
1350 1605 1467 1700 primo
1501 1605 1682 1699 episcopos

362 1749 505 1812 omnes,
525 1725 658 1798 deinde
674 1727 833 1822 quinque
850 1726 909 1799 vel
929 1749 992 1799 sex
1014 1725 1262 1824 presbyteros,
1290 1735 1326 1799 et
1349 1727 1517 1800 tractavit
1542 1750 1623 1799 cum
1639 1727 1682 1798 eis

362 1849 406 1922 de
427 1850 585 1923 creando
611 1850 832 1924 cardinalem
862 1851 1179 1947 archiepiscopum
1206 1853 1496 1936 Narbonensem,
1522 1857 1682 1948 nepotem

362 1974 555 2046 cardinalis
571 1975 895 2071 Rotbomagensis;
911 1982 947 2046 et
964 1975 1079 2046 noluit
1089 1976 1207 2071 major
1221 1999 1304 2072 pars
1315 1977 1537 2050 consentire.
1559 1974 1683 2048 Deinde

364 2097 399 2168 in
418 2099 632 2171 consistorio
652 2099 785 2173 creavit
801 2100 1013 2196 episcopum
1035 2100 1256 2194 Nepesinum
1275 2111 1311 2173 et
1329 2101 1519 2174 Sutrinum
1536 2105 1574 2172 et
1591 2099 1680 2175 alios.

364 2207 400 2295 et
415 2221 554 2297 duravit
572 2223 616 2296 ab
634 2224 727 2296 hora
740 2224 866 2320 quinta
881 2222 1023 2296 decima
1040 2245 1154 2318 usque
1171 2212 1217 2296 ad
1233 2225 1443 2320 vigesimam
1461 2226 1616 2298 tertiam.

414 2345 477 2418 Die
493 2347 600 2444 jovis,
636 2354 678 2421 m
702 2349 874 2436 octobris,
907 2347 1116 2420 nunciatum
1146 2348 1214 2420 suit
1242 2373 1307 2446 per
1325 2351 1461 2422 Urbem
1486 2347 1685 2422 consedera-

364 2469 500 2542 tionem
519 2478 554 2542 et
574 2471 745 2543 unionem
770 2469 981 2542 conclusam
1005 2469 1100 2542 inter
1119 2470 1380 2544 Columnenses
1403 2480 1438 2545 et
1468 2471 1615 2544 Ursinos
1636 2470 1685 2564 qui

360 2616 487 2666 omnes
506 2594 593 2666 ituri
609 2600 731 2668 essent
747 2594 792 2666 ad
817 2617 969 2690 regnum
991 2593 1266 2689 Neapolitanum
1285 2596 1321 2667 in
1337 2595 1538 2668 subsidium
1567 2596 1682 2690 llispa-

360 2741 489 2790 norum
508 2725 635 2792 contra
648 2719 780 2792 Gallos.

410 2844 547 2916 Eadem
565 2843 637 2934 die,
661 2848 759 2939 Papa
786 2843 926 2939 accepit
949 2844 1167 2918 medicinam
1188 2845 1322 2918 malam
1346 2843 1392 2940 (l)
1416 2867 1482 2940 pro
1502 2867 1546 2916 eo
1564 2849 1600 2917 et
1616 2865 1681 2914 ser·
1746 2903 1747 2918 ,

363 2967 546 3039 vitoribus.
1746 2973 1747 2978 ’

411 3091 476 3164 Die
492 3091 632 3164 veneris
648 3097 703 3180 13,
720 3115 802 3165 cum
816 3094 1074 3189 Papaaudiret,
1090 3095 1186 3166 circa
1198 3095 1410 3192 vigesimam
1424 3116 1532 3166 unam
1548 3093 1678 3176 boram,

362 3215 586 3289 cardinalem
614 3217 896 3306 Bononiensem,
919 3219 955 3290 in
977 3219 1108 3291 febrim
1128 3218 1404 3314 lrigidissimam
1425 3217 1566 3304 incidit,
1583 3237 1680 3312 quam

361 3339 485 3411 babuit
507 3341 552 3412 ad
573 3340 661 3413 duas
675 3342 798 3430 boran,
819 3342 1002 3414 audientia
1023 3341 1176 3414 durante
1193 3367 1200 3414 :
1219 3367 1291 3438 qua
1314 3343 1428 3430 linita,
1456 3341 1599 3414 intravit
1616 3340 1681 3410 lec-

361 3469 438 3538 tum
455 3474 491 3538 et
509 3489 574 3563 per
588 3472 663 3538 tres
679 3467 787 3539 boras
800 3466 852 3538 vel
871 3467 969 3539 circa
983 3467 1112 3540 habuit
1128 3490 1301 3563 maguum
1319 3467 1494 3540 vomitum
1511 3473 1546 3539 et
1566 3487 1681 3560 super·
1745 3461 1746 3554 ff

361 3593 454 3664 venit
472 3591 572 3665 calor
587 3587 647 3687 qui
664 3592 803 3664 duravit
819 3614 931 3685 usque
948 3591 993 3664 ad
1009 3591 1116 3663 sunus
1135 3593 1195 3688 (2).
1216 3591 1419 3666 cardinalis
1439 3591 1484 3662 de
1500 3589 1678 3670 Alibretto,
1745 3555 1746 3595 ¹

362 3720 501 3788 attenta
514 3715 722 3787 infirmitate
743 3719 851 3810 Pape,
869 3714 936 3798 luit
951 3715 1139 3788 ordinatus
1155 3715 1191 3786 in
1208 3713 1426 3788 cancellaria
1443 3721 1481 3786 ut
1492 3711 1680 3785 subscribe·

360 3838 584 3910 renturbulle
598 3838 1153 3934 quorumcumque,quedeinde,
1170 3839 1228 3911 die
1244 3839 1382 3926 martis,
1397 3837 1543 3910 luerunt
1561 3835 1678 3908 bullata

284 4036 286 4040 .
360 3960 438 4032 sine
455 3965 552 4032 tarta
566 3969 602 4034 et
620 3961 696 4034 sine
712 3963 849 4036 visione
871 3962 906 4033 in
937 3963 1165 4053 cancellaria,
1184 3967 1220 4035 et
1241 3972 1388 4034 mortuo
1409 3965 1519 4056 Papa,
1547 3961 1677 4032 luerunt

360 4087 545 4184 reportate
573 4085 618 4157 ad
643 4086 900 4159 cancellariam
924 4092 960 4158 et
976 4085 1111 4160 ibidem
1140 4093 1272 4170 tanate,
1298 4094 1333 4158 et
1363 4085 1433 4158 alia
1453 4084 1575 4157 omnia
1598 4081 1678 4154 lacta
1744 4099 1745 4190 ζ

359 4229 428 4302 que
445 4207 532 4280 alias
549 4209 626 4281 lieri
640 4210 758 4284 solent
771 4221 965 4306 antequam
983 4211 1228 4306 plumbentur.
1744 4191 1745 4207 ¹

404 4331 468 4404 Die
497 4333 650 4422 sabbati,
681 4339 723 4405 ll
756 4334 930 4420 octobrio,
959 4335 1224 4430 proclamatum
1252 4334 1357 4406 luita
1382 4333 1495 4405 tribus
1526 4327 1677 4406 tubicinis

358 4454 600 4528 clamantibus
630 4457 800 4530 mandato
834 4460 931 4554 regis
956 4467 991 4532 et
1008 4461 1131 4555 regine
1162 4459 1430 4554 Hispaniarum,
1453 4457 1489 4528 in
1514 4457 1674 4551 plateas.

359 4579 472 4669 Petri,
498 4587 581 4653 ante
600 4581 749 4652 domum
774 4581 877 4654 ducis
908 4583 1105 4669 Valentini,
1125 4589 1209 4656 ante
1225 4588 1382 4654 castrum
1403 4605 1430 4651 s.
1450 4579 1589 4675 Angeli,
1609 4583 1677 4650 ante
1743 4669 1744 4682 ,

396 4787 422 4841 l.
492 4783 649 4858 pessimam,
666 4803 734 4842 mss.
753 4787 850 4844 12552.
1743 4779 1744 4817 l

393 4871 420 4925 2.
441 4868 514 4925 Tella
530 4877 572 4927 est
595 4871 621 4927 la
644 4870 719 4940 lagon
745 4872 783 4927 du
805 4873 1047 4944 ωεε,12552,ᾳυί
1071 4877 1159 4946 paratt
1180 4873 1278 4928 strela
1297 4873 1357 4945 plus
1377 4881 1511 4930 correcte.
1533 4875 1583 4929 Les
1598 4877 1675 4927 autres

360 4973 429 5013 mss.
449 4957 572 5015 donnent
589 4976 595 5015 :
613 4959 688 5015 «die
709 4959 825 5026 veneris,
846 4961 875 5015 13
891 4961 1020 5030 octobris,
1041 4961 1111 5016 circu
1131 4962 1224 5017 horum
1248 4959 1411 5033 vigesimam
1426 4979 1520 5032 unam,
1537 4979 1596 5017 cum
1616 4959 1676 5027 Papa

359 5045 466 5100 audiret
482 5046 645 5104 cardinalem
669 5047 872 5104 Bononiensem
896 5048 943 5121 qui
965 5049 1072 5106 circiter
1095 5057 1152 5104 tres
1174 5049 1257 5104 horas
1276 5048 1440 5104 audientiam
1468 5049 1572 5116 habuit,
1589 5049 1673 5118 Papum

362 5133 463 5191 invasit
477 5134 558 5191 labris
572 5135 670 5210 frigida
686 5155 767 5210 quam
790 5137 885 5194 babuit
903 5138 937 5192 a¹l
957 5139 1027 5194 duas
1053 5139 1134 5194 boras
1159 5137 1199 5193 vel
1216 5139 1296 5206 circa,
1313 5145 1340 5194 et
1360 5155 1488 5210 magnum
1508 5137 1639 5194 vomitum.
1653 5137 1674 5183 rt

364 5223 522 5294 strpervmit
537 5225 609 5280 calor
623 5226 667 5297 qui
684 5225 793 5282 duravit
809 5244 895 5299 usque
911 5227 944 5281 ad
960 5227 1056 5286 sunus.
1073 5249 1086 5276 u
