3520 6036
118 599 198 664 [tuin
212 602 283 664 1505]
456 601 584 659 Renum
609 601 839 658 URBANARUM
862 599 1127 658 commetamur.
1406 601 1456 656 391

117 758 156 826 et
192 751 429 850 Aragoniam,
472 757 667 851 antequam
708 758 870 827 sumeret
910 751 1011 826 illem
1056 751 1341 828 confectionem.
1376 757 1458 852 lpsa

117 884 288 974 recepta,
307 881 410 952 tanta
430 877 500 952 luit
520 879 598 977 ejus
621 879 789 953 molestia
810 878 906 974 quod
930 901 1002 951 non
1028 879 1145 975 potuit
1166 879 1345 976 perlicere
1368 902 1456 953 con·

117 1000 396 1092 sessionem;et
411 1003 583 1076 mercurii
610 1003 647 1076 in
679 1025 798 1093 mane,
828 1002 952 1076 audita
978 1002 1102 1091 missa,
1139 1005 1279 1102 accepit
1311 1026 1456 1079 sacram

117 1126 421 1200 communionem
438 1127 499 1226 (l).

168 1250 281 1342 loris,
314 1256 360 1324 29
385 1253 484 1342 maii,
513 1255 611 1349 Papa
645 1252 828 1326 commisit
860 1273 926 1350 ρει
961 1255 1154 1350 regentem
1184 1275 1332 1326 camere
1359 1253 1455 1349 quod

116 1375 311 1472 expediret
321 1377 437 1451 bullas
447 1379 528 1452 loco
540 1377 831 1452 vicecancellarii
845 1382 880 1451 et
895 1400 955 1452 eas
969 1377 1131 1475 signaret
1145 1377 1260 1475 aquia
1272 1377 1450 1453 Andreae.

166 1499 342 1591 Veneris,
359 1505 405 1575 30
420 1501 521 1592 maii,
539 1502 606 1575 luit
621 1501 882 1577 consistorium
898 1506 1095 1592 secretum,
1115 1501 1152 1574 in
1169 1525 1241 1598 quo
1260 1506 1359 1600 Papa
1373 1523 1456 1599 pro-

116 1625 211 1698 vidit
236 1626 403 1700 ecclesiis
434 1649 500 1724 per
531 1626 669 1702 obitum
706 1626 851 1700 Ascanii
882 1626 1105 1716 vacantibus,
1139 1627 1200 1699 ubi
1228 1626 1381 1700 absolvit
1408 1631 1450 1700 b.

120 1752 363 1826 Franciscum
401 1753 614 1850 episcopum
655 1751 886 1826 Melitensem
924 1757 961 1826 et
997 1752 1149 1848 prefecit
1180 1774 1264 1825 eum
1301 1749 1454 1826 ecclesie

122 1877 312 1974 Papiensi;
334 1877 549 1952 cardinalis.
570 1877 667 1951 Petri
683 1876 1155 1952 commendavitecclesiam
1172 1878 1455 1951 Cremonensem

115 2005 154 2074 et
179 2002 446 2076 monasterium
477 2002 701 2092 clarevallim
727 2001 905 2075 cardinali
936 2026 965 2076 s.
997 2001 1160 2076 Severini
1189 2001 1457 2076 commendavit

116 2125 316 2200 ecclesiam
344 2128 620 2216 Novaniensem3
657 2126 882 2202 cardinalem
915 2127 1151 2200 cusentinum
1176 2125 1264 2200 lecit
1291 2125 1455 2226 legatum

115 2251 330 2348 patrimonii
353 2259 390 2326 et
416 2251 684 2330 commendavit
702 2251 735 2326 ei
761 2251 1031 2349 preceptoriam
1051 2254 1290 2325 Parmensem
1315 2251 1454 2324 ordinis

116 2398 145 2449 s.
168 2377 376 2472 Augustini,
391 2402 458 2476 per
474 2377 678 2452 cessionem
697 2375 893 2451 cardinalis
907 2399 937 2449 s.
958 2373 1133 2450 Severini.
1152 2375 1238 2449 Heri
1251 2397 1339 2448 vero
1355 2374 1455 2449 dedit

116 2501 270 2574 domum
300 2502 521 2576 cancellarie
543 2502 720 2576 cardinali
747 2525 777 2575 s.
809 2501 906 2576 Petri
931 2501 978 2575 ad
997 2499 1153 2576 Vincula
1173 2507 1208 2572 et
1227 2499 1403 2597 palatium
1420 2525 1451 2574 s.

117 2628 236 2702 Marci
252 2628 427 2702 cardinali
440 2629 626 2702 Grimeno.

168 2745 374 2842 [lominica
406 2759 419 2825 l
443 2752 550 2850 junii,
579 2775 646 2849 per
671 2755 817 2850 portam
841 2747 1030 2823 Turrionis
1064 2748 1290 2823 intraverunt
1316 2748 1453 2822 Urbem

115 2880 191 2950 tres
207 2883 376 2950 oratores
395 2877 615 2974 Portugallie
630 2899 696 2974 pro
719 2875 929 2951 obedientia
948 2873 1146 2972 prestanda
1170 2871 1366 2972 (secundus
1386 2872 1453 2946 luit

152 3046 178 3102 1.
200 3068 214 3096 «
233 3045 284 3101 Die
298 3045 393 3102 martis
408 3045 566 3119 [mercurii],
586 3048 622 3102 28
640 3045 713 3115 maii,
735 3049 859 3101 mortuus
882 3049 925 3101 est
943 3061 977 3099 ex
991 3048 1068 3117 peste
1082 3041 1237 3116 inguinaria
1249 3039 1451 3099 illustrissimus

113 3135 149 3192 D.
164 3132 302 3190 Ascanius
317 3133 461 3190 cardinalis
474 3133 585 3198 Stortia‚
602 3131 848 3202 vicecancellarius,
864 3149 913 3207 pro
923 3131 1002 3207 cujus
1016 3131 1109 3188 lunare
1119 3128 1188 3188 nulli
1202 3129 1354 3188 cardinales
1370 3129 1453 3188 adve-

115 3229 231 3293 nerunt;
248 3229 276 3280 et
289 3222 388 3280 sienos
404 3222 486 3280 etiam
500 3241 554 3280 non
571 3223 709 3294 siluimus,
724 3222 790 3296 quia
807 3239 841 3278 ex
860 3229 936 3296 peste
952 3219 1077 3295 sepultus
1093 3220 1144 3277 luit
1158 3220 1187 3276 in
1201 3219 1350 3278 ecclesias.
1366 3219 1452 3278 Maris

114 3314 149 3370 de
160 3311 276 3388 Populo,
293 3310 364 3367 eirca
378 3311 494 3385 primam
507 3310 596 3368 noctis
611 3313 717 3381 horam,
733 3328 813 3383 quem
827 3309 870 3366 sui
885 3310 1034 3367 attinentes
1049 3319 1077 3368 et
1090 3309 1235 3367 familiares
1248 3328 1332 3384 supra
1341 3312 1452 3368 modum

114 3407 195 3460 mesti
211 3419 274 3459 cum
295 3400 362 3458 lietu
383 3419 414 3457 ac
429 3401 534 3458 ululatu
553 3400 693 3476 prosecuti
715 3407 780 3457 sunt
801 3399 906 3474 absque
926 3399 1023 3457 timore
1041 3399 1138 3474 pestis,
1158 3405 1189 3456 ut
1209 3417 1272 3456 cum
1291 3400 1320 3455 in
1335 3400 1451 3458 eeclesia

114 3493 255 3568 repositus
269 3491 319 3548 luit
335 3489 373 3547 ita
382 3491 443 3565 ejus
456 3509 568 3548 manum
584 3490 734 3564 faciemque
755 3490 814 3546 sine
829 3489 984 3546 dillerentia
998 3495 1026 3547 et
1039 3488 1196 3546 discrimino
1212 3487 1318 3546 timoris
1333 3489 1451 3547 osculati

115 3589 181 3640 sunt
200 3583 349 3656 genuflexi,
369 3588 401 3638 ut
418 3580 553 3638 virentem
574 3585 776 3638 consueverunt
795 3577 940 3649 officialem
959 3577 1025 3634 illud
1046 3584 1072 3636 et
1092 3595 1176 3652 supra
1194 3595 1301 3634 omnem
1320 3577 1452 3653 pietatem

114 3673 206 3728 risum
218 3671 269 3728 luit
283 3677 314 3727 ut
327 3689 389 3728 cum
403 3669 554 3728 deferretur
568 3671 603 3728 ad
618 3669 772 3739 ecelesiam,
787 3685 951 3744 quacunque
960 3667 1204 3742 pertransiebatur,
1221 3684 1315 3724 omnes
1331 3673 1387 3724 tam
1401 3667 1451 3724 viri

115 3767 142 3820 et
164 3761 307 3826 mulieres,
326 3760 455 3818 mulieres
475 3777 557 3835 quam
581 3759 659 3836 pueri
679 3767 706 3818 et
729 3761 926 3834 cujuscumque
944 3757 1109 3814 conditionis
1134 3757 1267 3826 homines,
1291 3774 1306 3814 ε
1324 3756 1451 3814 domibus

115 3850 303 3909 tumultuatim
326 3850 423 3908 nentes
445 3857 472 3907 et
496 3858 649 3925 gementes,
674 3868 737 3906 cum
756 3849 877 3907 candelis
900 3849 1022 3918 exibant,
1040 3865 1102 3904 eum
1125 3847 1288 3905 comitantes
1307 3864 1396 3920 usque
1417 3847 1452 3904 ad

115 3939 260 3998 ecclesiam
275 3947 407 4015 tanquam
421 3939 450 3996 in
465 3945 578 4013 paterno
593 3939 702 4010 funere;
719 3947 747 3998 et
764 3940 839 4014 quod
857 3937 1059 4014 pientissimum
1078 3937 1138 4007 luit,
1154 3935 1236 3994 etiam
1251 3935 1335 4010 aliqui
1350 3935 1451 4010 quibus

113 4029 245 4088 funeralie
259 4035 309 4087 aut
324 4029 399 4087 faces
414 4046 475 4086 cere
489 4046 544 4086 non
560 4035 647 4101 erant,
667 4047 727 4086 oum
747 4029 854 4086 lacibus
873 4027 982 4104 ligneis,
995 4033 1023 4084 et
1036 4027 1120 4102 aliqui
1135 4043 1196 4084 cum
1211 4025 1329 4084 lucernis
1344 4025 1452 4082 oleariis

114 4120 270 4194 prodibant,
288 4119 328 4176 ita
342 4119 488 4180 clamorem
507 4119 619 4176 contuse
640 4118 796 4176 attollentes
812 4125 842 4176 ut
860 4119 943 4176 etiam
957 4117 1127 4174 inimicorum
1146 4116 1252 4174 animos
1269 4116 1297 4172 in
1316 4115 1452 4190 lacrymas

115 4216 321 4267 converterent.
340 4208 420 4266 Certe
432 4209 484 4265 hoc
499 4227 606 4266 summe
624 4208 807 4280 benivolentia
825 4208 1013 4266 testimonium
1033 4195 1065 4264 ac
1082 4205 1247 4263 universalis
1263 4205 1365 4262 amoris
1380 4204 1450 4260 indi·

115 4299 185 4356 cium
203 4297 304 4368 extitit,
325 4305 357 4356 ut
376 4298 461 4356 altera
480 4299 524 4355 die
549 4317 583 4355 ex
606 4298 732 4373 pluribus
753 4298 910 4356 monialium
931 4297 999 4354 locis
1026 4315 1057 4353 ac
1076 4293 1252 4354 monasteriis
1271 4293 1372 4368 quibus
1392 4292 1451 4366 ipse

115 4389 303 4464 eleemosynas
327 4389 468 4462 erogabat,
492 4395 575 4463 atque
597 4405 630 4446 eo
657 4388 748 4464 magis
778 4395 872 4464 gratas
896 4387 1006 4462 quando
1031 4403 1127 4442 sumus
1152 4385 1180 4440 in
1203 4390 1324 4440 extrema
1342 4398 1451 4438 annone

115 4478 239 4554 penuria,
252 4495 316 4535 nam
331 4478 445 4536 rubrum
458 4477 540 4554 grani
554 4477 626 4536 valet
641 4497 679 4536 xu
694 4481 821 4545 ducatos,
836 4476 930 4535 hordei
944 4495 982 4547 rr,
999 4476 1086 4551 spelta
1102 4491 1152 4545 rur,
1167 4479 1231 4542 ece,
1245 4487 1342 4528 ornnes
1355 4487 1370 4525 a
1384 4468 1451 4530 locis

116 4585 207 4626 eorum
221 4574 416 4626 concurrentes
432 4569 467 4626 ad
482 4569 637 4643 sepulcrum
656 4575 800 4638 venerunt,
818 4574 901 4642 atque
921 4567 960 4626 ita
974 4583 1036 4622 eum
1051 4564 1202 4623 extinctum
1216 4558 1356 4618 lamentati
1373 4565 1449 4629 eunt,

115 4667 145 4718 ut
155 4659 260 4717 alienos
275 4658 382 4716 animos
395 4665 451 4716 tam
461 4659 489 4716 iu
499 4657 544 4716 ria
556 4661 646 4716 eundo
658 4659 776 4734 quamin
790 4657 905 4715 ecelesia
915 4655 1025 4724 stando,
1038 4655 1073 4711 ad
1088 4651 1301 4710 humanissimas
1315 4646 1450 4721 lacrymas

117 4749 305 4824 compulerint,
321 4754 352 4806 ut
367 4748 407 4805 sic
420 4765 450 4806 se
465 4749 609 4807 habuisset
622 4749 675 4806 sub
697 4747 856 4806 Innocentio
876 4763 908 4803 ac
927 4745 956 4802 in
975 4743 1110 4819 principio
1128 4739 1279 4800 Alexandri
1294 4738 1348 4796 iste
1362 4738 1451 4794 cardi·

116 4839 197 4911 nelis,
215 4839 288 4896 sicut
301 4856 377 4896 nunc
395 4856 425 4896 se
445 4839 532 4914 gessit
551 4857 618 4913 erga
637 4838 728 4896 omnis
751 4835 895 4912 probitatis
915 4835 1077 4890 documenta
1096 4838 1124 4889 et
1138 4830 1372 4904 eleemosynarum
1390 4845 1452 4902 pre-

118 4929 194 4996 cipue
211 4929 388 5003 erogationes
402 4935 567 5003 propterque
581 4946 672 5002 opera.
686 4928 755 4984 Nam
769 4925 887 5000 populus
901 4924 1002 4980 clerum
1017 4921 1095 4996 quasi
1110 4920 1243 4993 injustum
1258 4922 1370 4975 accuset
1379 4917 1454 4990 quod

118 5019 186 5076 mori
200 5035 263 5075 eum
277 5025 334 5076 tam
357 5017 510 5075 beneficum
530 5017 644 5076 voluerit
658 5035 665 5074 ι
683 5017 731 5074 sed
745 5015 830 5089 aliqui
851 5031 913 5072 eum
932 5018 1097 5070 venenatum
1115 5009 1209 5068 dicunt
1223 5014 1250 5066 et
1264 5006 1450 5083 potionatum;

120 5109 193 5164 Deus
208 5107 270 5164 scit.
288 5129 302 5159 u
320 5110 352 5166 P.
368 5109 403 5165 de
417 5107 539 5172 tiresus,
554 5107 608 5165 citt
619 5125 669 5182 par
682 5107 715 5163 de
730 5105 901 5180 Brequigny.
915 5105 978 5162 Not.
992 5110 1018 5159 et
1030 5107 1085 5158 eet.
1097 5102 1145 5157 des
1157 5115 1235 5169 msa,
1250 5105 1274 5157 t.
1293 5096 1327 5164 ll,
1342 5114 1370 5171 p.
1385 5095 1449 5154 aar.

120 5218 135 5250 a
150 5196 184 5252 Di
199 5197 226 5254 la
239 5205 327 5254 morte
338 5197 376 5254 dil
387 5196 506 5254 cardinal
516 5197 632 5257 Ascanio
642 5196 704 5274 quel
714 5213 805 5264 sorno,
817 5194 861 5253 ehi
871 5194 930 5252 dice
941 5194 976 5251 da
986 5199 1074 5269 peste,
1085 5190 1130 5247 chi
1141 5187 1186 5246 dal
1199 5187 1418 5245 maltranzoso...
1434 5207 1449 5238 n

122 5287 237 5356 Sanuto,
253 5284 404 5353 t.v1,col.
421 5287 482 5343 176.
