3506 6034
337 545 391 602 29ss
795 543 971 602 ronannrs
995 543 1217 617 suasuram,
1422 545 1587 608 [novembre
1602 549 1666 611 ¹⁵0³]
1733 523 1734 532 ἶ

339 697 500 796 singulos
515 697 607 770 alios
625 720 708 772 curn
727 696 858 770 libellis
873 699 1164 794 juramentorum
1180 707 1217 772 et
1231 705 1433 797 posuerunt
1448 723 1581 776 omnes
1597 726 1662 776 ma·
1734 795 1735 800 Ἰ

340 845 407 895 nus
422 845 531 918 super
551 821 646 894 libro
659 822 838 918 jurantes.
863 825 954 894 ltem
972 823 1141 920 subjunxi
1162 823 1260 920 quod
1283 825 1520 921 requirerent
1539 849 1605 898 nos
1623 832 1660 900 n.

340 946 539 1020 Adrianum
556 944 792 1043 deCaprinis,
806 946 1060 1043 Raymundum
1078 947 1122 1020 de
1141 948 1377 1047 RaymundiS,
1395 950 1566 1022 Garziam
1584 953 1662 1023 Fer·

340 1071 450 1145 nandi
471 1077 505 1142 el
531 1094 589 1142 me
617 1072 780 1144 notarios
800 1071 965 1168 publicos
995 1077 1035 1146 ut
1061 1073 1194 1170 singuli
1218 1074 1342 1147 nami.
1369 1079 1445 1148 llll.
1468 1075 1663 1150 cardinales

376 1299 390 1325 ιι
410 1272 533 1348 Rnpbael
543 1273 584 1330 tit.
596 1275 625 1331 S.
634 1272 743 1347 Georgii
758 1273 793 1329 ad
803 1273 1035 1330 Velm-Aureum
1049 1274 1182 1332 diaconus
1196 1276 1392 1347 cardinalis,S.
1404 1277 1439 1334 R.
1448 1275 1659 1336 Scamerarius.
1736 1291 1737 1328 i

262 1369 265 1376 “
376 1387 392 1416 ιι
411 1365 531 1420 ioannes
546 1362 588 1418 tit.
603 1363 632 1420 S.
650 1361 743 1418 llariae
756 1361 783 1417 in
798 1361 900 1436 Aquiro
914 1363 1046 1420 diaconus
1061 1365 1205 1422 cardinalis
1220 1367 1254 1422 de
1269 1366 1410 1424 Columna.

380 1451 546 1510 «Ascanius
573 1451 659 1508 Maria
684 1450 785 1509 Slortia
800 1451 958 1522 vicecomes,
975 1452 1005 1509 S.
1027 1451 1083 1508 Viti
1101 1452 1129 1508 in
1152 1453 1266 1512 Macella
1283 1457 1436 1531 Martyrum
1461 1456 1595 1513 diaconus
1617 1473 1663 1512 car·
1737 1482 1738 1558 q

341 1543 451 1613 (linaiis,
468 1543 498 1600 S.
516 1541 549 1600 a.
564 1542 594 1600 E.
611 1541 862 1602 vicecancellarius.
1737 1559 1738 1596 ι

378 1658 391 1684 ιι
412 1636 532 1690 loannes
547 1633 577 1689 S.
594 1632 687 1689 Mariae
699 1633 726 1688 in
742 1632 883 1689 [lominica
897 1632 1030 1689 diaconus
1043 1631 1190 1689 cardinalis
1206 1630 1240 1686 de
1255 1629 1376 1686 Medicis.

378 1749 392 1775 ιι
413 1723 559 1780 Federicus
574 1723 604 1778 S.
621 1722 755 1779 Theodori
770 1722 901 1778 diaconus
915 1720 1059 1778 cardinalis
1075 1721 1108 1777 de
1124 1721 1155 1778 S.
1172 1719 1313 1779 Severinc.

379 1835 392 1865 ιι
414 1811 577 1888 Hippolytus
592 1811 623 1868 S.
638 1809 728 1868 Luciae
743 1811 770 1866 in
786 1810 867 1867 Silice
882 1811 1013 1868 diaconus
1029 1810 1176 1867 cardinalis
1191 1811 1330 1869 Estensis.

379 1925 393 1952 ιι
412 1901 537 1958 lulianus
550 1900 581 1958 S.
597 1899 696 1973 Angeli
710 1899 843 1958 diaconas
857 1900 1005 1957 cardinalis
1020 1899 1189 1964 Caesarinus.

379 2019 392 2045 .‹
412 1993 567 2052 Alexander
581 1991 612 2048 S.
628 1990 767 2047 Eustachii
782 1988 913 2047 diaconus
928 1989 1073 2047 cardinalis
1093 1991 1249 2050 Farnesius.

380 2108 393 2134 ιι
413 2081 568 2139 Ludovicus
583 2081 612 2138 S.
628 2079 721 2136 Maria
736 2079 764 2134 in
779 2077 924 2135 cosmedin
942 2078 1074 2136 diaconus
1089 2079 1234 2136 cardinalis
1249 2080 1284 2137 de
1298 2081 1448 2155 sagonia.

379 2197 394 2228 ιι
413 2175 560 2230 Amanmus
574 2171 605 2228 S.
622 2169 725 2226 Nicolai
738 2169 766 2225 in
779 2169 894 2226 Carcere
909 2169 1034 2226 Tulliano
1049 2169 1181 2226 diaconus
1197 2169 1343 2227 cardinalis
1356 2171 1391 2227 de
1405 2170 1532 2228 albreto.

380 2287 394 2316 ιι
415 2261 570 2319 Ludovicus
583 2259 614 2320 S.
631 2259 724 2316 Maria
738 2259 764 2314 in
781 2258 831 2316 Via
845 2261 913 2318 Lata
927 2261 1058 2318 diaconus
1073 2261 1218 2318 cardinalis
1234 2261 1345 2336 Borgia.

380 2375 394 2404 ιι
415 2353 523 2410 Marcus
538 2350 568 2406 S.
584 2349 676 2406 Maria
691 2349 718 2404 in
734 2349 843 2405 Porticu
857 2349 989 2407 diaconus
1009 2349 1154 2408 cardinalis
1169 2350 1323 2408 Cornelius.

380 2465 394 2494 ιι
415 2441 578 2498 Franciscus
593 2438 624 2496 S.
642 2437 751 2494 Sabinae
766 2437 897 2495 diaconus
910 2439 1056 2496 cardinalis
1071 2439 1209 2496 Elnensis.

381 2555 395 2584 ιι
416 2530 522 2601 Quibus
537 2526 771 2586 reverendissimis
786 2527 902 2584 dominis
923 2529 1108 2586 cardinalibus
1132 2529 1303 2600 sedentibus,
1318 2547 1371 2604 ego
1389 2531 1515 2588 loannes
1540 2531 1663 2586 burchar-

345 2623 409 2688 dus,
421 2621 543 2678 decanus
558 2616 730 2680 Basiliensis,
748 2616 827 2673 dicim
843 2617 917 2674 sedis
932 2619 1135 2692 protonotarius
1149 2625 1176 2675 et
1190 2619 1323 2692 magister
1334 2621 1553 2678 ceremoniarum
1568 2619 1664 2693 capella

345 2709 514 2784 apostolice,
536 2714 632 2763 tenens
647 2705 674 2761 in
692 2705 818 2761 manibus
833 2706 901 2762 meis
918 2707 988 2764 duos
1005 2707 1222 2780 quintevniones‚
1238 2708 1295 2766 alta
1310 2715 1338 2766 et
1352 2709 1521 2784 intelligibili
1540 2726 1602 2766 voce
1615 2699 1664 2763 uixi
1741 2704 1742 2772 l

345 2801 373 2855 in
395 2801 466 2855 hanc
487 2797 650 2854 sententium
668 2813 675 2851 :
692 2794 923 2852 Reverendissimi
945 2795 1057 2865 domini,
1081 2797 1138 2852 bac
1157 2804 1222 2853 sunt
1244 2798 1364 2871 capitula
1386 2798 1500 2873 publica
1514 2805 1541 2855 et
1560 2797 1663 2872 privata,

345 2906 406 2963 quae
430 2887 510 2962 paulo
532 2893 596 2942 ante
617 2882 740 2940 ordinata
761 2883 873 2941 luerunt
895 2901 944 2958 per
967 2884 1209 2941 reverendissimas
1233 2886 1440 2944 Dominationes
1467 2895 1571 2944 vestras
1595 2901 1666 2958 super

347 2976 479 3050 regimine
493 2981 521 3032 et
534 2971 768 3030 administratione
783 2971 864 3030 luturi
880 2972 1035 3040 Pontillcis3
1048 2979 1192 3048 propterea
1208 2975 1230 3031 si
1250 2978 1339 3049 placet
1348 2977 1441 3050 jurare
1458 2977 1494 3032 de
1509 2974 1666 3033 observando
1742 3008 1743 3054 q

347 3065 542 3122 continentiam
557 3062 714 3137 hujusmodi
727 3061 917 3136 capitulorum,
936 3062 1169 3120 reverendissimae
1190 3064 1395 3122 Dominationes
1411 3072 1513 3123 vestre
1524 3067 1621 3141 jurent.
1638 3063 1666 3118 Et
1742 3059 1743 3094 ³

347 3174 396 3232 pro
410 3162 486 3230 parte
501 3153 656 3210 eorumdem
672 3151 957 3209 reverendissimorum
973 3152 1149 3208 cardinalium
1166 3170 1327 3227 responsum
1347 3153 1398 3211 luit
1412 3155 1488 3229 quod
1504 3154 1589 3229 parati
1600 3159 1667 3209 erant

345 3251 436 3322 jurare
453 3243 633 3316 volebantque
650 3249 679 3298 ut
693 3241 776 3316 aliqui
791 3241 889 3298 notarii
902 3241 1036 3297 essentde
1050 3241 1096 3298 tali
1107 3241 1264 3316 juramento
1279 3243 1378 3317 rogati,
1394 3251 1422 3300 et
1434 3243 1566 3301 nominati
1577 3243 1666 3298 luimus

348 3346 375 3398 et
397 3335 486 3408 rogati
509 3352 525 3391 a
548 3331 659 3408 prelatis
685 3330 923 3388 reverendissimis
947 3329 1065 3387 dominis
1088 3331 1282 3404 cardinalibus,
1307 3333 1480 3390 venerabiles
1503 3331 1667 3390 vindonici

349 3426 502 3486 Hadrianus
526 3423 560 3480 de
575 3420 699 3496 Caprinis
725 3419 912 3490 viterbiensis,
929 3419 1040 3477 Garsias
1063 3419 1198 3476 Fernandi
1221 3422 1254 3477 de
1274 3420 1415 3479 Bobadilla
1436 3421 1666 3480 Salamanticensis

348 3515 486 3584 dioecesis,
508 3520 537 3571 et
551 3511 731 3586 Raymundus
751 3511 785 3565 de
799 3507 971 3584 Raymundis
994 3507 1188 3566 Cremonensis
1201 3509 1327 3566 dioecesis
1351 3510 1451 3581 clerici,
1468 3519 1496 3568 et
1515 3527 1577 3585 ego,
1592 3518 1619 3565 ut
1638 3509 1667 3563 de

299 3590 303 3600 ’
349 3608 422 3664 dicto
433 3607 588 3679 juramento
603 3618 686 3656 unum
701 3598 743 3655 vel
761 3597 840 3672 plura
854 3597 1015 3654 conficerem
1035 3604 1062 3654 et
1077 3598 1190 3671 quilibet
1210 3607 1335 3656 nostrum
1349 3599 1498 3658 conficeret
1513 3601 1666 3658 instrumen-

349 3705 406 3754 tum
420 3703 448 3751 et
461 3693 649 3750 instrumenta.
675 3689 744 3744 Tum
760 3705 813 3760 ego
828 3686 921 3760 accepi
936 3686 1034 3742 librum
1052 3687 1263 3760 Evangeliorum
1282 3696 1309 3744 et
1324 3689 1457 3763 incipiens
1479 3708 1497 3746 a
1511 3688 1666 3746 reverendis-

350 3787 418 3844 simo
442 3781 551 3839 domino
573 3777 711 3837 cardinale
735 3775 925 3850 Neapolitano,
947 3776 1052 3832 decano
1072 3776 1141 3832 sacri
1166 3777 1284 3852 collegii,
1310 3785 1337 3834 et
1360 3778 1498 3852 gradatim
1522 3779 1619 3836 vadern
1639 3775 1667 3831 sd

349 3872 497 3950 quemlibet
512 3870 545 3926 de
566 3867 769 3944 prenominatis
785 3865 1019 3922 reverendissimis
1036 3865 1164 3936 dominis,
1186 3866 1273 3941 recepi
1292 3885 1309 3923 a
1332 3867 1450 3941 singulis
1472 3869 1591 3942 ipsorum
1602 3867 1669 3939 jura·

349 3971 470 4022 mentum
490 3961 523 4016 de
538 3957 679 4016 servandis
697 3955 776 4012 dictis
791 3954 916 4029 capitulis
929 3956 1010 4030 juxta
1026 3973 1119 4012 eorum
1135 3956 1329 4012 continentiam
1352 3965 1380 4013 et
1399 3965 1532 4022 tenorem,
1548 3963 1574 4014 et
1586 3971 1668 4012 omnes

350 4061 377 4110 et
398 4048 501 4124 singuli
523 4065 557 4104 ex
579 4046 697 4122 prelatis
722 4044 956 4103 reverendissimis
979 4044 1097 4102 dominis
1122 4045 1306 4102 cardinalibus
1330 4048 1508 4122 corporaliter
1535 4051 1667 4120 tangentes

352 4157 455 4198 sacram
476 4139 636 4212 scripturam
662 4135 702 4192 sic
725 4136 897 4210 juraverunt,
925 4134 1005 4191 nobis
1030 4141 1147 4208 quatuor
1172 4137 1285 4192 notariis
1309 4144 1336 4192 et
1360 4136 1480 4194 testibus
1502 4132 1668 4207 intrusoriptis

351 4229 517 4298 videntibus
533 4225 707 4284 audientibus
725 4233 752 4282 et
766 4223 997 4298 intelligentibus.
1017 4224 1076 4292 Quo
1088 4224 1243 4298 juramento
1264 4242 1313 4298 per
1328 4225 1453 4299 singulos
1468 4227 1593 4301 prelatos
1604 4237 1668 4278 reve

351 4319 529 4377 rendissimos
548 4315 672 4372 dominos
692 4313 843 4371 cardinales
863 4314 994 4388 prestito,
1016 4315 1049 4370 de
1069 4315 1196 4371 mandato
1221 4315 1376 4371 eorumdem
1396 4313 1667 4372 reverendissimorum

351 4408 522 4467 dominorum
546 4404 724 4462 cardinalium
739 4404 902 4460 recessimus
926 4403 960 4459 de
983 4402 1056 4458 dicta
1075 4403 1189 4478 capella,
1210 4411 1238 4461 et
1257 4403 1361 4460 modico
1384 4404 1536 4473 intervallo,
1561 4401 1669 4458 videlicet

352 4498 434 4555 unius
449 4499 522 4554 horre
546 4495 588 4552 vel
603 4495 682 4562 circa,
706 4493 872 4564 intermisso,
892 4491 993 4549 luimus
1018 4509 1114 4548 rursus
1133 4493 1169 4549 ad
1192 4493 1292 4549 dictam
1309 4492 1440 4568 capellam
1463 4493 1562 4562 vocati,
1577 4492 1602 4547 in
1623 4506 1669 4562 qua

352 4587 501 4664 reperimus
518 4582 772 4643 reverendissimum
787 4582 926 4640 dominura
941 4581 1090 4652 lulianum,
1104 4581 1167 4638 olim
1180 4582 1339 4656 episcopum
1351 4582 1505 4639 Ostiensem
1519 4578 1667 4639 cardinalem

354 4679 383 4736 S.
400 4676 475 4733 Petri
489 4676 524 4732 ad
550 4672 673 4740 Vincula,
689 4672 735 4746 qui
758 4671 839 4746 paulo
859 4679 922 4727 ante
937 4671 1047 4728 sederat
1069 4671 1095 4726 in
1109 4671 1203 4728 ordine
1224 4671 1401 4728 cardinalium
1422 4673 1569 4738 secundus,
1588 4668 1668 4724 sedere

353 4767 388 4824 ad
404 4781 570 4841 quamquam
594 4760 716 4820 tabulam
731 4769 861 4834 tanquam
877 4777 991 4834 papam3
1005 4760 1061 4834 jam
1087 4761 1158 4815 enim
1174 4760 1261 4816 luerat
1283 4763 1384 4818 electus
1399 4779 1472 4836 papa
1485 4760 1564 4818 nobis
1583 4757 1668 4814 abaco·

353 4855 438 4926 tibus,
455 4863 482 4913 et
503 4854 623 4928 elegerat
645 4870 693 4908 seu
709 4859 896 4926 assumpserat
910 4849 961 4905 sibi
987 4867 1085 4906 nomen
1101 4850 1190 4906 lulius
1207 4867 1279 4924 papa
1295 4851 1330 4918 ll,
1347 4851 1391 4906 cui
1404 4869 1457 4926 ego
1478 4849 1581 4925 porrexi
1594 4847 1668 4902 dictos

353 4945 424 5002 duos
440 4943 635 5019 quaterniones
657 4941 768 5016 publica
782 4949 810 4998 et
832 4940 938 5016 privata
956 4939 1076 5013 capitula
1096 4939 1278 5003 continentes,
1298 4958 1368 5014 quos
1391 4940 1523 4998 sanctitas
1538 4955 1584 4994 sua
1598 4949 1665 4992 manu

357 5034 467 5108 propria
481 5033 643 5106 subscripsit
657 5038 683 5089 et
696 5029 826 5106 signavit,
843 5037 870 5086 et
883 5029 947 5084 durn
968 5028 1027 5102 ipse
1042 5028 1170 5084 Pontilex
1184 5028 1256 5084 dicta
1271 5027 1391 5102 capitula
1404 5027 1591 5095 subscriberet,
1605 5038 1666 5079 rere

357 5122 536 5178 rendissirnus
558 5121 686 5178 dominus
712 5118 836 5196 Raphael
863 5120 891 5177 S.
918 5118 1030 5192 Georgii
1051 5117 1086 5174 ad
1109 5117 1205 5174 Volum
1228 5120 1348 5174 Aureum
1373 5118 1505 5176 diaconus
1527 5110 1663 5176 cardinalis,

361 5212 393 5268 S.
414 5211 448 5266 ll.
466 5211 494 5266 E.
513 5211 678 5266 camerarius
694 5209 823 5285 prelatus
843 5209 880 5265 ibi
895 5215 989 5266 astans
1002 5207 1054 5264 alta
1073 5213 1101 5264 et
1115 5206 1276 5280 intelligibili
1291 5223 1355 5264 voce
1370 5208 1439 5264 dixit
1456 5224 1463 5263 z
1479 5231 1492 5258 ιι
1510 5207 1540 5263 Et
1553 5221 1600 5278 ego
1612 5208 1664 5256 tan·
