3590 6042
100 601 231 666 [dairaco]
408 591 534 652 RERUM
558 591 786 652 URBANARUM
809 593 1074 654 COMMENTARII.
1379 595 1413 652 51

100 751 260 828 olentium
288 747 498 824 atmodum
527 747 589 822 illa
622 747 827 846 exponendi
852 748 1083 848 perlegales
1114 749 1169 822 vel
1200 747 1348 822 nuntios
1379 753 1416 820 et

100 876 300 952 collectores
312 872 512 971 predictos,
530 873 598 946 sub
610 872 889 964 conditionibus,
907 872 1026 948 modis
1047 879 1084 946 et
1099 871 1223 946 formis
1242 873 1291 948 ita
1311 896 1416 946 cura-

101 1001 184 1076 bitur
199 1007 233 1073 ut
249 1021 376 1073 omnes
389 1001 428 1073 et
443 997 551 1094 plane
568 997 770 1093 intelligere
786 1003 823 1073 et
838 1003 922 1095 apte
937 996 1058 1072 videre
1075 997 1227 1095 possint,
1242 997 1417 1096 pecunias

102 1123 293 1224 hujusmodi
309 1123 450 1221 integre
466 1122 503 1196 in
518 1123 615 1197 hanc
631 1123 827 1197 salutarem
843 1121 1113 1220 expeditionem
1132 1128 1169 1198 et
1183 1145 1255 1196 non
1274 1123 1310 1196 in
1326 1123 1417 1197 alios

104 1275 178 1325 usus
192 1248 344 1348 erogari.
362 1247 595 1345 Requirimus
611 1248 761 1346 insuper
784 1251 820 1322 et
837 1270 1029 1322 monemus
1050 1271 1177 1323 omnes
1198 1254 1235 1322 e't
1256 1248 1418 1348 singulos

104 1375 247 1474 prelatos
270 1373 470 1472 predictos
496 1397 696 1470 eorumque
716 1373 871 1448 vicarios
898 1377 935 1448 et
959 1373 1146 1464 officiales,
1167 1397 1210 1447 ac
1233 1373 1270 1446 in
1286 1373 1419 1448 virtute

105 1503 213 1572 sancte
230 1497 450 1588 obedientie,
471 1502 508 1572 et
528 1499 595 1572 sub
614 1497 997 1574 excommunicationis
1018 1522 1125 1597 pana,
1150 1496 1238 1595 ipsis
1256 1498 1418 1574 districte

105 1624 325 1723 precipiendo
358 1624 574 1698 mandamus
613 1628 793 1720 quatenus
824 1623 975 1720 quilibet
1008 1647 1137 1698 eorum
1173 1623 1210 1698 in
1241 1624 1417 1715 solidum,

106 1749 361 1848 quamprimum
373 1755 566 1846 presentes
577 1753 702 1824 nostre
713 1749 911 1824 littereseu
928 1773 1056 1824 earum
1068 1753 1419 1848 transumptamanu

106 1875 242 1972 alicujus
264 1875 400 1949 notarii
427 1875 563 1972 publici
589 1879 626 1949 et
653 1873 773 1974 sigillo
801 1873 955 1974 alicujus
981 1898 1108 1950 eorum
1134 1879 1197 1950 aut
1213 1875 1420 1974 legatorum

107 2001 166 2074 sire
185 2000 408 2090 nuntiorum,
436 2005 472 2074 et
498 2000 740 2076 collectorum
768 2001 1024 2098 predictorum
1048 2001 1188 2076 munita
1211 2006 1420 2101 presentata

107 2147 159 2196 seu
174 2131 384 2222 presentata
405 2125 555 2218 suerint,
583 2125 681 2224 ipsas
706 2127 850 2202 litteras
874 2150 917 2202 ac
941 2127 1065 2201 omnia
1087 2133 1124 2202 et
1151 2127 1294 2228 singula
1314 2128 1352 2202 in
1370 2127 1422 2202 eis

107 2254 260 2325 contenta
273 2252 313 2326 in
323 2252 401 2326 suis
418 2250 552 2326 ocellis
568 2250 731 2325 ecclesiis
743 2250 814 2326 sire
830 2251 920 2326 loeis
931 2251 1219 2349 provinciarum,
1236 2253 1422 2328 civitatum

107 2373 314 2474 diecesisque
335 2357 526 2451 dominicis
544 2381 581 2450 et
598 2375 734 2451 festivis
749 2377 891 2466 diebus,
909 2377 1055 2474 quando
1074 2382 1111 2452 et
1127 2379 1268 2475 quoties
1285 2402 1422 2477 oppor-

108 2504 216 2574 tunum
240 2501 367 2592 luerit,
397 2501 610 2577 solemniter
637 2501 823 2600 publicent
849 2506 886 2576 et
912 2507 1094 2601 exponant
1118 2508 1155 2577 et
1181 2527 1247 2602 per
1262 2527 1354 2600 quos
1375 2504 1422 2578 ad

107 2622 165 2698 boc
187 2626 457 2724 deputaverint,
486 2626 667 2726 publicari
693 2631 729 2701 et
760 2627 892 2726 exponi
924 2627 1072 2718 iaciant,
1100 2633 1137 2702 et
1162 2632 1202 2703 ut
1228 2627 1359 2703 melius
1386 2633 1423 2702 et

108 2746 223 2823 clarius
249 2749 480 2851 intelligatur
506 2753 552 2826 ab
581 2752 749 2827 omnibus
781 2751 903 2850 (etiam
931 2752 961 2826 si
986 2775 1077 2851 opus
1105 2752 1225 2852 luerit)
1252 2775 1422 2828 sermone

107 2871 239 2970 uulgari,
259 2877 584 2951 nonobstantibus
602 2877 923 2953 constitutionibus
941 2882 978 2952 et
995 2877 1185 2952 ordinibus
1196 2877 1418 2976 apostolicis,

109 3001 137 3070 et
155 2999 401 3092 ecclesiarum,
426 3001 748 3090 monasteriorum,
774 3002 1015 3100 prioratuum,
1045 3003 1272 3094 militiarum,
1296 3003 1421 3102 hospi-

108 3121 227 3213 talium,
251 3125 422 3200 ordinum
437 3131 474 3201 et
492 3126 699 3202 ciliciorum
718 3127 971 3224 predictorum
986 3129 1209 3227 juramento,
1230 3129 1422 3204 confirma-

108 3243 189 3320 tione
218 3249 422 3348 apostolica
453 3251 510 3326 vel
549 3251 673 3350 quavis
701 3249 878 3326 firmitate
902 3251 974 3328 alia
999 3253 1184 3328 roboratis
1211 3254 1353 3329 statutis
1379 3275 1422 3328 ac

110 3375 428 3468 consuetudinibus,
464 3375 731 3466 stabilimentiS,
766 3376 889 3450 usibus
917 3401 960 3451 ac
987 3377 1184 3478 privilegiis
1211 3383 1248 3453 et
1273 3378 1422 3452 indultis

110 3499 298 3591 apostolicis
319 3499 371 3576 eis
387 3502 514 3576 forsan
529 3503 596 3576 sub
613 3501 901 3600 quibuscumque
912 3501 1109 3580 verborum
1125 3503 1253 3576 formis
1271 3507 1308 3576 et
1325 3503 1423 3576 olau-

110 3621 183 3694 sulis
197 3624 304 3700 etiam
323 3626 645 3724 derogatoriarum
659 3626 1140 3726 derogatoriislortioribus,
1154 3625 1422 3704 efficacioribus

110 3748 140 3816 ct
155 3745 299 3824 insolitis
317 3750 515 3843 concessis,
543 3751 673 3848 quihus
688 3751 799 3826 etiam
821 3753 851 3826 si
870 3751 915 3826 de
933 3751 984 3826 eis
1001 3774 1201 3851 eorumque
1218 3751 1303 3828 totis
1321 3756 1422 3827 teno-

111 3868 197 3944 ribus
230 3895 298 3970 pro
334 3872 482 3948 illorum
515 3873 711 3949 sufficienti
746 3875 984 3974 derogatione
1019 3875 1199 3974 specialis,
1234 3873 1417 3972 specifica,

111 4011 277 4088 expressa,
302 4019 368 4069 seu
389 3996 514 4093 queris
532 3996 604 4071 alia
620 3997 808 4096 expressio
825 3997 995 4071 babendo
1011 3997 1119 4088 soret,
1136 3997 1219 4071 etin
1234 3997 1304 4071 illis
1322 4021 1422 4072 cave-

110 4119 198 4190 retur
224 4143 411 4219 expresse,
441 4122 538 4219 quod
566 4121 638 4196 illis
660 4145 846 4220 nunquam
872 4125 1065 4196 censeatur
1092 4123 1324 4222 derogatum,
1353 4145 1422 4197 nec

111 4231 258 4342 derogari
274 4249 413 4344 posset,
434 4246 504 4320 nisi
524 4247 591 4321 sub
610 4248 721 4324 certis
741 4246 830 4321 inibi
848 4246 1030 4343 expressis
1049 4246 1158 4321 modo
1176 4251 1213 4321 et
1229 4247 1360 4338 forma,
1378 4271 1421 4322 ac

111 4366 286 4446 ruborum
306 4371 556 4470 expressione,
585 4374 641 4448 vel
668 4373 769 4448 nullo
796 4371 906 4446 modo
928 4377 1076 4447 tenores
1102 4395 1229 4448 eorum
1257 4371 1421 4447 aeside

112 4489 205 4567 serbo
215 4495 259 4570 ad
273 4497 429 4572 verbum
440 4497 704 4592 insererentur,
718 4497 950 4598 presentibus
961 4521 1029 4598 pro
1044 4497 1266 4573 sufficienter
1277 4519 1423 4596 expres·

112 4611 151 4686 sis
167 4622 199 4692 et
215 4619 364 4696 insertis
381 4625 578 4715 habentes,
598 4625 670 4699 illis
681 4624 771 4699 elias
788 4624 824 4699 in
843 4649 908 4699 suo
920 4624 1055 4700 robore
1073 4623 1331 4723 permansuris.
1346 4625 1422 4697 Hac

111 4745 188 4840 rice,
202 4753 388 4844 duntaxat,
409 4752 617 4851 specialiter
634 4757 671 4826 et
688 4774 859 4849 expresse
876 4775 920 4824 ex
937 4748 1115 4824 similibus
1132 4749 1295 4840 consilio,
1309 4747 1423 4822 scien-

113 4872 155 4947 tio
169 4881 203 4949 et
218 4879 429 4954 auctoritate
454 4877 602 4952 omnino
627 4877 847 4976 derogamus
869 4880 905 4949 et
922 4876 1137 4974 derogatum
1161 4873 1422 4948 essevolumus

113 5003 289 5078 contrariis
303 5005 594 5103 quibuscumque
621 5006 683 5077 aut
709 5003 738 5075 si
766 5001 916 5086 eisdem¹
934 4999 1193 5090 cardinalibus
1222 4997 1423 5096 archiepis-

113 5126 210 5222 copis,
230 5129 368 5221 electis,
392 5127 819 5218 archiministratoribuS,
843 5125 1046 5216 abbatibus,
1070 5122 1274 5216 abbatissis,
1296 5124 1424 5222 priori=

112 5244 167 5322 bus
188 5255 223 5326 et
244 5253 439 5352 priorissis,
458 5252 664 5353 prepositis,
690 5251 887 5352 magistris,
915 5247 1135 5344 castellanis,
1155 5249 1299 5350 bajulis,
1326 5241 1446 5326 ordi-·
