3554 6042
876 661 877 664 ,
893 616 1105 674 APPENDICE.

657 771 694 819 Ne
709 783 756 833 per
770 769 910 834 iiomnpnn
925 770 951 820 ia
966 771 1028 820 ciiia
1040 785 1056 820 o
1069 771 1128 822 laco

657 839 701 890 chi
714 855 769 891 nan
785 842 927 906 apogliasai
940 845 966 892 at
978 843 1021 892 chi
1033 856 1088 892 non
1103 842 1257 906 offendam,

658 926 706 978 per
719 916 820 977 quanio
834 917 897 978 pate
913 913 936 964 cl
951 914 1005 964 mio
1021 913 1094 964 iurcr
1109 929 1164 966 non
1181 929 1249 980 poco

660 1011 694 1060 Le
708 1011 770 1062 viiie
784 1013 850 1062 iorni
865 1015 892 1062 ei
907 1013 930 1062 ie
945 1013 1035 1064 ciiiaie
1050 1016 1188 1080 oppressi3

659 1086 687 1132 ei
700 1097 749 1148 per
763 1083 872 1135 arbitrio
888 1083 914 1134 di
930 1087 985 1135 mia
999 1085 1155 1146 valeniam,

659 1152 683 1204 le
697 1154 789 1205 madre
803 1156 899 1206 exiinsi
913 1161 941 1206 et
954 1155 978 1207 le
991 1157 1063 1222 figiia
1078 1158 1233 1223 compressi.

658 1251 744 1302 Violai
759 1251 792 1303 de
807 1253 901 1318 iempli
916 1253 941 1304 la
956 1268 1021 1319 gran
1037 1255 1180 1318 liheriade;

660 1326 687 1373 ei
701 1338 748 1388 per
762 1325 896 1376 sehernirc
911 1325 938 1375 la
954 1325 1058 1392 dignita·
1069 1331 1180 1392 sacrata,

659 1394 703 1445 nal
717 1397 867 1447 sanctuario
882 1397 1008 1461 adoperai
1022 1398 1046 1447 ie
1062 1398 1145 1464 spadc

661 1494 698 1544 De
712 1493 739 1544 la
753 1493 848 1544 Chieaa
863 1494 970 1546 d'aureo
984 1497 1010 1546 ia
1027 1511 1074 1560 per
1088 1510 1131 1548 me
1146 1496 1279 1562 apagiinia

661 1565 704 1615 del
716 1565 795 1630 papel
809 1569 901 1617 manto
916 1567 953 1617 mi
968 1570 1072 1632 coperei
1087 1569 1112 1618 al
1128 1568 1220 1630 sendo,

661 1640 688 1688 ei
700 1637 733 1688 de
747 1651 795 1688 eae
809 1651 914 1702 gemme
929 1639 996 1688 cinei
1011 1639 1037 1689 la
1052 1641 1104 1690 mie
1119 1640 1211 1704 spada.

662 1733 707 1784 'iai
722 1733 756 1783 rei
772 1737 870 1785 morire
885 1749 964 1800 appre
979 1735 1002 1785 ei
1018 1739 1106 1786 icrren
1122 1735 1196 1796 ludo,

661 1805 699 1854 tei
714 1805 867 1867 divonem,
883 1807 920 1857 tei
935 1806 1046 1857 suffocari
1062 1805 1123 1858 nell*
1141 1820 1226 1870 acqua

663 1880 690 1927 at
705 1876 731 1926 di
744 1878 780 1929 tal
794 1879 856 1930 vivo
871 1879 921 1929 ieci
936 1879 1049 1929 acharan
1062 1881 1089 1928 ei
1101 1878 1165 1930 ludo

662 1977 708 2028 Tal
722 1977 886 2040 strangolatc
900 1977 929 2027 in
938 1979 992 2027 mia
1006 1991 1133 2042 praecum
1146 1979 1277 2042 giaeque;

663 2062 698 2098 ne
711 2049 778 2099 aiira
790 2049 898 2112 ragione
911 2063 929 2098 a
942 2051 1036 2112 questa
1051 2049 1086 2098 m'
1101 2049 1217 2100 inducea

665 2135 694 2172 aa
708 2118 821 2172 noachi
836 2121 873 2170 sei
887 2120 985 2185 perche
1000 2121 1054 2170 cosi
1069 2122 1106 2170 mi
1119 2123 1244 2185 piaeque.

666 2220 775 2284 Sempre
789 2220 883 2284 peneai
900 2219 1014 2284 qualche
1029 2221 1130 2270 malitia
1145 2235 1191 2271 rea

666 2291 689 2341 ei
707 2293 761 2342 mio
776 2294 888 2356 cognato
904 2291 1041 2355 Alphonso
1056 2293 1090 2343 da
1105 2293 1215 2356 Ragnna
1282 2315 1286 2326 ¹

665 2362 801 2429 iairuggcr
815 2363 850 2414 iai
865 2363 915 2414 che
931 2368 1071 2414 mantener
1085 2364 1179 2415 donea.

666 2460 769 2511 Nimica
785 2459 823 2511 fai
838 2461 921 2526 dagni
936 2459 1006 2510 tadei
1021 2475 1134 2525 persona

668 2536 695 2583 ei
708 2533 820 2598 rivoigei
835 2532 860 2582 la
875 2532 968 2582 dextra
981 2533 1131 2597 peccatrice

668 2608 761 2655 contro
776 2619 791 2655 a
805 2605 931 2655 chiaecun
945 2605 993 2656 che
1008 2605 1035 2656 di
1045 2608 1096 2658 hen
1111 2606 1152 2656 ier
1166 2607 1287 2674 ragione.

669 2701 778 2752 Publica
795 2705 867 2752 corte
882 2701 916 2752 fei
932 2703 958 2752 di
973 2703 1121 2767 meretrice,

669 2773 697 2823 di
712 2773 779 2824 iadri
794 2773 892 2824 occulti
907 2777 934 2824 et
948 2773 1048 2824 crudeli
1063 2775 1205 2838 numerian

668 2845 730 2895 hebi
745 2857 810 2908 gran
827 2844 906 2910 copie
920 2849 947 2894 ei
958 2847 1003 2910 piu
1020 2845 1059 2895 ch'
1072 2845 1131 2896 altri
1146 2859 1201 2897 nan
1215 2845 1285 2898 dice.

669 2941 754 2992 Amici
768 2942 853 2993 haren
867 2943 907 2993 sol
919 2943 1014 2994 Neroni
1029 2947 1055 2994 et
1069 2945 1195 3009 Tarquini

670 3017 697 3063 et
710 3027 759 3078 per
772 3014 825 3063 mia
840 3017 926 3064 scoria
942 3018 968 3064 et
983 3017 1141 3078 campagnia
1155 3017 1180 3065 ia
1194 3014 1257 3066 taisi

671 3084 821 3136 devoraturi
836 3085 862 3134 di
878 3098 980 3149 sangae
996 3086 1134 3136 meschini.

671 3183 682 3232 1
697 3182 764 3233 freni
778 3183 871 3233 lascivi
884 3182 937 3233 aila
951 3183 1003 3232 mie
1020 3183 1109 3247 rogiia
1124 3183 1212 3234 ecioini

672 3257 699 3305 et
713 3258 816 3305 mentre
829 3258 908 3305 aieite
924 3256 951 3304 in
967 3255 1036 3304 cima
1051 3255 1121 3306 delle
1136 3259 1213 3305 raaia

671 3325 800 3391 ghaastar
813 3325 855 3376 dei
871 3325 972 3376 mondo
987 3327 1049 3390 ogni
1063 3330 1173 3392 peccato
1186 3327 1262 3376 voisi.

672 3425 705 3474 Er
718 3437 766 3489 per
776 3424 816 3474 iar
830 3424 928 3488 meglio
943 3424 969 3474 la
984 3424 1037 3474 mia
1052 3423 1111 3475 rede
1125 3427 1189 3474 noia

673 3497 785 3548 convien
801 3497 867 3546 siaa
882 3495 965 3546 i'aitre
981 3509 1035 3546 una
1051 3495 1142 3559 parnia
1156 3496 1241 3545 sarira

672 3566 700 3617 ia
714 3566 776 3632 qaal
791 3567 855 3618 icrsi
870 3566 905 3617 ha
920 3565 935 3616 l'
947 3567 986 3616 ira
1000 3566 1025 3616 di
1041 3567 1090 3616 liin
1105 3581 1252 3619 commone.

674 3665 786 3725 Quando
799 3665 836 3716 Re
849 3664 927 3715 Caria
942 3679 958 3714 a
972 3663 1066 3727 Napali
1082 3665 1186 3728 veniva,

675 3751 723 3788 con
737 3735 824 3787 nuntii
838 3737 903 3786 miei
915 3736 1037 3786 scilicitai
1053 3735 1156 3786 Baiaeia

675 3808 725 3859 che
740 3807 766 3857 di
781 3808 844 3873 quel
858 3821 943 3873 regna
960 3809 1116 3871 irapasserai
1130 3822 1146 3857 a
1160 3807 1231 3864 riva;

675 3909 708 3959 Et
719 3908 769 3959 che
783 3908 877 3959 incessi
892 3908 911 3958 il
924 3921 973 3958 auo
987 3908 1062 3958 venir
1073 3911 1186 3966 secreta,

672 3982 755 4043 accio,
771 3980 924 4044 giangendo
938 3979 1055 4030 subitae
1070 3978 1226 4044 improvisa,

673 4053 788 4118 prender
799 4051 900 4117 potensi
915 4051 941 4102 io
955 4050 1017 4115 quel
1033 4059 1116 4114 regno
1132 4051 1235 4113 quieto.

673 4153 706 4202 iit
719 4166 747 4202 se
761 4152 781 4202 il
794 4151 905 4216 dieegna
921 4147 1052 4200 succedea
1064 4147 1169 4212 prerho

674 4226 703 4274 in
716 4225 791 4275 hreri
806 4223 893 4288 giomi
910 4235 961 4273 can
977 4222 1002 4271 ia
1014 4224 1086 4270 caria
1100 4221 1127 4269 in
1142 4231 1223 4270 mano

673 4296 776 4348 vendea
791 4296 815 4346 le
829 4295 922 4346 chiara
938 4294 961 4343 el
977 4293 1032 4343 don
1047 4291 1090 4342 del
1105 4291 1238 4356 paradiso.

674 4395 750 4446 Satio
765 4394 854 4446 colore
870 4393 896 4443 di
911 4393 1015 4457 capiian
1030 4390 1176 4442 christiana

674 4468 710 4516 mi
725 4467 799 4517 facea
815 4465 918 4516 Tarcho
933 4462 1003 4514 neila
1016 4461 1083 4512 inisa
1095 4460 1163 4522 sede,

674 4538 698 4590 ei
715 4541 807 4588 sancio
817 4536 900 4602 padre
914 4535 1019 4585 direnia
1034 4531 1160 4584 Scidano.

674 4638 717 4688 iia
731 4635 793 4702 quel
808 4635 857 4687 che
872 4637 945 4686 lania
957 4632 1060 4697 dignita
1074 4630 1185 4682 nediede

675 4715 764 4774 presio
778 4708 871 4759 iaicise
885 4707 934 4758 cha
948 4705 1002 4756 ben
1016 4717 1070 4754 non
1085 4703 1121 4766 gii
1140 4715 1221 4767 parva

674 4783 774 4834 lassare
788 4783 815 4831 in
830 4793 912 4830 manc
927 4777 951 4828 d’
963 4790 1016 4828 nnc
1031 4773 1122 4825 infidel
1143 4773 1168 4823 ia
1184 4773 1255 4823 iada.

674 4883 731 4932 Non
748 4881 916 4945 iangamente
931 4891 1005 4942 puna
1020 4873 1109 4939 coprir
1124 4872 1148 4922 in
1161 4871 1235 4922 larva

675 4958 724 5008 che
739 4956 802 5021 ogni
814 4955 916 5003 secreto
932 4950 992 5000 niiin
1006 4949 1055 4996 iisa
1068 4946 1158 5010 paleae

675 5031 732 5080 cioe
746 5028 772 5078 ia
785 5029 812 5076 in
826 5039 870 5075 me
884 5021 991 5088 qnando
1008 5021 1059 5068 mia
1076 5019 1144 5067 sorae
1159 5027 1262 5080 sparve.

676 5127 759 5178 Morte
773 5127 801 5175 in
816 5138 853 5174 un
868 5123 953 5187 panio
966 5118 990 5169 al
1004 5117 1059 5167 mio
1072 5114 1153 5180 padre
1166 5115 1203 5164 mi
1218 5123 1296 5178 prece

677 5203 705 5251 et
718 5200 745 5249 la
757 5197 811 5248 mia
825 5195 932 5246 fortuna
946 5193 973 5242 in
987 5203 1026 5240 un
1041 5190 1179 5237 momento
1193 5185 1275 5236 breve

675 5271 711 5321 mi
725 5270 793 5322 talea
810 5267 828 5318 il
843 5269 912 5318 aleta
927 5267 954 5315 ei
967 5264 1041 5314 tanto
1056 5259 1098 5311 bei
1113 5269 1201 5323 paese,
