3612 6064
122 621 256 682 [tanvier
271 623 342 688 15⁰⁰]
470 621 598 681 RERUM
622 621 851 682 URBANARUM
875 623 1139 684 condamnati.
1455 635 1473 686 7

124 775 350 876 suscipiens,
371 775 458 850 illud
476 777 582 873 juxta
598 777 718 851 datam
743 778 803 852 tibi
823 803 844 853 a
863 779 1017 853 Domino
1035 779 1277 876 prudentiam,
1299 779 1350 856 sic
1372 783 1472 857 solli-

126 903 204 976 cita
222 925 265 976 ac
288 901 443 976 feliciter
464 925 593 998 gerere
617 909 652 974 et
676 905 805 1000 exequi
823 904 980 995 audeas,
1002 904 1098 1001 quod
1124 905 1252 978 exinde
1276 905 1472 982 succedant

126 1027 246 1124 optati
271 1027 409 1100 fructus
433 1049 523 1123 quos
549 1050 754 1123 speramus;
781 1036 890 1126 tuque
913 1035 1075 1102 nostram
1099 1037 1134 1101 et
1157 1029 1352 1126 apostolice
1377 1031 1471 1106 sedis

127 1151 429 1226 benedictionem
447 1158 483 1226 et
501 1151 652 1247 gratiam
670 1153 799 1226 exinde
819 1154 965 1226 uberius
983 1155 1103 1228 valeus
1120 1154 1334 1250 promereri.

190 1312 205 1346 u
227 1286 358 1354 Datum
384 1284 512 1373 Rome,
541 1281 636 1376 apud
659 1304 688 1352 s.
714 1281 875 1370 Petrum,
896 1300 990 1350 anno
1013 1277 1271 1352 incarnationis
1290 1280 1470 1356 dominice

130 1411 247 1497 1500,
268 1404 501 1502 pontificatus
520 1405 633 1479 nostri
653 1426 749 1478 anno
767 1409 904 1478 octavo.

187 1561 202 1594 a
230 1529 415 1604 lohannes
442 1530 667 1619 Mutinensis,
698 1528 809 1626 gratis
835 1527 879 1600 de
908 1531 970 1602 SS.
1003 1531 1043 1602 D.
1073 1530 1187 1602 nostri
1214 1530 1397 1604 mandato.
1425 1534 1467 1604 Α.

128 1661 267 1746 Draco,
289 1656 329 1730 C.
352 1655 532 1731 Barotius.
553 1699 601 1710 —
618 1655 823 1752 Registrata
838 1654 873 1728 in
894 1655 1087 1728 secretaria
1103 1654 1313 1752 apostolica.
1335 1685 1351 1722 u

186 1785 296 1857 Lecta
319 1791 354 1856 et
377 1781 559 1880 publicata
585 1781 649 1853 fuit
673 1780 907 1877 retroscripta
934 1779 1030 1854 bulla
1055 1785 1168 1854 Rome
1196 1781 1233 1854 in
1257 1780 1472 1856 cancellaria

130 1908 351 2006 apostolica,
374 1907 435 1982 die
449 1907 555 2004 joris,
579 1905 755 1980 emensis
774 1905 943 2002 januarii,
964 1928 1059 1980 anno
1081 1905 1336 1980 incarnationis
1354 1905 1470 1980 domi-

132 2034 218 2108 nice
240 2039 347 2122 1500,
368 2032 600 2130 pontificatus
619 2033 682 2106 SS.
705 2035 747 2106 D.
770 2031 883 2104 nostri
901 2031 1094 2106 Alexandri
1114 2031 1232 2106 divina
1248 2031 1472 2129 providentia

132 2163 233 2258 Pape
252 2163 313 2249 Vl,
334 2180 430 2233 auno
446 2165 585 2232 octavo.

180 2283 347 2358 Facultas
362 2283 445 2357 data
462 2282 723 2380 penitentiariis
745 2287 840 2380 Papa
856 2283 1061 2376 ordinariis,
1081 2289 1244 2382 tempore
1258 2283 1400 2381 jubilei,
1425 2307 1466 2360 ac

131 2407 372 2500 modificatio,
392 2414 427 2482 et
443 2409 619 2482 ordinatio
636 2408 858 2482 oblationum
872 2433 938 2506 per
952 2412 1086 2506 Papam
1098 2409 1213 2484 facto:

187 2564 205 2600 a
223 2533 317 2608 Cum
340 2534 377 2606 in
402 2533 578 2630 principio
606 2533 715 2630 hujus
738 2535 830 2608 sacri
852 2535 1017 2608 instantis
1045 2535 1128 2608 anni
1149 2535 1276 2631 jubilei
1300 2559 1366 2633 pro
1391 2539 1469 2612 ani·

131 2683 279 2736 marum
295 2657 426 2734 Christi
442 2643 601 2732 fidelium
624 2659 669 2732 ad
687 2657 820 2732 almam
841 2659 974 2733 Urbem
994 2682 1059 2756 pro
1077 2660 1337 2754 consequenda
1356 2662 1468 2759 ipsius

132 2785 219 2859 anni
239 2783 368 2882 jubilei
394 2783 603 2882 plenissima
631 2783 854 2882 indulgentia
878 2784 1139 2858 confluentium
1167 2783 1299 2876 salute,
1328 2785 1468 2860 dilectis

134 2909 220 2984 filiis
251 2907 514 3006 penitentiariis
544 2909 676 2982 nostris
701 2909 738 2982 in
764 2909 912 2983 basilica
941 2908 1113 3006 principis
1147 2909 1393 3006 apostolorum
1424 2911 1468 2988 da

136 3037 248 3125 Urbe,
278 3035 375 3132 ipsos
401 3031 530 3106 Christi
556 3033 696 3124 fideles,
723 3035 832 3109 etiam
860 3033 898 3107 in
925 3035 1070 3110 casibus
1097 3033 1286 3108 reservatis
1316 3043 1469 3132 quatuor

132 3163 309 3236 duntaxat
332 3162 493 3260 exceptis
517 3168 600 3237 tunc
627 3161 820 3258 expressis,
850 3160 1062 3235 absolvendi
1091 3161 1234 3258 plenam
1261 3171 1297 3236 et
1317 3162 1467 3236 liberam

132 3287 384 3360 concessimus
415 3287 636 3376 facultatem,
663 3292 770 3384 prout
800 3287 835 3358 in
864 3285 996 3358 ceteris
1026 3285 1108 3359 inde
1139 3287 1314 3362 confectis
1340 3287 1468 3361 litteris

133 3413 278 3510 plenius
291 3413 519 3504 continetur;
547 3421 582 3488 at
599 3412 683 3508 quia
703 3410 958 3508 quamplurimi
974 3411 1107 3484 Christi
1128 3411 1254 3486 fideles
1271 3412 1316 3486 ad
1336 3413 1468 3486 dictam

135 3538 270 3612 Urbem
281 3539 358 3634 jam
375 3546 552 3612 venerunt
566 3536 714 3612 dirersis
729 3535 1055 3632 irregularitatibus
1073 3535 1214 3625 irretiti,
1238 3559 1321 3608 cum
1337 3537 1467 3631 quibus

134 3663 286 3759 predicti
307 3663 548 3761 penitentiarii
571 3662 780 3760 dispensare
801 3662 1053 3758 nequiverunt,
1076 3667 1111 3734 et
1134 3661 1310 3734 creditum
1332 3660 1465 3736 multos

133 3787 224 3862 alios
243 3787 340 3861 dicto
361 3809 456 3862 anno
481 3811 562 3862 esse
583 3795 752 3863 venturos
778 3787 836 3883 qui
858 3787 962 3860 dictis
980 3784 1310 3882 dispensationibus
1326 3784 1467 3882 indige·

135 3913 245 4000 bant;
269 3920 303 3988 et
326 3913 434 3986 etiam
455 3913 556 3987 multi
576 3912 758 4010 peregrini
779 3921 815 3986 ot
839 3912 1002 3986 forenses
1027 3911 1087 4008 qui
1110 3910 1158 3986 ad
1181 3909 1312 3984 dictam
1335 3910 1466 3985 Urbem

135 4062 174 4112 se
203 4038 448 4130 contulerunt,
480 4039 525 4114 ab
548 4039 627 4136 ipsa
650 4063 723 4112 non
747 4038 929 4136 completo
951 4061 1016 4134 per
1045 4059 1108 4112 eos
1139 4059 1292 4110 numero
1321 4037 1366 4110 ad
1389 4037 1468 4110 visi-

135 4163 264 4238 tandos
284 4163 449 4238 basilicas
467 4171 502 4238 ot
518 4164 691 4238 ecclesias
712 4164 805 4238 dicto
822 4164 927 4237 Urbis
945 4161 990 4235 ad
1008 4161 1046 4236 id
1064 4163 1253 4259 deputatas
1264 4169 1465 4259 pretaxato,

132 4297 286 4387 propter
302 4289 459 4364 diversas
480 4295 514 4364 ct
532 4299 765 4364 occurrentes
781 4289 1017 4362 necessitates
1035 4287 1294 4379 discesserunt,
1320 4295 1355 4362 at
1375 4311 1469 4362 sarn-

132 4415 265 4512 parad
291 4438 357 4488 nos
377 4439 485 4512 super
504 4414 747 4490 concedendis
769 4413 1096 4511 dispensationibus
1118 4412 1302 4510 predictis,
1325 4418 1362 4486 et
1383 4413 1466 4486 dicti

134 4539 311 4638 temporis
328 4540 636 4616 abbreviationem
657 4563 824 4614 recursus
844 4538 970 4613 haberi
986 4561 1059 4610 non
1081 4546 1212 4634 potest,
1237 4561 1303 4612 nos
1325 4538 1370 4612 de
1390 4538 1467 4611 ani-

133 4688 276 4738 marum
314 4665 477 4740 fidelium
509 4665 753 4762 quorumlibet
790 4665 904 4740 salute
941 4663 1093 4738 sollicite
1128 4664 1330 4762 cogitantes
1361 4685 1403 4736 ac
1430 4663 1466 4736 in

133 4790 322 4888 premissis
352 4797 555 4888 opportune
578 4791 767 4888 providere
797 4791 974 4880 volentes,
1004 4791 1177 4886 predictis
1205 4787 1466 4886 penitentiariis

132 4915 179 4990 de
206 4939 363 5012 quorum
390 4915 475 5005 fide,
502 4916 732 5008 discretione,
764 4916 923 4991 bonitate
946 4924 981 4990 et
1006 4917 1213 5012 integritate
1241 4913 1401 5009 gerimus
1430 4911 1465 4985 in

133 5041 289 5115 Domino
304 5041 474 5116 fiduciam
493 5041 688 5137 specialem
708 5047 933 5137 pretaxatum
957 5049 1099 5138 tempus
1115 5037 1337 5135 quindecim,
1361 5057 1467 5133 perc·

130 5167 244 5260 grinis
260 5173 297 5240 et
312 5165 516 5240 forensibus
541 5167 586 5238 ad
605 5167 784 5240 minorem
807 5167 980 5263 quinque,
1006 5175 1041 5238 et
1067 5163 1237 5238 Romanis
1259 5170 1295 5236 et
1316 5163 1351 5235 in
1372 5161 1467 5236 dicta

136 5291 232 5366 Urbe
252 5291 563 5366 commorantibus
584 5291 630 5364 ad
650 5292 827 5364 minorem
848 5300 986 5388 septam
1012 5291 1152 5364 dierum
1175 5312 1365 5364 numerum
1392 5309 1464 5360 non
