3502 6036
369 552 416 604 ico
808 511 983 602 terranis
1009 546 1230 614 auaeaaaoa
1527 551 1664 616 [lautior

364 703 536 800 pluvialia
562 701 640 791 tria,
670 707 802 774 altres
829 699 917 774 stole
947 700 1070 798 nigre,
1100 699 1322 772 thuribulum
1350 723 1432 773 cum
1462 701 1619 776 navicella
1639 713 1665 778 et

365 828 520 903 cocleari
536 853 542 916 ;
562 851 622 901 vas
638 849 728 924 aque
745 825 935 899 benedicte
952 849 1035 898 cum
1050 825 1254 922 aspersorio
1269 849 1277 916 ;
1295 824 1509 899 candelabra
1523 835 1665 924 argentea

366 961 470 1042 octo;
502 951 650 1050 pallium
677 952 820 1050 nigrum
845 975 910 1049 pro
936 950 1059 1040 altari;
1082 949 1346 1040 faldistorium,
1374 956 1542 1048 cooperta
1565 951 1664 1049 nigra:

363 1076 445 1150 libri
473 1076 642 1166 missalis,
674 1076 941 1174 evangeliorum
971 1083 1007 1148 et
1037 1074 1269 1172 epistolarum
1299 1097 1341 1148 ac
1373 1083 1664 1172 paramentorum:

363 1226 452 1276 crux
472 1202 593 1276 altaris
613 1209 646 1276 et
666 1227 731 1299 pro
750 1201 1000 1288 absolutioue3
1020 1199 1125 1288 calix,
1148 1199 1305 1296 ampulla
1321 1197 1495 1274 hostiaria
1506 1185 1546 1275 'et
1562 1225 1665 1299 corpo

362 1326 452 1400 ralia
464 1326 697 1402 habebuntur
714 1328 759 1400 de
778 1326 943 1400 sacristia
961 1351 990 1399 s.
1012 1325 1122 1400 Petri.
1145 1357 1161 1391 »

413 1452 600 1541 Omnibus
633 1459 670 1526 ut
695 1451 928 1550 premittitur,
958 1451 1145 1542 ordinatio,
1173 1451 1230 1523 die
1256 1451 1355 1542 lune,
1384 1456 1427 1524 t6
1455 1450 1538 1525 dieti
1558 1453 1666 1525 mensis¹

363 1575 520 1674 augusti,
546 1577 668 1650 habite
692 1584 775 1649 sunt
797 1576 949 1672 exequie
968 1575 1158 1650 cardinalis
1176 1575 1329 1674 predicti
1351 1575 1388 1648 in
1411 1575 1547 1674 capella
1565 1600 1665 1674 supra-

364 1699 473 1774 dicta.
487 1701 695 1775 Cardinales
707 1699 855 1798 palatini
866 1707 1041 1775 venerunt
1053 1701 1150 1775 circa
1167 1701 1296 1775 horam
1307 1701 1570 1792 duodecimam
1582 1701 1665 1774 nimis

364 1816 456 1914 ci'to;
478 1827 575 1900 circa
591 1826 720 1900 horam
739 1824 973 1900 tredecimam
991 1827 1087 1900 venit
1107 1825 1301 1900 cardinalis
1326 1851 1355 1898 s.
1381 1823 1509 1898 Crucis
1534 1824 1586 1920 qui
1607 1825 1666 1898 sinc

364 1973 467 2024 mora
480 1951 620 2047 accepit
635 1957 847 2046 paramenta
860 1955 896 2024 et
909 1951 1053 2048 incepta
1067 1952 1173 2024 raiaco
1192 1963 1255 2040 eat,
1272 1973 1341 2048 que
1359 1949 1457 2023 dicta
1471 1957 1524 2024 est
1539 1949 1572 2022 in
1583 1947 1665 2021 altari

362 2074 499 2172 capelle
525 2074 673 2166 Calixti3
700 2075 886 2149 credentia
906 2082 1007 2150 extra
1030 2075 1205 2174 capellam
1230 2076 1345 2173 ipsam
1367 2073 1414 2149 ad
1438 2075 1611 2149 dexteram
1628 2072 1667 2144 in·

364 2199 504 2272 tranlis
534 2199 781 2273 interfuerunt
808 2200 999 2275 duodecim
1017 2201 1074 2274 alii
1095 2201 1307 2290 cardinales
1337 2199 1506 2274 videlicet
1526 2195 1666 2294 Neapoli-

366 2329 488 2415 tanae,
528 2351 556 2396 s.
593 2317 783 2413 Praxedis,
817 2325 1098 2415 Alexandriam,
1136 2325 1413 2424 Agrigentinus,
1453 2321 1664 2398 Arborensis.

360 2448 589 2537 Cusentinus,
609 2449 836 2540 Mutinensia,
857 2450 1039 2540 Senensis,
1058 2451 1231 2540 Medicas,
1247 2476 1276 2524 s.
1299 2449 1479 2539 Severini,
1501 2447 1664 2523 Cesarinus

360 2579 395 2647 et
420 2573 572 2672 Borgia3
598 2579 755 2670 quatuor
777 2583 939 2649 oratores
961 2575 1056 2664 laici,
1083 2574 1248 2649 videlicet
1275 2575 1371 2672 regis
1399 2571 1561 2661 Francia,
1585 2569 1666 2642 <luris¹

362 2699 580 2797 Burgundie,
600 2705 824 2776 Venetorum
847 2705 883 2773 et
905 2701 1209 2775 Florentinorum.
1234 2700 1453 2798 Supervenit
1477 2704 1591 2774 orator
1607 2697 1666 2769 llis-

362 2823 552 2918 paniarum
569 2825 630 2921 qui
648 2826 761 2900 noluit
781 2827 908 2900 sedere
927 2849 1010 2900 cum
1034 2825 1124 2915 aliis,
1145 2825 1210 2900 sed
1228 2825 1287 2898 ivit
1309 2825 1354 2898 ad
1373 2833 1527 2922 partem,
1551 2822 1591 2896 ad
1606 2843 1668 2918 par-

365 2971 442 3021 vam
456 2950 633 3046 capellam
650 2974 720 3047 que
736 2956 789 3024 est
804 2951 849 3024 ad
865 2951 1047 3025 sinistram
1063 2949 1233 3024 intrantis
1247 2949 1425 3048 capellam
1440 2951 1486 3024 de
1503 2945 1666 3033 Febribas,

363 3073 422 3146 ubi
439 3074 570 3148 mansit
585 3099 698 3172 usque
717 3075 763 3150 ad
783 3076 894 3150 finem
915 3075 1038 3159 oflicii,
1059 3076 1166 3149 etiarn
1185 3076 1271 3148 dum
1294 3075 1409 3152 oratio
1428 3075 1623 3158 diceretur,
1641 3069 1667 3140 in

364 3221 511 3272 scamno
527 3199 644 3296 primo
661 3205 743 3296 post
760 3200 932 3274 diaconos
946 3199 1147 3274 cardinales
1161 3201 1333 3276 sederunt
1351 3199 1481 3298 prelati
1495 3193 1628 3298 palatini
1643 3201 1668 3264 et

363 3327 443 3418 post
462 3346 524 3396 eos
542 3324 663 3421 plures
681 3325 762 3417 alii;
783 3325 1012 3415 insecundo,
1033 3325 1163 3422 prelati
1186 3330 1363 3414 oratores,
1386 3331 1422 3398 et
1440 3330 1521 3422 post
1536 3345 1594 3398 eos
1609 3317 1667 3392 alii.

362 3447 569 3523 Orationem
595 3457 677 3547 post
698 3452 847 3525 missam
871 3451 955 3524 fecit
981 3453 1022 3523 D.
1049 3450 1162 3523 'l'itius
1187 3451 1233 3525 de
1256 3449 1375 3524 Sutrio
1398 3449 1437 3524 in
1462 3471 1593 3548 cappa;
1614 3441 1695 3517 alia‘

361 3597 462 3650 more
480 3574 606 3663 solito;
630 3575 864 3650 absolverunt
879 3599 961 3648 cum
978 3575 1198 3650 celebrante.

411 3699 515 3772 Faria
541 3701 659 3790 tertia,
688 3707 732 3774 24
755 3700 910 3798 predicti
937 3701 1071 3774 mensis
1101 3701 1257 3800 augusti,
1282 3701 1348 3774 suit
1371 3701 1628 3799 proclamatum
1642 3697 1668 3766 et

363 3823 549 3896 bannitum
562 3848 626 3921 per
643 3825 779 3898 Urbem
798 3825 1068 3900 celebrataessc
1086 3825 1268 3923 sponsalia
1285 3825 1380 3899 inter
1392 3826 1558 3901 Carolum
1574 3821 1669 3895 filiun
1733 3865 1734 3946 Ξ

361 3945 646 4045 primogenitum
665 3949 770 4022 lllmi.
799 3949 967 4047 Philippi,
993 3950 1200 4024 archiducis
1222 3949 1379 4042 austrie,
1403 3951 1507 4025 ducis
1526 3953 1671 4046 Surgun-
1733 3955 1734 4000 t

362 4071 431 4160 die,
452 4080 623 4168 nepotem
642 4073 871 4148 Serenissimi
889 4079 1137 4150 Romanorum
1156 4076 1267 4175 regia,
1287 4075 1324 4148 in
1347 4076 1511 4150 secundo
1530 4073 1580 4145 vel
1592 4069 1671 4143 circa

363 4219 425 4268 sue
443 4197 548 4270 etatis
571 4221 667 4272 anno
687 4200 937 4289 constitutum,
959 4204 995 4272 ot
1014 4199 1200 4274 Claudiam
1223 4200 1336 4274 filiam
1357 4199 1502 4273 unicam
1521 4187 1670 4270 Ludovici

364 4323 703 4422 Francorumregis
720 4323 755 4396 in
773 4325 932 4397 secundo
951 4323 1060 4398 etiam
1073 4349 1136 4398 sue
1148 4326 1254 4399 etatis
1269 4345 1365 4400 anno
1377 4323 1604 4398 constitutam
1620 4313 1670 4414 (l),
1733 4343 1734 4420 p

361 4451 397 4520 et
415 4445 474 4520 die
492 4448 665 4521 mercurii
683 4449 880 4544 sequentis,
900 4449 991 4523 tosto
1007 4450 1121 4522 sancti
1142 4449 1326 4538 Ludovici,
1354 4449 1446 4548 rogis
1464 4451 1670 4522 Francorum

361 4573 562 4646 secundum
585 4573 832 4647 calendarium
856 4574 970 4662 curie,
990 4573 1035 4672 [et
1062 4575 1192 4648 testum
1219 4600 1248 4648 s.
1275 4572 1538 4660 Bartholomei,
1560 4587 1671 4642 secun·

360 4695 446 4768 dum
465 4697 716 4772 calendarium
729 4701 991 4789 Romanorum,
1006 4703 1047 4772 a.
1067 4702 1109 4772 D.
1131 4703 1253 4790 Joauo,
1267 4699 1457 4797 episcopus
1472 4694 1669 4772 Ascularnrs.

361 4821 562 4896 celebravit
597 4827 795 4920 propterea
826 4823 973 4897 missam
1007 4825 1209 4898 solemnem
1245 4825 1281 4896 in
1317 4824 1473 4897 ecclesia
1500 4811 1672 4915 hospitalis

360 4947 589 5021 Francorum
611 4950 656 5022 de
682 4947 895 5045 predictos
917 4949 1111 5039 Ludovico,
1133 4949 1191 5023 cui
1210 4950 1452 5022 interfuerunt
1469 4937 1672 5043 quatuorde-
1733 4973 1734 5024 3

359 5201 363 5320 J
401 5221 425 5276 1.
449 5222 518 5299 vay.
538 5225 654 5295 ainata,
672 5233 692 5282 r.
710 5224 795 5290 mcv,
810 5224 863 5282 aa.
881 5228 953 5298 aaa,
969 5232 997 5285 a
1009 5227 1035 5286 r.
1051 5227 1179 5296 anum,
1195 5227 1239 5284 a.
1251 5243 1322 5296 een,
1337 5245 1363 5302 p.
1380 5227 1442 5285 en.
