3520 6036
328 477 381 532 32¹2
729 543 733 552 ι
787 465 966 522 lOHANNlS
990 466 1210 537 BURCHARDI,
1416 463 1568 535 [Decembre
1584 477 1647 538 tua]

332 633 436 700 terea
450 623 639 722 episcopus
654 625 842 693 ltassanus
854 620 1015 710 sacrista,
1032 621 1188 694 clericus
1207 645 1369 712 camere,
1389 625 1426 698 in
1443 650 1557 724 cappa
1571 633 1647 702 ante

334 773 479 825 crucem
496 747 651 846 portavit
674 769 799 820 ensem
818 746 924 843 juxta
948 745 1075 818 altare.
1105 749 1192 820 Post
1214 749 1376 838 missam,
1403 751 1647 846 prothonarius

333 875 483 950 Carolus
502 873 669 969 Orpheus
686 871 884 968 reportavit
906 871 952 943 ad
981 893 1162 944 cameram
1180 876 1274 970 Papa
1290 883 1373 948 unte
1388 898 1559 950 crucem:
1577 883 1651 950 aute

332 1002 464 1074 boram
481 1020 727 1095 vesperarum,
755 996 850 1086 heri,
870 997 906 1069 in
929 1017 1077 1069 camera
1099 999 1208 1093 Papo,
1239 999 1380 1071 restitui
1398 1000 1428 1072 ei
1449 1001 1596 1074 anulum
1615 1001 1652 1074 de

333 1125 514 1198 diamante
546 1123 813 1197 contrafactum
848 1125 883 1192 et
911 1121 1082 1194 rubinum
1111 1145 1219 1217 quem
1259 1123 1371 1196 habui
1406 1129 1491 1222 post
1525 1127 1652 1200 obitum

334 1249 551 1336 Alexandri,
590 1253 626 1322 et
657 1250 754 1342 Papa
776 1245 921 1318 donavit
946 1245 1035 1318 mibi
1057 1245 1205 1319 anulum
1223 1247 1268 1320 de
1291 1249 1493 1340 diamante,
1513 1251 1543 1324 si
1570 1256 1603 1323 et
1625 1251 1653 1322 in

333 1380 508 1472 quantum
527 1395 599 1446 non
618 1376 715 1446 esset
732 1372 894 1444 adamas

383 1498 510 1584 Hodie,
538 1496 815 1584 intromissam,
842 1518 900 1567 me
921 1495 1172 1592 interrogante
1197 1499 1295 1593 Papa
1315 1521 1360 1570 an
1379 1498 1555 1572 deberem
1574 1500 1652 1573 dare

333 1626 454 1699 locum
470 1645 575 1694 suum
589 1625 630 1694 b.
644 1620 801 1693 Antonio
812 1620 1005 1709 Tuberoni,
1020 1621 1209 1718 capitaneo
1221 1625 1327 1716 porte
1337 1623 1476 1718 palatii,
1493 1625 1651 1721 respondi
1734 1705 1737 1716 ¹

335 1751 432 1847 quod
449 1749 501 1821 sic
519 1746 600 1820 dedi
617 1749 816 1842 propterea
826 1745 894 1817 sibi
913 1745 1034 1818 locum
1046 1746 1151 1842 juxta
1168 1771 1280 1843 supra
1295 1753 1484 1823 senatores
1500 1751 1536 1821 in
1552 1750 1651 1847 gradu

335 1875 443 1971 plano
460 1871 618 1970 proximi
642 1870 741 1960 solii;
763 1871 859 1965 quod
882 1875 1075 1966 postquam
1100 1871 1184 1959 toci,
1212 1875 1308 1968 Papa
1334 1873 1425 1946 dixit
1452 1873 1654 1969 mihiquod

335 2023 407 2072 non
424 1999 576 2070 haberet
601 1997 720 2092 ipsum
737 1993 906 2084 vicinum,
926 1995 1101 2091 quianon
1120 2001 1215 2068 esset
1233 1996 1300 2068 sibi
1321 1998 1424 2072 valde
1446 2000 1653 2095 cunjunctus

336 2129 373 2198 et
395 2123 491 2220 quod
516 2121 696 2208 marchio,
723 2142 838 2215 nepos
867 2142 958 2216 pape
984 2120 1049 2210 Pii,
1076 2121 1286 2218 capitaneus
1312 2127 1397 2194 tuno
1426 2123 1566 2218 palatii,
1591 2149 1652 2196 non

336 2248 497 2321 stetisset
519 2247 567 2318 ibi
587 2245 650 2319 sed
672 2265 783 2341 prope
808 2245 939 2332 altare,
968 2249 1005 2317 et
1022 2245 1120 2340 quod
1144 2269 1218 2318 non
1237 2247 1440 2320 laceremus
1467 2271 1511 2320 ea
1532 2271 1599 2344 que
1616 2245 1652 2318 ab

336 2373 415 2446 aliis
433 2370 654 2468 reprehendi
676 2373 836 2465 possent.
865 2369 1049 2464 Respondi
1074 2369 1166 2444 velle
1191 2370 1309 2443 lacere
1335 2370 1501 2444 debitum
1525 2379 1563 2445 et
1579 2395 1652 2443 oon-

338 2504 481 2571 suetum
497 2501 534 2570 et
551 2495 693 2568 iecisse.

387 2623 474 2695 Heri
493 2644 590 2710 sero,
620 2643 704 2692 cum
729 2623 827 2715 Papa
851 2619 970 2692 iturus
988 2619 1033 2692 ad
1055 2641 1220 2717 resperas
1244 2621 1427 2718 acciperet
1453 2625 1653 2719 paramenta

338 2748 373 2819 in
394 2747 603 2843 Papagallo,
622 2744 835 2842 genuflexus
853 2767 980 2816 coram
1004 2767 1047 2818 eo
1071 2746 1171 2818 Paris
1195 2747 1240 2818 de
1266 2747 1408 2818 Grassis
1428 2747 1503 2842 qui,
1523 2751 1650 2820 astante

339 2871 405 2944 sibi
425 2870 609 2944 cardinale
628 2870 673 2942 de
692 2868 821 2958 FlisoO,
844 2867 946 2965 petiit
963 2891 1002 2942 se
1017 2870 1160 2943 admitti
1177 2893 1245 2966 pro
1264 2871 1362 2956 clero
1379 2894 1522 2944 camere
1542 2893 1655 2967 super-

338 2996 569 3070 numerario:
588 2995 826 3090 nescioquod
845 2998 943 3091 Papa
960 2994 1028 3067 sibi
1046 2996 1247 3092 respondit,
1269 2997 1445 3092 quianon
1463 2997 1581 3070 audivi
1596 3018 1653 3069 nec

340 3121 424 3194 scivi
443 3121 513 3193 hoo
536 3127 770 3207 eventurum;
795 3119 873 3208 sed,
899 3124 939 3192 ut
963 3119 1023 3191 alii
1048 3119 1136 3190 mibi
1162 3119 1378 3210 retulerunt,
1404 3119 1504 3194 dedit
1529 3119 1579 3192 illi
1603 3142 1655 3190 re-

341 3245 495 3342 pulsam.

390 3372 454 3443 Die
477 3369 617 3458 martis,
646 3372 691 3442 26
714 3366 931 3457 decembris,
959 3366 1093 3441 testum
1118 3391 1148 3441 s.
1181 3368 1369 3466 Stephani,
1407 3368 1598 3442 cardinalis
1619 3365 1660 3438 de

341 3497 458 3570 l'lisco
488 3495 685 3570 celebravit
719 3495 869 3567 missam
904 3493 1106 3568 solemnem
1134 3493 1171 3566 in
1204 3493 1345 3592 capella
1380 3494 1513 3591 majori
1543 3489 1660 3590 palatii

340 3622 548 3720 apostolici,
579 3624 678 3717 Papa
702 3623 899 3718 presente:
928 3641 1134 3693 sermonem
1169 3620 1256 3694 lecit
1288 3619 1437 3716 quidam
1470 3621 1660 3716 Hispanus,

341 3770 453 3843 nepos
471 3746 560 3818 alias
578 3749 618 3818 u.
641 3748 680 3818 P.
699 3748 742 3817 D.
764 3742 960 3832 Francisci,
978 3743 1139 3840 episcopi
1156 3744 1374 3818 Gauriensis.

390 3871 454 3944 Die
470 3869 655 3959 mercurii,
676 3869 809 3942 testum
828 3893 857 3940 s.
882 3867 1058 3941 lobannis
1076 3869 1309 3966 evangeliste,
1335 3874 1463 3944 limus
1492 3871 1534 3943 l).
1554 3863 1666 3942 cardi·

342 3997 434 4070 natis
452 3995 668 4069 Arborensis
683 3993 878 4067 celebravit
894 3993 1042 4066 missam
1060 3994 1260 4068 solemnem
1278 3994 1315 4068 in
1333 3995 1472 4093 capella
1490 3994 1665 4092 predicta,

342 4126 441 4218 Papa
458 4124 652 4219 presente:
674 4142 883 4194 sermonem
900 4118 988 4193 lecit
1005 4119 1153 4214 quidam
1176 4121 1222 4194 de
1246 4123 1399 4210 Sasona,
1429 4119 1565 4194 ordinis
1583 4140 1665 4216 pre-

341 4246 560 4320 dicatorum.

389 4371 525 4446 Eadem
541 4372 612 4461 die,
635 4377 717 4469 post
736 4371 866 4445 boram
886 4391 1132 4467 vesperarum,
1154 4371 1290 4469 incepit
1308 4371 1430 4446 dolere
1451 4395 1492 4446 os
1512 4365 1663 4444 corichie

341 4498 442 4598 pedis
457 4497 610 4588 sinistri,
627 4497 710 4570 loco
727 4497 889 4594 podagre
909 4496 994 4570 anni
1015 4498 1195 4594 preteriti.

389 4625 455 4697 Die
473 4621 667 4712 dominica,
689 4625 727 4696 31
750 4621 969 4711 decembris,
987 4621 1133 4696 luerunt
1148 4647 1297 4720 vespere
1318 4621 1465 4720 papales
1476 4621 1513 4694 in
1531 4615 1662 4717 capedo

339 4751 471 4847 majori
490 4747 625 4846 palatii,
649 4750 748 4844 Papa
762 4751 952 4844 presentc;
969 4753 1004 4819 et
1022 4746 1080 4820 die
1098 4747 1182 4820 lune
1202 4748 1380 4844 sequenti,
1402 4747 1495 4821 sesto
1514 4746 1661 4820 circum·
1751 4749 1752 4759 ’

339 4875 500 4964 cisionis,
522 4875 621 4947 dicta
639 4873 750 4946 missa
770 4871 944 4946 solemnis
967 4871 1003 4944 in
1021 4873 1172 4969 capella,
1198 4897 1309 4970 quam
1329 4873 1526 4948 celebravit
1543 4875 1656 4943 timus,

339 5001 381 5072 D.
403 4998 594 5072 cardinalis
621 4995 873 5086 Bononiensis,
902 5002 938 5070 et
955 4997 1022 5070 luit
1048 5000 1127 5095 ejus
1146 4998 1264 5096 prima
1290 4997 1414 5087 missa,
1442 5001 1540 5094 Papa
1557 4994 1655 5069 ctiam

337 5132 531 5220 presente:
553 5123 758 5199 orationem
776 5121 861 5195 lecit
876 5122 1023 5219 quidam
1043 5123 1157 5196 irater
1183 5123 1328 5197 ordinis
1354 5123 1611 5199 heremitarum
1627 5139 1651 5185 s·
