3554 6042
84 600 237 668 [Decembre
250 597 325 664 1505]
416 594 543 654 RERUM
567 593 792 652 URBANARUM
817 594 1079 656 COMMENTARII.
1364 595 1418 652 409

85 757 170 829 dixit
191 754 335 829 sactum
354 775 420 850 per
443 749 645 849 Eugenium
666 750 742 821 llll.
766 749 927 824 Tandem
951 756 1213 826 consenserunt
1234 774 1362 825 omnes
1379 749 1416 822 in
1465 815 1469 824 .

84 903 211 956 novem
231 875 526 977 pronunciando,
546 875 595 949 ila
615 877 739 948 temen
758 875 855 971 quod
875 899 949 950 non
969 875 1032 950 illa
1048 877 1084 950 in
1107 877 1168 950 die
1185 878 1248 951 sed
1269 877 1307 950 in
1327 899 1417 973 qua-

84 1017 161 1082 tuor
183 1005 419 1102 temporibus
446 1025 509 1075 eos
535 1001 755 1099 publicarel;
778 1001 876 1096 quod
904 1006 1000 1100 Pape
1028 1003 1139 1076 etiam
1163 1026 1237 1078 non
1263 1003 1413 1100 placuit,

86 1133 145 1208 sed
163 1131 306 1206 mansit
323 1131 515 1204 contentus
531 1149 595 1199 eos
612 1125 800 1224 publicare
817 1128 853 1200 in
873 1127 994 1224 primo
1011 1127 1238 1203 consistorio.
1256 1131 1417 1202 Fuerunt

87 1263 165 1332 ante
178 1253 445 1331 consistorium
459 1251 629 1326 undecim
643 1251 858 1342 cardinales,
876 1251 1042 1326 videlieet
1054 1253 1324 1344 Recanatensis,
1339 1253 1418 1327 Gri-

84 1406 219 1470 menus,
240 1379 509 1468 Salernitanus,
523 1381 719 1468 Cumanus,
733 1377 1275 1470 Bononiensis,volaterranus,
1289 1379 1418 1453 Adria-

85 1531 160 1595 nus,
184 1531 215 1580 s.
241 1504 341 1579 Petri
367 1503 413 1578 ad
432 1501 601 1592 Vincula,
625 1501 798 1594 Medicas,
824 1503 1017 1576 Farnesius
1042 1509 1080 1578 et
1099 1503 1294 1600 aragonia,
1319 1487 1418 1578 ultra

87 1653 170 1727 quos
188 1620 443 1703 interfuerunt
462 1625 680 1702 consistorio
699 1625 973 1724 Neapolitanus,
993 1651 1023 1700 s.
1045 1626 1232 1716 Praxedis,
1254 1651 1284 1702 s.
1305 1631 1418 1702 Geor-

87 1755 142 1851 gii,
156 1751 442 1842 Alexandrinus,
455 1775 485 1824 s.
500 1750 636 1842 Crucis,
649 1750 874 1849 Agrigensis‚
886 1752 1120 1843 Arborensis,
1134 1752 1336 1850 Regiensis,
1351 1758 1418 1828 Cu-

87 1877 259 1966 sentinus,
287 1875 441 1964 Fliscus,
466 1874 656 1965 Columna,
676 1897 707 1946 s.
730 1875 891 1949 Severini
915 1879 952 1951 et
976 1876 1183 1968 Cesarinus,
1208 1876 1268 1974 qui
1290 1899 1418 1950 omnes

87 2003 228 2075 luerunt
244 2005 378 2076 contra
389 2003 524 2097 Papam
538 2002 575 2072 et
590 1998 813 2073 creationem
828 1999 1085 2090 cardinalium3
1103 1999 1251 2074 tandem
1272 2025 1419 2076 conces-

88 2131 206 2199 serunt
223 2147 298 2223 pro
313 2147 357 2198 eo
372 2125 530 2198 maxime
547 2123 646 2221 quod
662 2127 761 2222 Papa
777 2124 936 2201 minatus
953 2125 1022 2200 luit
1040 2149 1103 2200 eos
1121 2147 1251 2202 creare
1270 2127 1419 2224 triginta

91 2250 304 2342 cardinales,
326 2255 363 2324 et
379 2249 475 2323 inter
495 2271 558 2324 eos
587 2271 650 2322 sex
675 2250 862 2324 auditores
882 2250 942 2347 qui
965 2272 1004 2325 se
1032 2246 1240 2340 defendant,
1269 2256 1304 2324 et
1333 2273 1418 2326 suos

92 2377 174 2450 duos
199 2375 396 2474 Hispanos.
424 2377 515 2449 ltem
546 2379 642 2472 Papa
674 2375 860 2472 displicuit
887 2375 983 2473 qued
1013 2375 1217 2450 cardinales
1243 2376 1414 2474 Reginus,

91 2501 315 2592 Arborensis,
335 2501 379 2575 de
398 2500 515 2574 Flisco
534 2505 571 2576 et
588 2500 827 2576 Bononiensis
843 2501 1088 2598 promiserant
1106 2501 1193 2574 dare
1215 2505 1299 2574 vote
1319 2504 1417 2598 Pape

93 2625 173 2700 etin
197 2626 418 2700 consistorio
443 2631 683 2723 negaverunt3
709 2631 746 2698 et
770 2649 837 2723 per
861 2624 964 2717 elios,
990 2623 1161 2699 videlieet
1184 2649 1213 2697 s.
1238 2623 1414 2714 Severini,

92 2749 196 2824 voluit
211 2751 354 2826 hebere
370 2756 473 2826 certa
497 2735 648 2824 castella
668 2772 736 2848 pro
750 2755 834 2825 voto
856 2773 936 2823 suo.
956 2752 1160 2847 Propterea
1182 2748 1333 2846 privavit
1348 2752 1417 2823 Ar·

93 2873 276 2948 burensem
296 2873 454 2949 cameris
471 2874 508 2947 in
526 2874 661 2972 palatio
677 2873 911 2972 allegatione
926 2874 1102 2948 Perusina
1116 2872 1178 2974 (l)
1300 2965 1307 2982 υ

133 3001 319 3090 Mercurii,
337 3003 357 3074 3
377 2999 595 3089 decembris,
615 3003 713 3097 Papa
729 2998 877 3074 donavit
892 2998 981 3073 mihi
997 3022 1183 3074 arma‘sue
1198 3003 1234 3073 et
1256 2999 1342 3072 fecit
1358 3019 1417 3071 me

95 3145 304 3217 permanere
322 3123 361 3197 in
377 3127 497 3199 castro
516 3147 545 3198 s.
561 3123 690 3221 Angeli
706 3127 744 3198 et
755 3123 985 3199 committere
999 3124 1235 3222 signaturam,
1249 3128 1418 3221 presente

96 3248 268 3325 cardinale
290 3249 549 3338 Volaterrano,
570 3255 607 3322 et
629 3248 720 3323 dixit
743 3249 839 3345 quod
857 3247 1043 3329 mercurii.
1063 3249 1100 3322 in
1118 3255 1262 3324 secreto
1279 3249 1418 3322 consis-

96 3371 183 3447 torio
199 3374 308 3450 vellet
318 3374 522 3450 cardinales
533 3395 644 3448 novos
661 3373 922 3470 pronunciare,
936 3378 973 3448 et
988 3373 1047 3448 die
1063 3374 1205 3448 veneris
1227 3376 1414 3468 sequente,

97 3493 204 3573 lacere
220 3499 409 3598 publicum
425 3498 683 3574 consistorium
701 3501 739 3574 et
754 3499 806 3574 eis
823 3501 912 3574 dare
929 3499 1125 3596 capellum.

136 3623 334 3714 Dominica,
365 3631 384 3698 7
406 3623 626 3714 decembris,
653 3623 814 3698 secunda
836 3623 1023 3714 adventus,
1046 3623 1238 3721 episeopus
1261 3621 1417 3694 Salerni-

96 3747 192 3822 tanus
207 3750 382 3824 assistens
399 3749 597 3824 celebravit
613 3750 764 3824 missam
790 3750 987 3849 publicam,
1015 3753 1115 3846 Papa
1140 3751 1323 3846 presente,
1354 3746 1415 3843 qui

98 3869 202 3946 noluit
216 3875 315 3970 quod
326 3875 457 3972 prelati
466 3897 583 3972 nuper
594 3897 661 3972 per
677 3899 761 3948 eum
775 3874 954 3972 designati
970 3874 1008 3948 in
1026 3873 1231 3949 cardinales
1251 3870 1417 3946 venirent

98 3989 130 4062 in
144 3999 331 4094 capellam,
351 4000 413 4096 qui
431 4003 468 4073 et
485 3988 559 4073 non
575 4008 764 4076 venerunt.
785 4003 1001 4075 Sermonem
1026 3999 1112 4073 lecit
1131 3997 1278 4094 quidam
1303 3995 1417 4070 irater
1441 4079 1443 4083 ,

99 4118 220 4195 ordinis
230 4125 414 4198 minorum
432 4147 499 4222 pro
516 4132 771 4223 procuratore3
791 4126 864 4200 alia
878 4149 979 4199 more
997 4124 1118 4199 solito.

138 4245 299 4337 Veneris,
323 4255 366 4323 lt
385 4249 602 4340 decembris
622 4249 689 4324 luit
714 4251 969 4325 consistorium
997 4249 1196 4338 secretum,
1226 4248 1284 4322 oui
1303 4248 1417 4321 inter-

101 4364 229 4448 fuerunt
263 4373 539 4470 Neapolitanus,
572 4375 845 4466 Recanalensis,
885 4400 914 4448 s.
954 4373 1144 4464 Praxedis,
1176 4373 1414 4462 camerarius,

102 4510 126 4561 s.
146 4495 296 4596 Georgii,
312 4523 343 4572 s.
364 4498 503 4588 Crucis,
526 4499 730 4597 Regiensis,
759 4501 988 4591 Cusentinus,
1013 4499 1276 4588 Salernitanus,
1305 4496 1417 4572 Vola-

102 4615 269 4714 terranus,
290 4623 335 4697 de
365 4624 495 4716 Flisco,
526 4624 716 4718 Adrianus,
753 4650 784 4699 s.
816 4626 915 4699 Petri
947 4624 993 4698 ad
1025 4623 1192 4714 Vincula,
1225 4621 1414 4714 Columna,

103 4738 257 4838 lledices,
277 4771 307 4820 s.
337 4748 513 4839 Severini,
541 4751 749 4840 Cesarinus,
777 4749 972 4824 Farnesius
996 4753 1034 4823 et
1058 4746 1253 4844 Aragonia,
1282 4746 1319 4818 in
1344 4769 1428 4841 quo.

103 4860 188 4960 Papa
200 4871 335 4948 creavit
348 4877 386 4948 et
403 4873 656 4971 pronunciavit
672 4897 802 4948 novem
821 4871 1038 4964 cardinales,
1050 4871 1217 4946 videlicet
1236 4873 1413 4962 Marcum,

132 5081 157 5144 1.
174 5085 276 5150 Riualdi
288 5093 379 5151 donus
394 5092 419 5150 le
433 5099 507 5152 texte
521 5096 558 5152 du
573 5095 634 5152 bref
646 5111 700 5170 que
713 5094 738 5151 le
752 5111 821 5169 pape
840 5095 954 5151 adressa
968 5111 1002 5152 au
1020 5095 1060 5152 roi
1074 5095 1108 5150 de
1122 5094 1224 5150 Franee
1239 5098 1255 5151 t
1268 5093 1414 5152 l'occasion

106 5164 134 5265 <ll
146 5181 209 5234 celte
222 5181 339 5240 creation
352 5183 386 5240 de
398 5183 466 5240 neul
478 5184 645 5255 cardinaux3
661 5191 688 5242 et
702 5184 720 5240 il
734 5183 786 5240 cite
800 5183 826 5240 la
838 5183 954 5242 relation
968 5185 1002 5240 de
1012 5184 1045 5240 P.
1062 5184 1096 5240 de
1111 5183 1220 5242 Cressis
1235 5185 1281 5258 qui
1296 5190 1339 5256 est
1352 5183 1415 5259 plus

107 5271 298 5328 circonstanciee
313 5289 366 5346 qus
380 5271 447 5330 celle
460 5274 494 5330 de
510 5273 662 5345 aaronem,
677 5281 698 5332 t.
715 5273 803 5344 XXX,
818 5291 846 5347 p.
858 5275 911 5330 444
926 5279 953 5330 et
968 5273 1040 5332 suiv.
