3612 6064
109 589 365 657 [1)160111111615111
458 589 583 648 RERUM
608 589 834 650 URBANARUM
859 591 1118 650 COMMENTAllll.
1435 595 1452 647 3

165 739 277 814 Faria
291 746 405 830 sexta,
425 744 468 812 27
491 739 708 828 decembris,
728 743 819 816 sesto
837 766 866 814 s.
884 741 1058 815 lobannis
1072 740 1304 838 evangeliste,
1324 747 1448 816 llmus.

112 865 157 935 U.
180 865 378 939 cardinalis
397 865 653 962 Agrigentinus
675 866 868 940 celebravit
887 867 1034 940 missam
1059 865 1241 964 publicam
1257 867 1293 940 in
1314 869 1453 965 capella

111 989 299 1084 predicta,
327 995 424 1088 Papa
447 997 630 1087 presente.
659 993 873 1065 Sermonem
901 991 986 1064 lecit
1010 990 1156 1086 quidam
1184 992 1296 1066 frater
1316 992 1453 1066 ordinis

112 1137 309 1190 serrorum
338 1117 379 1186 B.
413 1117 551 1204 Marie;
587 1121 630 1189 U.
668 1099 911 1191 Bernardinus
943 1116 1063 1190 socius
1093 1141 1196 1190 meus
1222 1118 1342 1191 rotulit
1363 1117 1452 1190 mihi

112 1239 255 1314 dixisse
278 1240 443 1314 Pontifici
464 1241 585 1314 locum
608 1247 901 1315 conservatorum
927 1265 1070 1315 camere
1095 1242 1200 1315 Urbis
1222 1267 1295 1316 nun
1319 1242 1453 1317 debere

112 1387 199 1438 esse
222 1369 306 1462 post
326 1365 542 1455 cardinales,
570 1365 635 1440 sed
659 1373 741 1440 ante
763 1390 921 1456 crucem,
944 1373 980 1440 et
1004 1371 1136 1463 Papam
1161 1367 1391 1464 respondisse
1414 1391 1452 1440 se

113 1489 287 1587 indigere
310 1491 379 1564 illis
404 1497 440 1565 et
463 1497 658 1588 propterea
682 1491 772 1566 velle
802 1492 937 1588 aliquot
963 1491 1089 1564 diebus
1117 1515 1180 1566 eos
1211 1492 1258 1564 ibi
1280 1492 1353 1582 ire;
1382 1492 1453 1565 hoc

113 1639 230 1689 mane
257 1621 379 1690 tamen
405 1613 453 1690 ibi
483 1640 556 1689 non
584 1617 702 1706 ivisse,
733 1617 857 1690 sedin
883 1617 963 1692 loco
993 1640 1057 1692 suo
1086 1623 1169 1691 ante
1195 1639 1362 1706 crucem;
1384 1616 1454 1690 alia

113 1747 197 1815 acta
214 1747 411 1815 suntmore
427 1742 545 1816 solito.

165 1867 376 1956 Dominica,
396 1873 442 1942 29
458 1867 542 1942 dicti
557 1869 694 1942 mensis
714 1867 931 1959 decembris,
952 1869 1167 1944 venerabilis
1190 1869 1455 1943 1111101161-

115 2017 182 2067 nes
218 1992 433 2068 Vannubius
458 1993 635 2084 Lucentii,
658 1994 751 2091 juris
781 1993 966 2090 utriusque
987 1993 1127 2084 doctor,
1152 1995 1292 2068 luturus
1312 1993 1455 2068 auditor

115 2125 197 2193 rote
225 2117 408 2192 inlocum
438 2118 532 2191 bone
561 2119 737 2192 memorie
768 2121 810 2192 [t.
839 2120 964 2193 Jacobi
996 2118 1153 2216 [tragatii
1181 2117 1287 2192 electi
1314 2117 1455 2192 1101110-

114 2243 267 2332 siensis,
286 2248 412 2332 Rome,
430 2243 467 2316 in
482 2243 636 2318 ecclesia
659 2269 687 2316 s.
716 2244 912 2335 Eustachii,
931 2253 1014 2340 post
1029 2243 1239 2342 vigesimam
1255 2243 1397 2334 horam,
1416 2243 1453 2317 in

114 2373 342 2442 RRmorum.
371 2371 445 2442 UD.
470 2369 704 2443 cardinalium
732 2369 969 2466 Neapolitani,
1001 2369 1268 2458 Ulixbonensis‚
1296 2373 1454 2442 Recurra-

113 2493 248 2586 tensis,
275 2493 532 2584 Beneventani,
559 2519 588 2566 s.
614 2493 797 2582 Praxedis‚
828 2493 962 2583 Ursini,
986 2493 1231 2585 Alexandrini,
1259 2519 1288 2566 s.
1311 2491 1449 2583 Crucis,

113 2617 357 2719 Agrigentini,
374 2617 548 2717 Capuani,
574 2619 744 2693 Senensis
763 2625 799 2692 et
823 2621 848 2690 F
851 2617 983 2692 arnesii
1001 2619 1184 2713 presentia
1199 2627 1234 2693 et
1254 2618 1452 2692 multorum

113 2746 354 2844 prelatorum,
385 2745 526 2842 repetiit
556 2744 752 2842 capitulum
784 2769 863 2816 cum
896 2767 967 2815 non
989 2741 1031 2814 ab
1057 2744 1256 2816 horninibus
1288 2743 1454 2816 01110110

108 2871 329 2966 judiciis...,
371 2869 416 2942 do
451 2871 552 2967 cujus
588 2869 740 2942 materia
775 2893 903 2942 riorum
935 2867 1187 2942 conclusiones
1221 2869 1450 2956 formaverat,

114 3003 246 3070 contra
275 3021 364 3091 quus
392 2999 588 3092 arguerunt
614 2995 730 3092 primo
762 2999 801 3066 11.
836 2999 876 3066 U.
909 2993 1100 3091 episcopus
1130 2994 1301 3084 Nolanus,
1334 3002 1454 3069 rector

115 3121 228 3195 studii
250 3119 355 3194 Urbis
373 3123 500 3210 Rome,
525 3120 683 3194 secundo
702 3119 924 3215 gubernator
948 3119 1063 3210 Urbis,
1093 3119 1199 3192 161110
1224 3123 1266 3192 D.
1292 3119 1450 3210 Felinus,

117 3245 316 3342 episcopus
336 3243 549 3334 Penncnsis,
575 3267 665 3316 unus
683 3267 726 3316 ex
749 3243 972 3316 auditoribus
992 3267 1181 3318 causarum
1203 3243 1324 3340 palatii
1346 3267 1453 3340 apos-

117 3369 218 3444 tolici
242 3369 364 3442 locum
393 3368 610 3458 tenentibus,
634 3374 765 3464 quarto
785 3371 827 3442 U.
855 3368 1062 3442 Dominicus
1084 3367 1304 3458 Jacobatius,
1327 3368 1452 3464 quinto

117 3498 160 3568 1).
195 3495 375 3568 Antonius
404 3495 448 3569 de
484 3499 606 3568 Monte
642 3493 781 3567 auditor
809 3499 886 3568 rote
915 3502 950 3569 et
979 3495 1124 3584 ultimo,
1161 3493 1205 3566 do
1236 3492 1383 3566 licentia
1418 3499 1453 3568 et

116 3643 304 3695 consensu
322 3619 578 3694 advocaturum
598 3619 901 3693 consistorialium
922 3619 1103 3717 predictus
1125 3623 1167 3692 U.
1195 3615 1453 3690 auditorandus

119 3767 206 3820 cum
222 3767 355 3841 magna
369 3743 531 3816 omnium
547 3743 653 3817 laude
669 3742 974 3839 pertinentissime
995 3743 1181 3840 respondit
1201 3764 1329 3814 eorum
1348 3764 1453 3838 argu-

117 3871 256 3946 mentis
271 3870 371 3968 prius
385 3867 478 3945 bene
494 3867 672 3967 repetitis.
689 3869 946 3944 Conclusiones
963 3877 1084 3944 autem
1100 3870 1146 3942 he
1162 3873 1265 3944 erant
1276 3867 1321 3966 (1)
1333 3893 1355 3941 :-

169 4045 200 4115 Ι.
224 4039 366 4131 Laicus,
389 4039 601 4114 clericatum
623 4045 761 4114 tantum
782 4039 818 4112 in
841 4039 1047 4114 carceribus
1068 4063 1271 4130 assumens,
1290 4038 1326 4112 in
1345 4062 1454 4114 causa

116 4165 298 4241 criminali
319 4165 427 4240 etiam
448 4171 484 4240 et
504 4164 688 4256 inchoata,
710 4164 842 4262 gaudet
866 4165 1050 4262 privilegio
1067 4163 1147 4239 1011.
1194 4263 1196 4266 ¹

170 4293 214 4366 11.
243 4291 371 4364 Laicus
395 4287 446 4365 sic
470 4290 670 4379 ordinatus,
699 4289 734 4362 in
759 4290 863 4387 penis
885 4288 1019 4364 ordinis
1041 4290 1287 4365 determinatis
1312 4317 1333 4365 a
1352 4293 1450 4390 jure,

121 4417 151 4492 si
182 4416 448 4492 ecclesiasticus
478 4439 586 4513 supra
617 4413 686 4487 illis
721 4414 963 4513 pronunciare
992 4411 1235 4514 publicatione
1256 4417 1349 4515 juris
1381 4441 1454 4491 non

119 4541 267 4642 poterit,
286 4547 339 4617 est
354 4540 543 4616 actualiter
554 4540 819 4640 degradandus.

174 4665 233 4741 111.
252 4669 382 4741 Servus
396 4666 582 4741 ordinatus
598 4665 676 4740 sine
692 4665 853 4758 licentia,
875 4665 960 4741 licet
980 4673 1174 4764 propterea
1189 4668 1335 4745 domino
1354 4663 1454 4742 resti-

122 4802 256 4886 tuatur,
275 4793 410 4894 gaudet
424 4793 610 4893 priuilegio
625 4793 692 4867 lori
708 4791 955 4866 nihilominus.

170 4915 229 4995 lV.
252 4917 415 4994 Clericus
431 4919 643 5018 conjugatus
660 4918 819 4992 retinens
844 4917 881 4990 in
901 4941 1010 4992 causa
1029 4911 1206 4991 criminali
1228 4917 1454 5016 privilegium

121 5045 187 5120 lori
201 5045 337 5143 gaudet
356 5043 466 5118 etiam
482 5043 579 5118 dicto
595 5042 780 5142 privilegio
795 5043 832 5117 in
848 5067 957 5118 causa
971 5067 1072 5118 mere
1089 5043 1193 5117 civili⁶

157 5281 180 5336 1.
200 5277 238 5336 Le
257 5282 333 5336 texte
347 5275 383 5334 de
397 5291 445 5333 ces
460 5275 633 5333 conclusions
649 5273 720 5332 n'est
731 5275 821 5332 donne
834 5291 887 5347 que
902 5291 951 5349 pur
966 5271 1005 5332 les
1019 5291 1087 5330 mss.
1105 5265 1174 5330 1516
1188 5275 1308 5332 615160.
