3502 6036
79 593 301 652 Decembrclstll]
379 588 508 646 RERUM
531 585 757 644 URBANAHUM
782 585 1042 642 COMMEN'fAllll.
1237 575 1242 586 ’
1337 591 1387 646 175

68 747 161 846 galis,
181 745 329 820 nomine
351 743 517 842 eJusdem
536 738 735 814 cardinalis
756 739 905 813 infirmi.
928 741 1027 814 ldem
1055 741 1222 815 fecerunt
1241 767 1388 817 succes·

70 875 135 948 sire
152 871 288 946 familia
308 875 529 944 RRmorum.
553 869 630 942 DD.
648 865 891 940 cardinalium
914 868 1188 960 Recanatensis,
1217 867 1391 965 Ulissipo-

70 996 181 1072 nensis
199 1002 235 1070 et
254 1022 285 1068 s.
302 993 446 1092 Angeli.
468 996 546 1068 Non
564 992 672 1088 longe
690 992 735 1066 ab
749 990 879 1065 eodem
893 996 1018 1088 ponte,
1039 992 1265 1090 gubernator
1284 993 1391 1068 Urbis

69 1149 146 1199 cum
165 1125 338 1196 senatore
357 1125 393 1194 et
412 1117 731 1194 conservatoribus
749 1141 896 1192 camere
920 1117 1027 1192 Urbis
1049 1119 1215 1193 similiter
1239 1145 1391 1218 recepe-

69 1253 147 1322 runt
157 1246 384 1322 cardinalem
395 1243 612 1332 uenientem,
626 1247 662 1316 et
677 1248 759 1339 post
774 1265 838 1316 cos
854 1241 1156 1341 archiepiscopus
1172 1245 1390 1343 Ragusinus,

71 1398 194 1472 regens
220 1369 442 1446 cancellarie
468 1393 551 1444 cum
579 1368 843 1465 protonotariis
869 1369 1174 1466 participantibus
1200 1375 1237 1443 et
1263 1370 1395 1444 abbre-

71 1493 608 1593 viatoribusdeparcomajori;
624 1498 699 1566 tum
712 1498 755 1568 D.
768 1494 976 1570 Alexander
989 1495 1033 1568 de
1053 1496 1297 1586 Buccabellis,
1317 1496 1394 1570 vice

71 1624 397 1716 rescribendarius,
413 1648 497 1698 cum
514 1621 756 1720 scriptoribus
768 1621 980 1718 apostolicis
995 1623 1194 1720 separatim
1211 1647 1233 1696 a
1248 1628 1396 1720 regente

71 1749 238 1826 etillisde
251 1751 530 1848 parcomajore,
549 1753 632 1846 post
656 1771 718 1822 eos
738 1747 896 1844 quinque
914 1749 1099 1822 auditores
1118 1749 1397 1836 1·otc,ridelicct

74 1879 111 1950 [t.
132 1880 261 1950 Petrus
283 1875 328 1950 de
346 1875 522 1974 accolytis
540 1874 714 1963 decanus,
733 1873 895 1946 Achilles
915 1873 959 1947 de
980 1875 1133 1964 Grassis,
1156 1876 1335 1950 Antonius
1354 1875 1399 1948 de

74 2003 191 2074 llonte
213 2005 250 2074 et
274 2000 459 2074 lohannes
482 1998 674 2088 Vanulius,
696 2001 732 2070 et
754 2021 837 2072 cum
864 1997 916 2072 eis
938 2003 981 2072 b.
1007 1999 1227 2098 Burgundus
1254 1999 1398 2090 Leolus,

75 2125 265 2198 adnodatus
288 2122 569 2210 consistorialis
600 2123 661 2219 qui
687 2121 865 2196 cardinali
893 2123 1049 2197 venienti
1075 2124 1320 2199 reverentiam
1348 2125 1402 2197 fa-

76 2247 207 2322 cientes
224 2247 318 2322 nihil
336 2247 523 2322 dixerunt.
539 2247 702 2320 Tandem
721 2269 836 2343 prope
852 2246 996 2320 vineam
1014 2248 1214 2321 cardinalis
1232 2247 1403 2322 Senensis

77 2373 165 2448 uenit
192 2374 266 2448 dux
299 2374 514 2451 Valentinus
541 2397 623 2447 cum
653 2393 787 2468 magna
816 2393 961 2468 pompa,
997 2373 1225 2469 equestribus
1256 2375 1404 2449 circiter

78 2495 238 2574 ducentis
257 2523 342 2573 cum
359 2525 424 2604 suo
450 2497 663 2572 conestabili
682 2500 852 2593 equestre
877 2519 939 2569 eos
962 2497 1315 2594 p1·ecedantibu5,et
1340 2523 1404 2596 pe-

80 2621 258 2698 destribus
274 2623 457 2713 stalleriis,
475 2623 672 2696 allabardis
685 2645 769 2695 cum
786 2645 858 2694 una
870 2619 984 2694 divisa
998 2644 1090 2695 nora
1103 2623 1240 2696 vestitis
1256 2623 1404 2697 circiter

82 2755 234 2838 centum,
262 2748 422 2823 tibicinis
448 2749 647 2839 sexdecim,
678 2751 715 2821 et
744 2747 794 2820 ibi
819 2746 962 2843 accepit
990 2747 1228 2822 cardinalem.
1256 2754 1345 2824 Gum
1367 2773 1405 2822 se

84 2877 201 2946 mutuo
215 2873 399 2962 viderunt,
414 2875 460 2948 ad
478 2879 636 2947 tractum
652 2871 796 2969 lepidio,
815 2872 1033 2945 detexerunt
1049 2873 1170 2970 capita
1184 2878 1220 2948 et
1234 2873 1406 2971 approxi-

86 2997 221 3072 matisc
244 3003 372 3072 mutuo
400 3003 484 3071 sunt
506 2996 674 3072 osculati.
702 3000 780 3070 Dux
798 2996 970 3093 equitavit
994 2997 1040 3070 ad
1065 2997 1265 3088 sinistram,
1287 2997 1408 3072 cardi·

88 3122 171 3196 nalis
187 3123 232 3196 ad
248 3124 458 3212 dexteram3
473 3147 557 3197 cum
574 3123 668 3196 duce
685 3126 863 3194 venerunt
878 3145 1005 3195 omnes
1022 3123 1261 3198 referendarii
1278 3131 1313 3198 et
1324 3147 1409 3222 pre·

88 3245 142 3321 lati
160 3249 284 3346 palatii
304 3273 459 3324 numero
473 3249 601 3346 viginti
614 3248 669 3321 rel
688 3249 800 3338 circa,
822 3248 1039 3321 cubicularii
1058 3255 1094 3323 et
1113 3249 1276 3325 scutiferi
1295 3255 1406 3349 Papa,

89 3380 117 3446 et
135 3381 259 3450 orator
277 3375 393 3448 laicus
408 3373 505 3472 regis
523 3373 676 3446 Francia
695 3377 732 3446 ct
745 3379 871 3446 orator
887 3373 985 3469 regis
1004 3374 1175 3470 Hispania
1190 3399 1198 3466 ;
1219 3399 1303 3449 cum
1327 3399 1409 3450 car-

91 3499 199 3575 dinale
221 3505 346 3574 autem
370 3503 552 3573 venerunt
576 3498 649 3571 duo
674 3497 809 3570 fratres
827 3499 883 3570 sui
904 3499 1082 3596 germani,
1107 3499 1359 3573 Fordinandus
1375 3505 1411 3573 et

93 3625 344 3720 Sigismundus,
361 3625 433 3699 duo
452 3623 616 3721 episcopi
633 3627 669 3696 et
680 3647 773 3696 unus
789 3623 1064 3720 protonotarius
1080 3631 1116 3698 et
1127 3625 1275 3722 quidam
1291 3623 1412 3698 consi·
1506 3725 1507 3730 Ἰ

94 3748 944 3854 flariusducisFerrarie.Ordinauimusigiturex
956 3749 1105 3846 speciali
1118 3751 1409 3849 mandatoPape,

95 3875 182 3948 socio
197 3897 281 3949 meo
295 3873 332 3946 id
343 3875 540 3963 referente,
559 3873 748 3948 introitum
765 3872 987 3970 hujusmodi,
1006 3897 1027 3947 a
1045 3879 1160 3965 retro,
1181 3873 1254 3949 hoc
1272 3874 1396 3950 modo.

136 4002 216 4074 Post
238 3999 465 4074 cardinalem
490 4003 526 4072 et
546 3999 690 4088 ducem,
711 3999 922 4095 equitarunt
940 3998 1011 4072 duo
1032 4001 1166 4074 fratres
1187 3999 1309 4090 simul,
1331 4007 1414 4100 post

97 4147 149 4198 eos
165 4134 333 4200 oratores
352 4124 508 4221 predicti
526 4125 624 4222 regis
643 4125 798 4198 Francia
817 4148 838 4196 a
855 4123 1006 4215 dextris,
1027 4130 1063 4198 et
1084 4126 1179 4224 regis
1205 4127 1374 4225 Hispania
1395 4151 1416 4200 a

97 4249 261 4339 sinistris;
282 4249 476 4348 episcopus
491 4249 704 4322 Andriensis
716 4249 776 4345 qui
789 4271 872 4322 cum
889 4246 1074 4323 cardinale
1087 4254 1237 4324 Estenso
1250 4257 1414 4344 venerat,

99 4375 259 4450 adextris
272 4381 309 4450 et
324 4376 546 4470 gubernator
560 4373 677 4464 Urbis,
695 4397 716 4446 a
731 4373 888 4446 sinistris
903 4399 910 4464 ;
930 4375 1124 4472 episcopus
1140 4377 1413 4466 comacliensis,

24 4563 25 4582 ,
100 4501 151 4594 qui
165 4502 275 4575 etiam
292 4523 376 4576 cum
396 4500 526 4574 eadam
551 4497 724 4572 cardinali
747 4507 910 4590 venerat,
931 4499 1142 4588 adexteris,
1167 4507 1203 4575 ct
1225 4501 1419 4599 episcopus

102 4624 368 4724 Wigorniensis‚
390 4630 511 4700 orator
532 4623 632 4721 regis
655 4623 784 4721 Anglie
810 4649 832 4698 a
856 4623 1034 4713 sinistris;
1058 4625 1271 4700 Franciscus
1293 4625 1418 4724 Niger,

105 4752 376 4842 protonotarius,
407 4749 576 4848 quicum
601 4747 731 4822 eodem
758 4749 940 4822 cardinale
972 4756 1133 4839 venerat,
1167 4771 1188 4824 a
1212 4749 1359 4837 dextris,
1389 4751 1426 4823 et

106 4879 215 4949 orator
232 4875 388 4973 Philippi
409 4874 618 4948 archiducis
633 4875 779 4947 Austric
796 4900 817 4948 a
836 4874 989 4948 sinistris
1004 4900 1011 4964 ;
1028 4875 1175 4972 quidam
1193 4875 1425 4950 consiliarius

107 4999 195 5074 ducis
212 5005 237 5074 F
240 4999 456 5075 errariensis
474 4999 536 5096 qui
553 5000 674 5088 etiam,
698 5005 736 5072 ut
753 5000 952 5097 prefertur,
973 5007 1134 5090 venerat,
1156 5025 1177 5074 a
1193 5000 1367 5090 dexteriS,
1389 5006 1425 5075 et

108 5132 214 5200 orator
232 5131 458 5202 Venetorum
486 5148 508 5197 a
534 5123 691 5197 sinistris
712 5125 822 5222 primi
849 5125 1001 5224 palatini
1025 5126 1169 5223 prelati,
1196 5129 1338 5224 etpost
1361 5149 1423 5203 eos

109 5248 221 5342 prelati
242 5247 402 5350 palatini,
425 5246 552 5338 etalii,
573 5247 647 5322 bini
666 5253 702 5322 et
720 5247 806 5340 bini,
828 5273 893 5324 suo
912 5247 1050 5324 ordine.
