3506 6034
318 496 371 552 228
757 487 933 545 lOliANNlS
957 485 1180 558 abacelam,
1412 489 1565 554 [Decembre
1581 492 1633 542 rste

367 645 469 735 Heri,
489 647 533 718 D.
556 640 816 730 bernardinus,
837 639 957 715 socius
979 662 1098 732 meus,
1122 639 1244 715 retulit
1264 639 1352 716 mihi
1369 646 1503 739 Papam
1530 642 1640 718 sibiet

318 771 426 846 sociis
447 770 521 844 suis
542 767 737 866 capellanis
760 791 884 841 coram
901 790 945 842 eo
967 765 1236 842 celebrantibus
1255 766 1336 842 heri
1357 767 1493 843 dixisse
1512 767 1642 843 habere
1740 779 1741 836 t

318 900 423 972 LXXI
439 919 554 968 anuos
579 893 685 968 etatls
705 915 784 984 sue,
813 915 905 988 quos
925 898 1021 966 esset
1046 891 1315 989 complecturus
1337 893 1548 967 ultima'die
1568 918 1644 992 pre-

318 1021 430 1096 sentis
452 1019 589 1094 mensis
610 1017 655 1118 (l)
681 1026 715 1094 et
743 1017 892 1092 cuilibet
919 1039 1049 1093 eorum
1078 1017 1233 1091 donasse
1257 1041 1323 1116 pro
1356 1019 1487 1092 strenis
1505 1018 1646 1117 triginta

317 1147 468 1220 ducatos
483 1143 631 1242 papales
646 1143 767 1240 largos
785 1167 828 1216 ac
847 1141 1075 1241 subjunxisse
1093 1141 1185 1215 velle
1202 1141 1353 1240 singulis
1369 1143 1474 1216 aunis
1492 1141 1645 1239 quinque

318 1271 467 1345 ducatos
484 1292 549 1367 pro
569 1268 733 1365 quolibet
747 1291 874 1342 eorum
894 1266 1041 1358 addere,
1059 1273 1096 1342 et
1117 1265 1215 1363 quod
1229 1275 1403 1364 rogarent
1422 1271 1539 1341 Deum
1554 1267 1647 1364 quod

317 1398 363 1471 ab
378 1420 422 1470 eo
436 1398 581 1470 centum
598 1395 750 1468 ducatos
766 1417 839 1468 uua
854 1393 913 1467 die
929 1391 1119 1489 recipient,
1137 1391 1235 1489 quod
1247 1389 1466 1491 laceretit),
1485 1391 1516 1465 si
1534 1391 1647 1468 adhuc

317 1518 591 1612 quatuordecim
612 1519 869 1616 suprauiueret.
891 1517 978 1592 Dies
1000 1516 1130 1592 natalis
1152 1517 1296 1591 Domini
1316 1517 1385 1590 luit
1402 1523 1480 1592 tota
1500 1517 1599 1591 clara
1616 1523 1648 1592 et

317 1665 463 1733 serena;
481 1644 518 1717 iu
533 1643 711 1742 principio
730 1643 861 1734 noctis,
879 1643 1017 1740 incepit
1032 1665 1113 1717 esse
1129 1649 1274 1740 tempus
1292 1641 1500 1717 humidum.

364 1769 469 1842 Faria
485 1769 655 1860 secunda,
676 1773 720 1841 16
738 1768 876 1843 mensis
895 1766 1100 1842 decembris
1115 1767 1281 1865 predicti,
1299 1767 1392 1841 leste
1408 1791 1438 1840 s.
1460 1765 1646 1865 Stephani,

318 1894 444 1968 Rmus.
472 1898 515 1968 D.
537 1893 729 1970 cardinalis
753 1919 782 1968 s.
808 1892 982 1968 Praxedis
1007 1891 1201 1967 celebravit
1218 1892 1367 1966 missam
1390 1892 1595 1967 solemnem
1615 1893 1649 1965 in

318 2017 457 2116 capella
480 2019 618 2116 majore
642 2018 781 2117 palatii,
800 2021 897 2116 Papa
919 2018 1069 2092 absente
1090 2039 1097 2090 :
1120 2040 1194 2091 nou
1214 2017 1281 2092 luit
1297 2027 1434 2107 sermo;
1458 2015 1531 2090 alia
1551 2039 1649 2091 more

317 2143 437 2216 solito.
466 2143 549 2217 Dies
570 2143 640 2218 hec
663 2144 729 2217 luit
750 2143 902 2218 humida
927 2166 1010 2216 cum
1037 2141 1159 2217 subtili
1184 2141 1302 2240 pluria
1323 2141 1507 2232 continue,
1541 2143 1647 2215 etiam

319 2271 427 2342 nocte
444 2269 663 2365 precedente
680 2273 716 2342 et
734 2273 922 2364 sequente.
1355 2253 1359 2260 ⁸

370 2392 475 2466 Feria
492 2393 611 2485 tertia,
631 2396 675 2465 27
700 2392 864 2492 ejusdem
879 2393 1031 2484 mensis,
1056 2391 1148 2466 testo
1166 2417 1196 2465 s.
1218 2391 1393 2466 lobannis
1414 2389 1649 2488 evangeliste,

319 2521 441 2593 Rmus.
475 2522 518 2592 D.
548 2515 743 2592 cardinalis
769 2543 799 2592 s.
831 2495 955 2593 Crucis
986 2517 1180 2593 celebravit
1206 2517 1355 2592 missam
1383 2517 1587 2592 solemnem
1617 2516 1653 2588 iu

318 2641 695 2740 capellasupradicta,
718 2642 897 2717 inlocum
922 2641 1016 2716 Rmi.
1049 2645 1091 2716 D.
1115 2641 1307 2716 cardinalis
1333 2640 1562 2740 Agrigentini
1591 2639 1651 2737 qui

319 2767 473 2844 debebat
496 2766 680 2844 celebrare
703 2768 813 2864 quod,
832 2775 983 2866 propter
1007 2767 1324 2865 supervenientem
1345 2774 1453 2842 nocte
1476 2765 1653 2864 preterita
1740 2851 1741 2870 ,

320 2892 540 2990 chiragram,
559 2891 678 2967 lacere
696 2915 769 2968 nou
790 2893 924 2991 potuit;
945 2900 981 2970 et
1005 2898 1199 2991 propterea
1216 2892 1288 2966 boc
1308 2913 1415 2967 mane
1438 2891 1476 2966 in
1494 2889 1654 2964 diluculo

319 3017 405 3093 lecit
419 3041 551 3115 rogare
566 3018 745 3116 prelatum
762 3022 905 3094 Rmum.
924 3022 965 3092 D.
983 3019 1203 3094 cardinalem
1220 3043 1249 3092 s.
1273 3017 1395 3094 Crucis
1411 3016 1507 3115 quod
1523 3039 1590 3113 pro
1609 3037 1654 3090 eo

319 3141 539 3233 celebraret3
562 3149 598 3218 et
617 3141 677 3218 ille
698 3142 897 3240 acceptavit
917 3150 953 3218 et
977 3142 1076 3218 lecit.
1105 3146 1185 3218 Non
1206 3143 1273 3218 suit
1299 3148 1496 3232 sermo,'et
1516 3142 1580 3215 SS.
1607 3143 1653 3214 D.
1740 3119 1741 3180 Ὗ

320 3271 446 3341 noster
463 3267 547 3341 huic
563 3267 673 3341 misse
689 3291 763 3343 uon
779 3268 955 3343 interluit.
972 3269 1051 3346 Alia
1065 3292 1150 3342 vero
1166 3276 1246 3344 acta
1265 3273 1348 3342 suut
1365 3289 1466 3342 more
1483 3266 1604 3342 solito.

370 3397 482 3468 Nocte
507 3393 684 3492 preterita
704 3393 809 3491 pluit,
834 3401 869 3469 et
893 3393 965 3470 boe
991 3415 1112 3483 manc,
1142 3417 1226 3469 cum
1246 3405 1411 3468 essemus
1437 3393 1473 3466 in
1496 3393 1654 3490 capella,

321 3519 416 3592 iutra
430 3519 579 3593 missam
600 3519 666 3593 luit
688 3539 820 3618 magua
839 3525 1037 3616 tempestas
1059 3543 1144 3594 cum
1158 3518 1301 3616 magnis
1321 3517 1504 3608 tonitruis,
1522 3523 1557 3591 et
1575 3521 1665 3592 tota'

320 3644 397 3720 dies
415 3644 480 3717 luit
495 3644 652 3719 obscura
672 3667 679 3716 :
699 3643 770 3717 boc
785 3643 866 3717 dico
882 3651 1032 3742 propter
1049 3645 1211 3742 regulam
1229 3644 1447 3718 rusticorum
1460 3642 1665 3718 duodecim

320 3769 615 3844 meusiumanni.
1025 3791 1028 3797 ·
1578 3777 1582 3782 '
1740 3755 1741 3778 ³

372 3893 477 3968 Faria
494 3899 635 3990 quarta,
657 3897 702 3966 28
723 3894 939 3984 decembris,
958 3895 1053 3970 festo
1072 3901 1285 3970 sauctorum
1300 3895 1563 3985 innocentium,
1591 3894 1661 3968 luit

321 4025 464 4114 tempus
482 4019 679 4093 obscurum
693 4027 729 4094 et
742 4020 861 4116 pluvia
872 4020 1027 4110 subtilis,
1042 4020 1253 4096 continuata
1264 4019 1427 4110 tetadie;
1446 4025 1483 4094 et
1499 4020 1536 4092 in
1549 4028 1659 4094 nocte

323 4147 495 4240 sequente
512 4143 642 4218 cecidit
661 4143 722 4217 nix
740 4143 785 4218 ad
800 4145 1030 4220 altitudinem
1042 4151 1197 4242 quatuor
1211 4144 1420 4242 digitorum.

372 4267 478 4343 Feria
504 4268 645 4366 quinta,
676 4274 721 4344 29
753 4270 975 4360 decembriS,
1007 4271 1101 4345 sesto
1131 4293 1160 4344 s.
1195 4271 1334 4346 Thome
1367 4269 1654 4361 Centauricusis,

322 4397 364 4468 R.
398 4396 444 4468 D.
474 4393 668 4492 Sylvester,
693 4394 893 4492 episcopus
918 4395 1184 4493 vigorniensis,
1222 4400 1351 4470 orator
1382 4396 1482 4495 regis
1507 4397 1655 4495 Anglie,

321 4517 515 4593 celebrarit
537 4517 686 4592 missam
715 4519 916 4594 solemnem
940 4521 976 4594 iu
1003 4520 1159 4596 ecclesie
1179 4517 1375 4618 hospitalis
1400 4521 1654 4617 Anglicorum,

323 4645 381 4717 eui
405 4647 530 4716 umus.
556 4647 598 4716 D.
625 4643 822 4716 cardinalis
846 4644 1018 4718 Senensis
1041 4643 1227 4719 interluit:
1253 4644 1349 4718 sedit
1371 4643 1407 4718 iu
1432 4651 1565 4742 parato
1587 4645 1657 4718 sibi

322 4790 471 4842 scamno
499 4765 683 4842 communi
705 4765 812 4865 juata
832 4791 978 4840 murum
1005 4772 1089 4841 aute
1115 4767 1233 4842 altere
1256 4768 1354 4864 quod
1382 4775 1437 4843 est
1461 4767 1498 4840 iu
1520 4767 1656 4866 angulo

321 4891 417 4966 dicte
436 4891 591 4966 ecclesie
617 4897 699 4987 post
720 4914 832 4965 cornu
855 4891 1030 4988 evangelii
1055 4891 1181 4966 altaris
1204 4892 1372 4990 majoris,
1395 4899 1430 4965 et
1453 4892 1545 4966 bene
1571 4890 1655 4964 luit.

358 5080 387 5140 1.
401 5078 473 5154 ch.
489 5083 509 5135 t.
525 5079 550 5135 ll
565 5079 599 5136 de
613 5083 683 5138 cette
699 5077 765 5138 edit.
782 5097 846 5154 pag.
861 5081 915 5136 425
927 5085 956 5138 et
969 5075 996 5136 la
1009 5085 1074 5138 note
1084 5081 1112 5138 1.

356 5169 387 5228 2.
400 5167 473 5224 Tolle
487 5173 530 5225 est
544 5167 571 5226 la
584 5167 662 5238 lecca
677 5168 714 5224 du
729 5165 820 5244 chigi,
832 5169 863 5225 L.
881 5171 907 5240 1,
924 5171 967 5238 14,
981 5168 1001 5226 l.
1018 5169 1085 5242 181;
1099 5167 1125 5228 le
1141 5171 1189 5228 151
1205 5168 1297 5228 donne
1314 5186 1321 5228 ι
1338 5173 1440 5244 «fieret
1453 5191 1467 5224 a
1483 5169 1503 5232 1.
1519 5171 1582 5242 159,
1597 5189 1626 5232 v.
