3590 6042
342 608 380 664 72
799 601 976 659 Jounuurs
999 599 1222 671 auacxxruu,
1510 601 1601 665 [iou
1615 605 1684 668 run]

346 759 550 856 portantes,
571 757 702 832 deinde
719 757 838 831 clerus
856 755 1148 830 societatisdicte
1166 756 1333 848 ecclesie,
1347 761 1431 855 post
1448 781 1538 832 eum
1560 757 1681 855 imago
1771 777 1772 816 ὲ

348 883 515 981 predicta
537 908 607 981 que
635 883 672 957 in
698 887 857 980 quatuor
884 881 1023 956 baculis
1047 883 1267 978 portabatur
1289 907 1355 980 per
1383 888 1549 980 quatuor
1574 883 1682 956 laicos

349 1008 534 1082 societatis
557 1009 740 1106 predicte;
766 1007 965 1106 imaginem
991 1007 1239 1104 sequebantur
1261 1008 1458 1082 multitudo
1480 1007 1683 1081 mulierum

348 1156 504 1207 numero
521 1133 729 1231 quindecim
748 1133 850 1206 mille
868 1133 925 1206 rel
943 1132 1056 1222 eirca,
1078 1133 1188 1206 etiam
1208 1133 1347 1231 singule
1368 1133 1535 1230 singulas
1556 1133 1685 1206 cande·

355 1258 409 1332 les
425 1283 535 1334 manu
553 1263 762 1356 portantes;
783 1261 823 1332 ut
841 1258 979 1332 dicium
997 1257 1064 1330 luit
1081 1259 1144 1331 SS.
1167 1260 1208 1330 D.
1229 1263 1397 1332 nostrum
1412 1257 1571 1356 singulis
1590 1257 1682 1332 dicte

349 1383 576 1480 processioni
593 1382 898 1457 interessentibus
910 1382 1091 1481 jubileum
1110 1381 1346 1456 concessisse.

398 1507 534 1583 Eadem
553 1509 625 1614 die,
647 1509 684 1582 in
701 1509 854 1582 meridie
872 1531 941 1606 pro
965 1508 1087 1605 prima
1107 1507 1197 1597 rice,
1222 1507 1408 1604 pulsatum
1431 1511 1487 1581 est
1505 1507 1546 1580 in
1572 1507 1684 1580 omni·

349 1635 417 1706 bus
435 1633 601 1708 eeclesiis
619 1633 896 1732 parochialibus
916 1633 1025 1707 Urbis
1046 1632 1161 1706 Pater
1180 1632 1312 1706 Noster
1334 1638 1371 1706 et
1392 1633 1471 1706 Aoe
1487 1631 1619 1706 Maria
1637 1631 1684 1703 di·

349 1759 506 1831 cendum
529 1763 659 1832 contra
682 1763 834 1849 Turcas,
860 1762 973 1856 prout
994 1763 1162 1855 tempore
1188 1757 1302 1833 l'elicis
1324 1756 1602 1834 recordationis
1625 1759 1684 1830 Co·
1771 1753 1772 1836 ξ

349 1882 425 1956 lixti
457 1887 555 1982 Pspe
586 1887 633 1958 lll
664 1884 732 1958 luit
766 1883 987 1974 institutum,
1019 1889 1056 1958 et
1092 1909 1136 1958 ex
1163 1888 1268 1982 parte
1305 1885 1368 1957 SS.
1398 1887 1440 1957 l).
1477 1881 1615 1970 nostri,
1648 1885 1683 1953 ut

349 2007 524 2099 intellexi,
552 2010 765 2082 mandatum
793 2009 931 2108 pulsari
953 2009 1165 2108 hujusmodi
1187 2009 1224 2082 in
1246 2008 1401 2083 meridie
1421 2007 1580 2105 singulis
1604 2003 1682 2080 enni

349 2131 492 2221 diebus,
512 2133 698 2231 perpetuis
716 2133 846 2207 tuturis
869 2134 997 2208 diebus
1015 2135 1153 2208 debere
1172 2133 1373 2208 observari.

397 2257 505 2331 Feria
530 2257 653 2348 tertia,
678 2265 717 2332 ll
745 2260 902 2356 predicti
929 2261 1064 2334 mensis
1092 2260 1249 2359 augusti,
1280 2264 1391 2332 Rmus
1419 2263 1461 2332 l).
1483 2255 1681 2331 cardinalis

347 2381 607 2479 Agrigentinus
642 2385 841 2459 celebravit
871 2387 1022 2460 missam
1059 2387 1263 2482 solemnem
1294 2384 1331 2458 in
1363 2382 1507 2481 capella
1542 2381 1680 2477 majore
1771 2403 1772 2414 ¹

348 2508 474 2604 palatii
494 2510 539 2583 de
562 2511 698 2607 Spiritu
721 2515 860 2602 sancto,
887 2533 990 2585 more
1010 2511 1116 2586 solito
1140 2511 1176 2584 in
1195 2509 1443 2585 anniversario
1467 2503 1682 2602 assumptio-

348 2633 405 2706 nis
422 2636 486 2708 SS·
508 2637 550 2709 D·
570 2638 613 2710 N·
635 2639 732 2733 pape
749 2635 947 2710 Alexandri
959 2640 1020 2728 Vl,
1039 2637 1116 2734 ipso
1130 2640 1229 2734 Papa
1246 2637 1410 2710 absente.
1431 2631 1680 2706 luterluerunt
1771 2679 1772 2682 ,

350 2763 491 2855 sepiem
528 2759 590 2833 elii
617 2760 823 2834 cardinales
858 2766 984 2858 preter
1022 2761 1298 2836 celebrantem:
1336 2758 1614 2856 Neapolitanus,
1650 2776 1676 2823 s.
1771 2787 1772 2830 f

350 2883 539 2974 Praxedis,
565 2884 847 2974 Alexandrinus,
874 2909 904 2958 s.
925 2885 1068 2976 Crucis
1091 2885 1301 2977 GureensiS,
1322 2883 1493 2959 Senensis
1520 2885 1559 2954 et
1575 2876 1680 2951 Medi-

350 3031 424 3098 ees,
449 3013 607 3104 quatuor
633 3009 861 3102 cubicularii,
891 3011 963 3084 duo
989 3011 1153 3084 scutiferi
1177 3015 1275 3108 Pape
1300 3009 1419 3084 etalii
1445 3005 1622 3082 officiales
1647 3007 1679 3072 et
1771 2999 1772 3044 ³

350 3133 497 3230 prelati;
528 3156 633 3208 more
652 3134 771 3228 solito,
792 3143 875 3233 post
891 3135 923 3209 A
928 3159 1025 3233 poue
1041 3136 1125 3226 Dei,
1149 3138 1212 3210 SS.
1234 3140 1277 3210 D.
1298 3140 1423 3208 noster
1442 3132 1543 3206 misit
1565 3130 1610 3203 ἃᾶ
1628 3149 1679 3200 ca·
1771 3155 1772 3202 3

351 3257 484 3354 pellam
503 3263 547 3332 a.
572 3262 775 3357 Gasperem
794 3264 883 3336 Poto
911 3260 1176 3336 cubicularium
1194 3283 1301 3333 suum
1321 3262 1505 3347 secretum
1529 3276 1615 3330 eum
1632 3251 1679 3322 in·
1771 3293 1772 3366 p

350 3382 545 3480 dulgentiis
566 3389 707 3483 septem
730 3409 912 3461 annorum
929 3391 967 3462 et
993 3387 1143 3461 totidem
1167 3386 1489 3483 quadragenarum
1507 3405 1576 3478 per
1591 3377 1678 3454 ccle-

350 3493 517 3584 brantem
534 3511 671 3608 populo
687 3513 988 3609 pronunciandis.

400 3638 537 3711 Eodem
560 3659 658 3727 sero,
684 3642 872 3735 portatum
891 3639 958 3714 luit
981 3641 1027 3714 ad
1048 3640 1183 3713 Urbem
1202 3638 1360 3713 cadaver
1376 3640 1420 3710 D.
1439 3629 1620 3708 Dominiei
1636 3627 1675 3698 dc

350 3763 548 3860 Capramee
562 3762 688 3837 cleriei
702 3787 848 3837 comere
866 3765 1065 3862 apostolice
1081 3765 1126 3837 de
1145 3763 1290 3838 civitate
1302 3765 1524 3849 Gornetena,
1545 3759 1583 3830 in
1597 3773 1673 3850 qua,

350 3886 534 3961 dominico
554 3887 721 3984 proxime
740 3888 932 3984 preterita,
958 3895 979 3964 9
997 3890 1121 3988 hujuS,
1146 3912 1230 3964 eum
1251 3887 1353 3961 febre
1370 3881 1604 3984 pestilentiali
1622 3877 1677 3949 de·

351 4011 495 4085 functus
512 4016 593 4086 eret
610 4011 830 4110 (requieseat
845 4014 881 4087 in
900 4013 1018 4114 pace),
1036 4019 1072 4088 et
1089 4015 1148 4089 die
1161 4013 1346 4103 mercurii,
1368 4017 1410 4084 12
1427 4009 1552 4108 hujus,
1573 4023 1674 4101 capso

350 4159 393 4209 ae
412 4137 441 4209 si
461 4141 558 4210 esset
575 4135 613 4209 in
631 4159 675 4211 ea
692 4138 847 4214 cadaver
865 4140 1072 4236 predictum
1091 4162 1174 4213 cum
1191 4138 1301 4238 pellio
1320 4141 1357 4211 et
1376 4135 1456 4210 eliis
1475 4131 1671 4242 ornatibus,

349 4260 631 4357 precedentibus
650 4261 892 4360 quadraginta
917 4263 1119 4354 intortitiis,
1150 4268 1187 4336 et
1214 4259 1524 4358 subsequentibus
1548 4263 1584 4330 et
1604 4273 1675 4351 pre-

349 4384 431 4458 latis
450 4407 493 4457 ae
510 4385 603 4476 aliis,
620 4408 722 4461 more
739 4387 860 4478 solito,
881 4388 927 4462 de
945 4388 1055 4463 domo
1072 4413 1139 4462 sua
1157 4387 1203 4463 ad
1220 4389 1358 4460 dictem
1372 4384 1568 4460 eeclesiam
1585 4395 1674 4455 asso·

351 4507 543 4599 cientibus,
562 4515 763 4606 portatum.

399 4633 507 4708 Ferie
528 4636 652 4726 tertie,
681 4641 724 4709 l8
752 4637 841 4711 dicti
870 4639 1006 4712 mensis
1033 4638 1192 4736 augusti,
1223 4637 1363 4711 lllmus.
1394 4639 1443 4710 D.
1472 4635 1672 4733 Alphonsus

351 4759 396 4833 de
414 4761 613 4859 Aragonia,
640 4761 713 4836 dux
741 4762 975 4837 Biselliarum
1004 4769 1041 4838 et
1067 4764 1240 4862 princeps
1269 4761 1536 4852 Salernitanus,
1566 4753 1672 4858 quiin
1771 4765 1772 4774 ¹

353 4907 437 4958 sero
464 4885 538 4958 diei
567 4911 611 4961 xv
633 4887 771 4960 mensis
788 4887 872 4986 julii
902 4890 1070 4986 proxime
1098 4887 1267 4986 preteriti
1292 4887 1454 4986 graviter
1477 4885 1545 4959 luit
1562 4881 1673 4958 vulne·

351 5013 454 5083 ratus
473 5035 516 5085 ac
538 5012 671 5086 deinde
699 5014 745 5086 ad
773 5013 907 5086 turrim
933 5017 1070 5088 Novam
1098 5035 1212 5111 supra
1236 5012 1425 5086 cantinam
1449 5023 1670 5085 communem

352 5139 450 5232 Pape
478 5135 516 5208 in
535 5137 645 5212 horto
673 5137 805 5236 majori
834 5139 961 5236 palatii
981 5139 1079 5237 apud
1106 5163 1135 5212 s.
1164 5141 1314 5212 Petrum
1340 5140 1511 5234 portatus
1542 5137 1580 5208 et
1596 5127 1670 5204 dili.-

353 5265 483 5360 genter
495 5263 712 5356 custoditus,
732 5287 815 5338 cum
844 5287 918 5338 non
943 5264 1053 5338 vellet
1081 5289 1125 5338 ex
1149 5260 1362 5361 hujusmodi
1380 5261 1592 5336 vulneribus
1609 5249 1667 5327 sibi
