3506 6034
104 535 246 602 ruane
259 531 329 596 aar
429 530 556 590 annun
579 528 805 589 unumunurn
830 529 1093 592 counrnmau.
1373 533 1433 592 aa·

104 687 258 776 diocoui;
279 685 342 784 qui
359 707 487 760 omnes
506 685 681 759 sederunt
697 683 734 758 in
758 707 835 758 uno·
851 685 970 760 banco
987 685 1034 760 ad
1054 685 1237 761 sinistrum
1255 687 1424 763 intrantis

102 811 302 908 perostimn
324 810 528 910 principale
546 809 680 884 dictum
697 809 888 908 capellam.
912 815 1065 910 Propter
1088 811 1269 888 fenestras
1289 815 1335 888 ab
1352 815 1432 888 alia·

99 947 195 1039 porto
222 937 421 1012 existentes
446 937 625 1034 antiquas,
650 935 772 1010 socius
796 959 900 1010 meus
926 936 1013 1034 iecit
1039 939 1182 1012 extendi
1209 963 1349 1038 pannos
1379 940 1423 1016 de

99 1065 229 1152 rascia3
248 1065 398 1138 mumna
410 1083 475 1162 pro
489 1061 639 1160 prelatis
654 1061 774 1159 posita
787 1061 937 1135 luerunt
952 1067 1035 1159 post
1049 1063 1251 1160 predictum
1266 1066 1423 1141 baneam

98 1195 243 1288 quotuor
260 1188 498 1264 cardinalium
515 1185 812 1262 interessendum
831 1210 897 1284 per
912 1187 1062 1286 longum
1081 1189 1231 1287 capelle.
1255 1194 1295 1266 ln
1308 1215 1427 1290 oppo-

98 1316 161 1390 sito
176 1314 402 1413 prelatorum
423 1317 603 1388 steterunt
621 1319 794 1388 cantores
811 1317 1055 1388 sextantum:
1077 1313 1261 1390 intorticia
1277 1318 1424 1392 luerunt

97 1439 241 1515 indicta
260 1438 425 1538 [capella]
445 1437 563 1537 posita
580 1461 690 1536 super
712 1461 775 1514 sex
798 1435 1027 1512 candelabris
1049 1439 1145 1531 altis,
1169 1440 1334 1518 videlicet
1352 1443 1423 1517 tria

93 1565 189 1662 juxto
212 1563 334 1638 locum
358 1569 572 1654 cantorum,
598 1563 670 1636 alio
692 1585 794 1636 more
817 1561 936 1636 solito.
964 1565 1040 1660 Ego
1067 1586 1140 1636 non
1167 1564 1331 1656 interlui,
1358 1569 1423 1644 sed

96 1689 208 1764 socius
223 1712 327 1764 meus
345 1689 407 1786 qui
424 1689 583 1764 cantavit
597 1688 792 1764 secundam
806 1687 967 1777 missam,
986 1693 1021 1762 el
1034 1688 1105 1762 bec
1120 1689 1210 1763 mibi
1226 1692 1369 1789 retulit(
1396 1691 1419 1791 ).

694 2413 810 2485 MDlll

135 2817 240 2889 Anno
258 2815 482 2892 anatiritate
501 2817 648 2891 Domini
663 2821 793 2908 ololll,
810 2817 1008 2893 indictione
1029 2821 1140 2908 sexto,
1163 2817 1222 2891 die
1238 2816 1423 2891 dominica

98 2941 139 3011 25
155 2939 244 3014 dicti
268 2934 405 3014 mensis
422 2942 643 3034 decembris,
669 2943 760 3017 lesio
783 2943 980 3018 nativitatis
999 2941 1187 3016 salvatoris
1204 2940 1320 3015 nostri
1337 2945 1422 3014 lesu

95 3062 244 3154 Christi,
277 3068 402 3138 Rmus.
434 3069 476 3139 D.
507 3066 708 3140 cardinalis
740 3071 1016 3143 Beneventanus
1044 3066 1244 3142 celebravit
1271 3065 1421 3140 missam

94 3186 292 3262 solemnem
305 3187 343 3262 in
354 3190 505 3264 basilica
514 3191 685 3288 principis
696 3192 943 3290 apostolorum
955 3193 999 3266 de
1011 3192 1120 3282 Urbe,
1136 3195 1234 3288 Papa
1247 3191 1397 3264 absente
1410 3212 1419 3262 :

94 3333 161 3387 uon
178 3311 245 3387 luit
260 3337 398 3406 sermo,
419 3315 490 3389 alia
507 3337 610 3391 more
626 3316 745 3392 solite.

138 3439 225 3512 Posi
239 3439 433 3536 prandium
459 3439 603 3516 iverunt
619 3442 665 3516 ad
687 3443 845 3541 plateam
861 3469 891 3517 s.
916 3441 1015 3518 Petri
1031 3441 1179 3538 triginta
1201 3437 1422 3524 mascherati

94 3560 266 3637 lmbenles
282 3585 392 3638 nasos
406 3563 535 3664 longos
551 3571 589 3641 et
602 3587 752 3664 grossos
767 3568 803 3642 in
818 3567 974 3644 lormam
993 3566 1200 3666 priaporum
1216 3563 1288 3637 sive
1304 3585 1420 3636 mem-

95 3683 238 3762 brorum
253 3685 417 3764 virilium
433 3687 470 3764 in
485 3713 620 3791 magna
641 3694 853 3790 quontitate,
874 3692 1092 3792 precedente
1111 3689 1236 3766 valisia
1250 3687 1421 3763 cardina-

92 3809 153 3888 lari
168 3813 329 3889 habente
344 3823 487 3890 scutum
498 3839 582 3892 oum
593 3817 707 3896 tribus
723 3820 866 3911 taxillis,
880 3842 988 3916 quam
1001 3817 1246 3915 sequebantur
1259 3813 1422 3888 scutiferi

96 3943 127 4012 et
140 3937 223 4012 illos
238 3935 406 4029 malleni,
426 3941 508 4038 post
525 3963 616 4037 quos
637 3943 808 4039 equitavit
825 3969 916 4017 unus
931 3945 968 4017 in
985 3949 1085 4018 vesle
1102 3942 1212 4038 longa
1232 3946 1267 4016 et
1283 3925 1421 4038 capello

95 4063 241 4162 antiquo
269 4058 514 4138 cardinalari:
541 4065 651 4139 etiam
675 4067 831 4142 mallerii
853 4067 1064 4166 equitabant
1091 4067 1227 4156 asinos,
1251 4069 1288 4139 et
1312 4065 1422 4161 aliqui

94 4207 219 4262 eorum
234 4195 310 4262 tam
326 4211 457 4286 paruos
472 4189 569 4286 quod
587 4191 740 4288 pedibus
756 4217 883 4268 eorum
899 4201 1035 4268 terram
1052 4191 1248 4290 tangebant
1264 4194 1301 4264 et
1314 4190 1423 4265 simul

96 4334 178 4388 cum
194 4311 307 4388 asinis
320 4313 566 4406 ambulabant,
583 4315 653 4390 illis
669 4311 881 4394 insidentes.
895 4317 1151 4392 ascenderunt
1166 4313 1211 4389 ad
1228 4314 1423 4412 plateolam

96 4434 186 4512 inter
205 4444 351 4537 portam
378 4439 501 4536 palatii
527 4447 562 4516 et
592 4442 814 4518 audientiam
837 4445 897 4518 ubi
923 4441 1162 4533 ostenderunt
1181 4465 1219 4514 se
1246 4444 1341 4536 Pepe
1362 4439 1422 4534 qui

94 4570 166 4638 erat
181 4563 219 4637 in
236 4563 400 4638 fenestra
423 4573 690 4665 supraportam
716 4569 753 4642 in
777 4569 877 4668 logia
892 4567 1065 4659 Paulina;
1086 4567 1218 4642 deinde
1239 4565 1423 4662 equitave-

94 4696 171 4764 runt
186 4713 252 4787 pcr
267 4693 382 4765 totam
398 4689 544 4766 Urbem.

6 4963 7 5030 ξ
109 4958 151 5012 ⁴l.
171 4957 209 5016 bo
223 4973 292 5017 mss.
312 4961 394 5034 5522,
409 4950 430 5003 i·
458 4946 567 5022 lirul.
583 4955 635 5014 45⁰
655 4974 681 5012 r.
704 4955 814 5014 s'arrete
837 4949 872 5011 ici
887 4959 914 5011 el
932 4950 1023 5009 donne
1043 4949 1160 5020 ensuite,
1188 4949 1225 5004 du
1248 4946 1293 5004 lol.
1314 4945 1366 5003 lot
1389 4959 1431 5001 aa

91 5041 113 5101 f.
126 5047 187 5118 477,
203 5047 244 5107 les
253 5049 346 5109 lettres
360 5052 397 5110 du
411 5067 482 5128 pape
496 5053 513 5106 b
529 5045 707 5113 Saronarole‚
718 5045 842 5120 publiees
855 5045 924 5101 duos
940 5043 994 5100 let.
1007 5043 1032 5098 ll
1047 5040 1081 5126 de
1095 5047 1167 5096 cette
1177 5037 1294 5122 edition.
1308 5037 1379 5092 Tout
1393 5051 1424 5090 ce

91 5132 136 5207 qui
158 5137 215 5196 suit
228 5157 348 5216 manque
363 5143 433 5200 dans
448 5141 473 5198 le
488 5155 555 5196 mss.
569 5137 684 5206 5522243
699 5135 770 5194 mais
782 5139 827 5192 est
841 5135 932 5191 donne
947 5133 1016 5190 dans
1033 5131 1074 5187 les
1088 5147 1157 5188 mss.
1171 5123 1424 5202 Chigi‘etblaglia*

92 5226 183 5288 bmcbi
198 5229 305 5290 dontio
320 5237 395 5290 texts
409 5237 452 5289 est
465 5229 503 5287 ¹ici
519 5226 676 5312 reproduit.'
691 5249 693 5254 ·
758 5253 762 5261 ·
