<?xml version="1.0" encoding="UTF-8"?>
<!DOCTYPE html PUBLIC "-//W3C//DTD XHTML 1.0 Transitional//EN"
    "http://www.w3.org/TR/xhtml1/DTD/xhtml1-transitional.dtd">
<html xmlns="http://www.w3.org/1999/xhtml" xml:lang="en" lang="en">
 <head>
  <title>
</title>
<meta http-equiv="Content-Type" content="text/html;charset=utf-8" />
  <meta name='ocr-system' content='tesseract 3.04.00' />
  <meta name='ocr-capabilities' content='ocr_page ocr_carea ocr_par ocr_line ocrx_word'/>
</head>
<body>
  <div class='ocr_page' id='page_1' title='image "./johannisburchar03burcgoog/johannisburchar03burcgoog_0260.png"; bbox 0 0 3502 6036; ppageno 0'>
   <div class='ocr_carea' id='block_1_1' title="bbox 342 593 1677 668">
    <p class='ocr_par' dir='ltr' id='par_1_1' title="bbox 342 593 1677 668">
     <span class='ocr_line' id='line_1_1' title="bbox 342 593 1677 668; baseline 0.004 -17"><span class='ocrx_word' id='word_1_1' title='bbox 342 595 394 652; x_wconf 81' lang='lat'>182</span> <span class='ocrx_word' id='word_1_2' title='bbox 795 593 970 654; x_wconf 79' lang='lat' dir='ltr'>lOHdNNlS</span> <span class='ocrx_word' id='word_1_3' title='bbox 994 595 1217 668; x_wconf 69' lang='lat' dir='ltr'>cucculum,</span> <span class='ocrx_word' id='word_1_4' title='bbox 1429 596 1591 660; x_wconf 56' lang='grc' dir='ltr'>[ΝΟΜ</span> <span class='ocrx_word' id='word_1_5' title='bbox 1606 597 1677 657; x_wconf 81' lang='lat'>¹⁵⁰²]</span> 
     </span>
    </p>
   </div>
   <div class='ocr_carea' id='block_1_2' title="bbox 275 747 1675 2221">
    <p class='ocr_par' dir='ltr' id='par_1_2' title="bbox 390 747 1675 850">
     <span class='ocr_line' id='line_1_2' title="bbox 390 747 1675 850; baseline 0.002 -31"><span class='ocrx_word' id='word_1_6' title='bbox 390 747 497 820; x_wconf 87' lang='lat' dir='ltr'>Ferie</span> <span class='ocrx_word' id='word_1_7' title='bbox 522 753 635 834; x_wconf 87' lang='lat' dir='ltr'>sexta,</span> <span class='ocrx_word' id='word_1_8' title='bbox 664 747 794 822; x_wconf 86' lang='lat' dir='ltr'>ultima</span> <span class='ocrx_word' id='word_1_9' title='bbox 813 749 949 822; x_wconf 82' lang='lat' dir='ltr'>mensis</span> <span class='ocrx_word' id='word_1_10' title='bbox 968 751 1186 842; x_wconf 82' lang='lat' dir='ltr'>decembris,</span> <span class='ocrx_word' id='word_1_11' title='bbox 1215 775 1368 850; x_wconf 89' lang='lat' dir='ltr'>vespere</span> <span class='ocrx_word' id='word_1_12' title='bbox 1388 751 1533 825; x_wconf 89' lang='lat' dir='ltr'>luerunt</span> <span class='ocrx_word' id='word_1_13' title='bbox 1557 749 1596 822; x_wconf 93' lang='lat' dir='ltr'>in</span> <span class='ocrx_word' id='word_1_14' title='bbox 1616 773 1675 822; x_wconf 90' lang='lat' dir='ltr'>ca·</span> 
     </span>
    </p>

    <p class='ocr_par' dir='ltr' id='par_1_3' title="bbox 275 871 1675 1846">
     <span class='ocr_line' id='line_1_3' title="bbox 340 871 1674 972; baseline 0.001 -27"><span class='ocrx_word' id='word_1_15' title='bbox 340 871 435 970; x_wconf 86' lang='lat' dir='ltr'>pella</span> <span class='ocrx_word' id='word_1_16' title='bbox 449 873 588 969; x_wconf 88' lang='lat' dir='ltr'>majore</span> <span class='ocrx_word' id='word_1_17' title='bbox 601 871 739 970; x_wconf 86' lang='lat' dir='ltr'>palatii,</span> <span class='ocrx_word' id='word_1_18' title='bbox 762 877 859 970; x_wconf 86' lang='lat' dir='ltr'>Papa</span> <span class='ocrx_word' id='word_1_19' title='bbox 872 882 1055 972; x_wconf 72' lang='lat' dir='ltr'>presente,</span> <span class='ocrx_word' id='word_1_20' title='bbox 1074 883 1111 950; x_wconf 90' lang='lat' dir='ltr'>et</span> <span class='ocrx_word' id='word_1_21' title='bbox 1129 876 1295 966; x_wconf 84' lang='lat' dir='ltr'>sabbato,</span> <span class='ocrx_word' id='word_1_22' title='bbox 1316 883 1330 950; x_wconf 92' lang='lat' dir='ltr'>t</span> <span class='ocrx_word' id='word_1_23' title='bbox 1348 875 1484 950; x_wconf 86' lang='lat' dir='ltr'>mensis</span> <span class='ocrx_word' id='word_1_24' title='bbox 1498 873 1674 972; x_wconf 82' lang='lat' dir='ltr'>januarii,</span> 
     </span>
     <span class='ocr_line' id='line_1_4' title="bbox 339 997 1675 1086; baseline 0.001 -18"><span class='ocrx_word' id='word_1_25' title='bbox 339 1001 463 1070; x_wconf 86' lang='lat' dir='ltr'>Rmus.</span> <span class='ocrx_word' id='word_1_26' title='bbox 489 1001 531 1070; x_wconf 84' lang='lat' dir='ltr'>D.</span> <span class='ocrx_word' id='word_1_27' title='bbox 561 997 757 1070; x_wconf 90' lang='lat' dir='ltr'>cardinalis</span> <span class='ocrx_word' id='word_1_28' title='bbox 779 999 1049 1074; x_wconf 82' lang='lat' dir='ltr'>Alexandrinus</span> <span class='ocrx_word' id='word_1_29' title='bbox 1074 1001 1270 1076; x_wconf 85' lang='lat' dir='ltr'>celebravit</span> <span class='ocrx_word' id='word_1_30' title='bbox 1293 1003 1445 1075; x_wconf 88' lang='lat' dir='ltr'>missam</span> <span class='ocrx_word' id='word_1_31' title='bbox 1469 999 1675 1086; x_wconf 88' lang='lat' dir='ltr'>solemnem</span> 
     </span>
     <span class='ocr_line' id='line_1_5' title="bbox 336 1120 1419 1220; baseline 0.006 -26"><span class='ocrx_word' id='word_1_32' title='bbox 336 1120 373 1194; x_wconf 91' lang='lat' dir='ltr'>in</span> <span class='ocrx_word' id='word_1_33' title='bbox 389 1120 529 1218; x_wconf 85' lang='lat' dir='ltr'>capella</span> <span class='ocrx_word' id='word_1_34' title='bbox 544 1122 720 1218; x_wconf 89' lang='lat' dir='ltr'>predicta,</span> <span class='ocrx_word' id='word_1_35' title='bbox 739 1126 837 1219; x_wconf 87' lang='lat' dir='ltr'>Papa</span> <span class='ocrx_word' id='word_1_36' title='bbox 854 1129 1040 1220; x_wconf 76' lang='lat' dir='ltr'>presente,</span> <span class='ocrx_word' id='word_1_37' title='bbox 1059 1131 1095 1200; x_wconf 89' lang='lat' dir='ltr'>et</span> <span class='ocrx_word' id='word_1_38' title='bbox 1110 1150 1185 1200; x_wconf 94' lang='lat' dir='ltr'>uon</span> <span class='ocrx_word' id='word_1_39' title='bbox 1202 1126 1270 1200; x_wconf 85' lang='lat' dir='ltr'>tuit</span> <span class='ocrx_word' id='word_1_40' title='bbox 1286 1151 1419 1201; x_wconf 88' lang='lat' dir='ltr'>sermo.</span> 
     </span>
     <span class='ocr_line' id='line_1_6' title="bbox 275 1245 1675 1347; baseline 0.002 -28"><span class='ocrx_word' id='word_1_41' title='bbox 275 1330 280 1342; x_wconf 37' lang='grc' dir='ltr'>Ι</span> <span class='ocrx_word' id='word_1_42' title='bbox 385 1249 468 1320; x_wconf 90' lang='lat' dir='ltr'>Post</span> <span class='ocrx_word' id='word_1_43' title='bbox 488 1246 696 1343; x_wconf 84' lang='lat' dir='ltr'>prandium,</span> <span class='ocrx_word' id='word_1_44' title='bbox 714 1245 780 1319; x_wconf 86' lang='lat' dir='ltr'>tuit</span> <span class='ocrx_word' id='word_1_45' title='bbox 794 1246 958 1322; x_wconf 89' lang='lat' dir='ltr'>habitum</span> <span class='ocrx_word' id='word_1_46' title='bbox 978 1250 1013 1322; x_wconf 93' lang='lat' dir='ltr'>in</span> <span class='ocrx_word' id='word_1_47' title='bbox 1030 1249 1198 1347; x_wconf 84' lang='lat' dir='ltr'>plateas.</span> <span class='ocrx_word' id='word_1_48' title='bbox 1218 1251 1312 1326; x_wconf 88' lang='lat' dir='ltr'>Petri</span> <span class='ocrx_word' id='word_1_49' title='bbox 1334 1251 1467 1324; x_wconf 86' lang='lat' dir='ltr'>testum</span> <span class='ocrx_word' id='word_1_50' title='bbox 1486 1253 1675 1324; x_wconf 85' lang='lat' dir='ltr'>Romano-</span> 
     </span>
     <span class='ocr_line' id='line_1_7' title="bbox 335 1371 1674 1470; baseline 0.001 -27"><span class='ocrx_word' id='word_1_51' title='bbox 335 1395 415 1443; x_wconf 87' lang='lat' dir='ltr'>rum</span> <span class='ocrx_word' id='word_1_52' title='bbox 436 1372 533 1468; x_wconf 93' lang='lat' dir='ltr'>quod</span> <span class='ocrx_word' id='word_1_53' title='bbox 549 1372 642 1468; x_wconf 89' lang='lat' dir='ltr'>jovis</span> <span class='ocrx_word' id='word_1_54' title='bbox 661 1372 890 1470; x_wconf 82' lang='lat' dir='ltr'>carnisprivii</span> <span class='ocrx_word' id='word_1_55' title='bbox 917 1373 954 1446; x_wconf 93' lang='lat' dir='ltr'>in</span> <span class='ocrx_word' id='word_1_56' title='bbox 976 1377 1102 1470; x_wconf 72' lang='lat' dir='ltr'>egone</span> <span class='ocrx_word' id='word_1_57' title='bbox 1121 1374 1249 1448; x_wconf 86' lang='lat' dir='ltr'>haberi</span> <span class='ocrx_word' id='word_1_58' title='bbox 1271 1373 1483 1464; x_wconf 82' lang='lat' dir='ltr'>consuevit3</span> <span class='ocrx_word' id='word_1_59' title='bbox 1513 1371 1674 1446; x_wconf 78' lang='lat' dir='ltr'>adducto</span> 
     </span>
     <span class='ocr_line' id='line_1_8' title="bbox 335 1495 1673 1595; baseline 0.001 -28"><span class='ocrx_word' id='word_1_60' title='bbox 335 1495 530 1568; x_wconf 90' lang='lat' dir='ltr'>duodecim</span> <span class='ocrx_word' id='word_1_61' title='bbox 558 1520 713 1571; x_wconf 89' lang='lat' dir='ltr'>carruce</span> <span class='ocrx_word' id='word_1_62' title='bbox 741 1498 931 1595; x_wconf 84' lang='lat' dir='ltr'>regionum</span> <span class='ocrx_word' id='word_1_63' title='bbox 957 1497 1003 1570; x_wconf 89' lang='lat' dir='ltr'>de</span> <span class='ocrx_word' id='word_1_64' title='bbox 1031 1498 1304 1594; x_wconf 68' lang='lat' dir='ltr'>antiquitatibus</span> <span class='ocrx_word' id='word_1_65' title='bbox 1328 1503 1578 1572; x_wconf 87' lang='lat' dir='ltr'>Romanorum</span> <span class='ocrx_word' id='word_1_66' title='bbox 1605 1519 1673 1592; x_wconf 89' lang='lat' dir='ltr'>que</span> 
     </span>
     <span class='ocr_line' id='line_1_9' title="bbox 334 1619 1671 1719; baseline 0.001 -29"><span class='ocrx_word' id='word_1_67' title='bbox 334 1642 406 1692; x_wconf 93' lang='lat' dir='ltr'>non</span> <span class='ocrx_word' id='word_1_68' title='bbox 423 1619 690 1719; x_wconf 81' lang='lat' dir='ltr'>intelliguntur,</span> <span class='ocrx_word' id='word_1_69' title='bbox 711 1645 814 1696; x_wconf 91' lang='lat' dir='ltr'>more</span> <span class='ocrx_word' id='word_1_70' title='bbox 833 1623 952 1696; x_wconf 91' lang='lat' dir='ltr'>solito.</span> <span class='ocrx_word' id='word_1_71' title='bbox 973 1627 1012 1696; x_wconf 94' lang='lat' dir='ltr'>ln</span> <span class='ocrx_word' id='word_1_72' title='bbox 1030 1627 1150 1713; x_wconf 91' lang='lat' dir='ltr'>nocte,</span> <span class='ocrx_word' id='word_1_73' title='bbox 1173 1623 1208 1696; x_wconf 95' lang='lat' dir='ltr'>in</span> <span class='ocrx_word' id='word_1_74' title='bbox 1228 1647 1377 1698; x_wconf 88' lang='lat' dir='ltr'>camera</span> <span class='ocrx_word' id='word_1_75' title='bbox 1400 1625 1496 1719; x_wconf 82' lang='lat' dir='ltr'>Pape</span> <span class='ocrx_word' id='word_1_76' title='bbox 1516 1621 1671 1694; x_wconf 90' lang='lat' dir='ltr'>recitate</span> 
     </span>
     <span class='ocr_line' id='line_1_10' title="bbox 336 1733 1499 1846; baseline 0.003 -31"><span class='ocrx_word' id='word_1_77' title='bbox 336 1749 419 1817; x_wconf 90' lang='lat' dir='ltr'>suut</span> <span class='ocrx_word' id='word_1_78' title='bbox 438 1733 576 1818; x_wconf 76' lang='lat' dir='ltr'>diuerso</span> <span class='ocrx_word' id='word_1_79' title='bbox 595 1747 758 1820; x_wconf 89' lang='lat' dir='ltr'>comedie</span> <span class='ocrx_word' id='word_1_80' title='bbox 777 1755 813 1822; x_wconf 92' lang='lat' dir='ltr'>et</span> <span class='ocrx_word' id='word_1_81' title='bbox 828 1747 922 1820; x_wconf 87' lang='lat' dir='ltr'>lacte</span> <span class='ocrx_word' id='word_1_82' title='bbox 940 1748 1134 1822; x_wconf 89' lang='lat' dir='ltr'>moresche</span> <span class='ocrx_word' id='word_1_83' title='bbox 1150 1753 1187 1821; x_wconf 90' lang='lat' dir='ltr'>et</span> <span class='ocrx_word' id='word_1_84' title='bbox 1203 1749 1272 1822; x_wconf 89' lang='lat' dir='ltr'>alie</span> <span class='ocrx_word' id='word_1_85' title='bbox 1290 1747 1427 1822; x_wconf 91' lang='lat' dir='ltr'>choree</span> <span class='ocrx_word' id='word_1_86' title='bbox 1440 1746 1499 1846; x_wconf 82' lang='lat'><strong>(1).</strong></span> 
     </span>
    </p>

    <p class='ocr_par' dir='ltr' id='par_1_4' title="bbox 337 1859 1671 2221">
     <span class='ocr_line' id='line_1_11' title="bbox 387 1859 1669 1970; baseline 0.002 -28"><span class='ocrx_word' id='word_1_87' title='bbox 387 1869 641 1967; x_wconf 85' lang='lat' dir='ltr'>Superioribus</span> <span class='ocrx_word' id='word_1_88' title='bbox 668 1871 795 1945; x_wconf 90' lang='lat' dir='ltr'>diebus</span> <span class='ocrx_word' id='word_1_89' title='bbox 818 1859 998 1970; x_wconf 88' lang='lat' dir='ltr'>impressa</span> <span class='ocrx_word' id='word_1_90' title='bbox 1021 1873 1087 1946; x_wconf 89' lang='lat' dir='ltr'>luit</span> <span class='ocrx_word' id='word_1_91' title='bbox 1110 1881 1146 1946; x_wconf 91' lang='lat' dir='ltr'>et</span> <span class='ocrx_word' id='word_1_92' title='bbox 1171 1874 1216 1946; x_wconf 88' lang='lat' dir='ltr'>de</span> <span class='ocrx_word' id='word_1_93' title='bbox 1242 1873 1430 1948; x_wconf 85' lang='lat' dir='ltr'>Alemanio</span> <span class='ocrx_word' id='word_1_94' title='bbox 1456 1872 1502 1945; x_wconf 85' lang='lat' dir='ltr'>ad</span> <span class='ocrx_word' id='word_1_95' title='bbox 1534 1873 1669 1946; x_wconf 91' lang='lat' dir='ltr'>Urbem</span> 
     </span>
     <span class='ocr_line' id='line_1_12' title="bbox 337 1995 1671 2094; baseline 0.001 -28"><span class='ocrx_word' id='word_1_96' title='bbox 337 1995 449 2068; x_wconf 86' lang='lat' dir='ltr'>missa</span> <span class='ocrx_word' id='word_1_97' title='bbox 475 1995 630 2092; x_wconf 87' lang='lat' dir='ltr'>quedam</span> <span class='ocrx_word' id='word_1_98' title='bbox 659 1997 812 2094; x_wconf 88' lang='lat' dir='ltr'>epistola</span> <span class='ocrx_word' id='word_1_99' title='bbox 837 2021 907 2094; x_wconf 92' lang='lat' dir='ltr'>que</span> <span class='ocrx_word' id='word_1_100' title='bbox 930 1999 1029 2072; x_wconf 86' lang='lat' dir='ltr'>venit</span> <span class='ocrx_word' id='word_1_101' title='bbox 1055 1997 1100 2072; x_wconf 93' lang='lat' dir='ltr'>ad</span> <span class='ocrx_word' id='word_1_102' title='bbox 1126 2021 1255 2071; x_wconf 91' lang='lat' dir='ltr'>manus</span> <span class='ocrx_word' id='word_1_103' title='bbox 1281 1998 1373 2072; x_wconf 88' lang='lat' dir='ltr'>Rmi.</span> <span class='ocrx_word' id='word_1_104' title='bbox 1406 1999 1448 2070; x_wconf 88' lang='lat' dir='ltr'>D.</span> <span class='ocrx_word' id='word_1_105' title='bbox 1475 1995 1671 2070; x_wconf 83' lang='lat' dir='ltr'>cardinalis</span> 
     </span>
     <span class='ocr_line' id='line_1_13' title="bbox 337 2119 1666 2221; baseline 0.001 -30"><span class='ocrx_word' id='word_1_106' title='bbox 337 2119 564 2212; x_wconf 86' lang='lat' dir='ltr'>Mutinensis,</span> <span class='ocrx_word' id='word_1_107' title='bbox 584 2129 620 2195; x_wconf 90' lang='lat' dir='ltr'>et</span> <span class='ocrx_word' id='word_1_108' title='bbox 638 2121 718 2212; x_wconf 85' lang='lat' dir='ltr'>tuit,</span> <span class='ocrx_word' id='word_1_109' title='bbox 739 2127 778 2196; x_wconf 90' lang='lat' dir='ltr'>ut</span> <span class='ocrx_word' id='word_1_110' title='bbox 794 2123 970 2215; x_wconf 81' lang='lat' dir='ltr'>intellexi,</span> <span class='ocrx_word' id='word_1_111' title='bbox 989 2127 1085 2221; x_wconf 88' lang='lat' dir='ltr'>Pape</span> <span class='ocrx_word' id='word_1_112' title='bbox 1104 2123 1212 2212; x_wconf 86' lang='lat' dir='ltr'>lecta,</span> <span class='ocrx_word' id='word_1_113' title='bbox 1233 2124 1372 2198; x_wconf 88' lang='lat' dir='ltr'>tenoris</span> <span class='ocrx_word' id='word_1_114' title='bbox 1391 2122 1666 2218; x_wconf 87' lang='lat' dir='ltr'>subsequentis:</span> 
     </span>
    </p>
   </div>
   <div class='ocr_carea' id='block_1_3' title="bbox 411 2335 1598 2564">
    <p class='ocr_par' dir='ltr' id='par_1_5' title="bbox 411 2335 1598 2564">
     <span class='ocr_line' id='line_1_14' title="bbox 411 2335 1598 2434; baseline 0 -26"><span class='ocrx_word' id='word_1_115' title='bbox 411 2365 427 2401; x_wconf 84' lang='lat' dir='ltr'>u</span> <span class='ocrx_word' id='word_1_116' title='bbox 448 2335 646 2432; x_wconf 77' lang='lat' dir='ltr'>Mepne&#39;fico</span> <span class='ocrx_word' id='word_1_117' title='bbox 668 2335 824 2410; x_wconf 85' lang='lat' dir='ltr'>Domino</span> <span class='ocrx_word' id='word_1_118' title='bbox 848 2338 972 2434; x_wconf 79' lang='lat' dir='ltr'>Syleio</span> <span class='ocrx_word' id='word_1_119' title='bbox 996 2337 1038 2410; x_wconf 86' lang='lat' dir='ltr'>de</span> <span class='ocrx_word' id='word_1_120' title='bbox 1056 2337 1202 2410; x_wconf 81' lang='lat' dir='ltr'>Sabellis</span> <span class='ocrx_word' id='word_1_121' title='bbox 1222 2337 1321 2434; x_wconf 78' lang='lat' dir='ltr'>optut</span> <span class='ocrx_word' id='word_1_122' title='bbox 1333 2337 1598 2411; x_wconf 82' lang='lat' dir='ltr'>serenissimum</span> 
     </span>
     <span class='ocr_line' id='line_1_15' title="bbox 796 2463 1202 2564; baseline 0.002 -29"><span class='ocrx_word' id='word_1_123' title='bbox 796 2463 1039 2564; x_wconf 80' lang='lat' dir='ltr'>Romanorum</span> <span class='ocrx_word' id='word_1_124' title='bbox 1061 2487 1202 2560; x_wconf 71' lang='lat' dir='ltr'>nepem:</span> 
     </span>
    </p>
   </div>
   <div class='ocr_carea' id='block_1_4' title="bbox 313 2612 1750 4336">
    <p class='ocr_par' dir='ltr' id='par_1_6' title="bbox 313 2612 1750 4336">
     <span class='ocr_line' id='line_1_16' title="bbox 313 2612 1668 2712; baseline 0.004 -32"><span class='ocrx_word' id='word_1_125' title='bbox 313 2635 318 2645; x_wconf 95' lang='lat'>·</span> <span class='ocrx_word' id='word_1_126' title='bbox 387 2645 403 2680; x_wconf 74' lang='lat' dir='ltr'>a</span> <span class='ocrx_word' id='word_1_127' title='bbox 425 2612 616 2710; x_wconf 81' lang='lat' dir='ltr'>Magnifice</span> <span class='ocrx_word' id='word_1_128' title='bbox 633 2614 786 2688; x_wconf 87' lang='lat' dir='ltr'>Domine</span> <span class='ocrx_word' id='word_1_129' title='bbox 807 2614 917 2712; x_wconf 80' lang='lat' dir='ltr'>Sylvi,</span> <span class='ocrx_word' id='word_1_130' title='bbox 941 2615 1108 2688; x_wconf 89' lang='lat' dir='ltr'>salutem.</span> <span class='ocrx_word' id='word_1_131' title='bbox 1132 2615 1382 2688; x_wconf 85' lang='lat' dir='ltr'>Intelleximus</span> <span class='ocrx_word' id='word_1_132' title='bbox 1403 2639 1446 2688; x_wconf 86' lang='lat' dir='ltr'>ex</span> <span class='ocrx_word' id='word_1_133' title='bbox 1466 2614 1668 2688; x_wconf 92' lang='lat' dir='ltr'>amicorum</span> 
     </span>
     <span class='ocr_line' id='line_1_17' title="bbox 335 2738 1670 2836; baseline -0.001 -26"><span class='ocrx_word' id='word_1_134' title='bbox 335 2738 480 2827; x_wconf 86' lang='lat' dir='ltr'>littoris,</span> <span class='ocrx_word' id='word_1_135' title='bbox 504 2743 538 2811; x_wconf 89' lang='lat' dir='ltr'>to</span> <span class='ocrx_word' id='word_1_136' title='bbox 558 2739 712 2835; x_wconf 88' lang='lat' dir='ltr'>pertidia</span> <span class='ocrx_word' id='word_1_137' title='bbox 728 2740 930 2836; x_wconf 91' lang='lat' dir='ltr'>proscripto</span> <span class='ocrx_word' id='word_1_138' title='bbox 946 2747 1053 2836; x_wconf 88' lang='lat' dir='ltr'>etque</span> <span class='ocrx_word' id='word_1_139' title='bbox 1071 2740 1107 2812; x_wconf 92' lang='lat' dir='ltr'>in</span> <span class='ocrx_word' id='word_1_140' title='bbox 1125 2741 1276 2836; x_wconf 88' lang='lat' dir='ltr'>predam</span> <span class='ocrx_word' id='word_1_141' title='bbox 1294 2740 1389 2814; x_wconf 90' lang='lat' dir='ltr'>datis</span> <span class='ocrx_word' id='word_1_142' title='bbox 1408 2739 1579 2812; x_wconf 91' lang='lat' dir='ltr'>omnibus</span> <span class='ocrx_word' id='word_1_143' title='bbox 1599 2739 1670 2810; x_wconf 87' lang='lat' dir='ltr'>lor-</span> 
     </span>
     <span class='ocr_line' id='line_1_18' title="bbox 337 2863 1667 2954; baseline -0.001 -18"><span class='ocrx_word' id='word_1_144' title='bbox 337 2864 432 2936; x_wconf 90' lang='lat' dir='ltr'>tunis</span> <span class='ocrx_word' id='word_1_145' title='bbox 456 2863 540 2954; x_wconf 87' lang='lat' dir='ltr'>tuis,</span> <span class='ocrx_word' id='word_1_146' title='bbox 567 2866 612 2938; x_wconf 86' lang='lat' dir='ltr'>ab</span> <span class='ocrx_word' id='word_1_147' title='bbox 644 2866 740 2939; x_wconf 89' lang='lat' dir='ltr'>Urbe</span> <span class='ocrx_word' id='word_1_148' title='bbox 767 2864 976 2938; x_wconf 81' lang='lat' dir='ltr'>discessisse</span> <span class='ocrx_word' id='word_1_149' title='bbox 1007 2870 1043 2938; x_wconf 91' lang='lat' dir='ltr'>et</span> <span class='ocrx_word' id='word_1_150' title='bbox 1072 2866 1203 2939; x_wconf 91' lang='lat' dir='ltr'>horum</span> <span class='ocrx_word' id='word_1_151' title='bbox 1233 2866 1413 2940; x_wconf 87' lang='lat' dir='ltr'>latronum</span> <span class='ocrx_word' id='word_1_152' title='bbox 1448 2865 1610 2938; x_wconf 83' lang='lat' dir='ltr'>furorem</span> <span class='ocrx_word' id='word_1_153' title='bbox 1635 2869 1667 2936; x_wconf 92' lang='lat' dir='ltr'>et</span> 
     </span>
     <span class='ocr_line' id='line_1_19' title="bbox 336 2985 1750 3087; baseline -0.001 -25"><span class='ocrx_word' id='word_1_154' title='bbox 336 2990 476 3062; x_wconf 90' lang='lat' dir='ltr'>rabiem</span> <span class='ocrx_word' id='word_1_155' title='bbox 501 2990 669 3064; x_wconf 86' lang='lat' dir='ltr'>evasisse.</span> <span class='ocrx_word' id='word_1_156' title='bbox 695 2990 896 3080; x_wconf 84' lang='lat' dir='ltr'>notuimus,</span> <span class='ocrx_word' id='word_1_157' title='bbox 921 2996 958 3062; x_wconf 94' lang='lat' dir='ltr'>ut</span> <span class='ocrx_word' id='word_1_158' title='bbox 982 3014 1115 3087; x_wconf 88' lang='lat' dir='ltr'>equum</span> <span class='ocrx_word' id='word_1_159' title='bbox 1133 2990 1213 3082; x_wconf 85' lang='lat' dir='ltr'>luit,</span> <span class='ocrx_word' id='word_1_160' title='bbox 1241 2991 1292 3065; x_wconf 87' lang='lat' dir='ltr'>de</span> <span class='ocrx_word' id='word_1_161' title='bbox 1312 2991 1384 3063; x_wconf 90' lang='lat' dir='ltr'>tuis</span> <span class='ocrx_word' id='word_1_162' title='bbox 1405 2989 1667 3072; x_wconf 86' lang='lat' dir='ltr'>incommodis;</span> <span class='ocrx_word' id='word_1_163' title='bbox 1749 2985 1750 2990; x_wconf 68' lang='grc'>’</span> 
     </span>
     <span class='ocr_line' id='line_1_20' title="bbox 337 3113 1670 3211; baseline 0.001 -27"><span class='ocrx_word' id='word_1_164' title='bbox 337 3113 401 3185; x_wconf 82' lang='lat' dir='ltr'>sed</span> <span class='ocrx_word' id='word_1_165' title='bbox 421 3119 543 3188; x_wconf 92' lang='lat' dir='ltr'>tamen</span> <span class='ocrx_word' id='word_1_166' title='bbox 565 3114 736 3188; x_wconf 76' lang='lat' dir='ltr'>inter&#39;tot</span> <span class='ocrx_word' id='word_1_167' title='bbox 759 3114 856 3188; x_wconf 85' lang='lat' dir='ltr'>mela</span> <span class='ocrx_word' id='word_1_168' title='bbox 879 3115 990 3211; x_wconf 82' lang='lat' dir='ltr'>gavisi</span> <span class='ocrx_word' id='word_1_169' title='bbox 1012 3138 1150 3204; x_wconf 87' lang='lat' dir='ltr'>sumus,</span> <span class='ocrx_word' id='word_1_170' title='bbox 1175 3119 1211 3186; x_wconf 89' lang='lat' dir='ltr'>te</span> <span class='ocrx_word' id='word_1_171' title='bbox 1234 3115 1443 3188; x_wconf 87' lang='lat' dir='ltr'>incolumen</span> <span class='ocrx_word' id='word_1_172' title='bbox 1466 3114 1503 3186; x_wconf 94' lang='lat' dir='ltr'>in</span> <span class='ocrx_word' id='word_1_173' title='bbox 1525 3117 1670 3186; x_wconf 84' lang='lat' dir='ltr'>Germa-</span> 
     </span>
     <span class='ocr_line' id='line_1_21' title="bbox 337 3237 1669 3337; baseline -0.003 -25"><span class='ocrx_word' id='word_1_174' title='bbox 337 3239 435 3312; x_wconf 88' lang='lat' dir='ltr'>niam</span> <span class='ocrx_word' id='word_1_175' title='bbox 449 3245 484 3314; x_wconf 88' lang='lat' dir='ltr'>et</span> <span class='ocrx_word' id='word_1_176' title='bbox 497 3241 593 3336; x_wconf 89' lang='lat' dir='ltr'>apud</span> <span class='ocrx_word' id='word_1_177' title='bbox 605 3242 777 3314; x_wconf 89' lang='lat' dir='ltr'>Cesarem</span> <span class='ocrx_word' id='word_1_178' title='bbox 792 3245 995 3336; x_wconf 88' lang='lat' dir='ltr'>receptum.</span> <span class='ocrx_word' id='word_1_179' title='bbox 1016 3240 1118 3314; x_wconf 90' lang='lat' dir='ltr'>Unde</span> <span class='ocrx_word' id='word_1_180' title='bbox 1133 3263 1215 3314; x_wconf 93' lang='lat' dir='ltr'>cum</span> <span class='ocrx_word' id='word_1_181' title='bbox 1229 3240 1476 3337; x_wconf 84' lang='lat' dir='ltr'>intelligamus</span> <span class='ocrx_word' id='word_1_182' title='bbox 1489 3243 1525 3312; x_wconf 89' lang='lat' dir='ltr'>te</span> <span class='ocrx_word' id='word_1_183' title='bbox 1541 3237 1669 3314; x_wconf 89' lang='lat' dir='ltr'>litteris</span> 
     </span>
     <span class='ocr_line' id='line_1_22' title="bbox 338 3363 1669 3460; baseline -0.002 -24"><span class='ocrx_word' id='word_1_184' title='bbox 338 3364 662 3438; x_wconf 86' lang='lat' dir='ltr'>commendatoriis</span> <span class='ocrx_word' id='word_1_185' title='bbox 684 3369 720 3439; x_wconf 92' lang='lat' dir='ltr'>et</span> <span class='ocrx_word' id='word_1_186' title='bbox 742 3363 898 3438; x_wconf 83' lang='lat' dir='ltr'>aliorum</span> <span class='ocrx_word' id='word_1_187' title='bbox 920 3364 1090 3460; x_wconf 85' lang='lat' dir='ltr'>precibus</span> <span class='ocrx_word' id='word_1_188' title='bbox 1111 3364 1207 3460; x_wconf 86' lang='lat' dir='ltr'>apud</span> <span class='ocrx_word' id='word_1_189' title='bbox 1228 3387 1312 3438; x_wconf 91' lang='lat' dir='ltr'>eum</span> <span class='ocrx_word' id='word_1_190' title='bbox 1335 3387 1446 3460; x_wconf 84' lang='lat' dir='ltr'>agere</span> <span class='ocrx_word' id='word_1_191' title='bbox 1465 3370 1503 3436; x_wconf 91' lang='lat' dir='ltr'>ut</span> <span class='ocrx_word' id='word_1_192' title='bbox 1522 3364 1558 3435; x_wconf 94' lang='lat' dir='ltr'>in</span> <span class='ocrx_word' id='word_1_193' title='bbox 1580 3363 1669 3435; x_wconf 89' lang='lat' dir='ltr'>inte-</span> 
     </span>
     <span class='ocr_line' id='line_1_23' title="bbox 337 3488 1669 3586; baseline -0.002 -26"><span class='ocrx_word' id='word_1_194' title='bbox 337 3513 444 3586; x_wconf 80' lang='lat' dir='ltr'>grum</span> <span class='ocrx_word' id='word_1_195' title='bbox 462 3488 664 3562; x_wconf 87' lang='lat' dir='ltr'>restituaris</span> <span class='ocrx_word' id='word_1_196' title='bbox 686 3489 789 3562; x_wconf 86' lang='lat' dir='ltr'>valde</span> <span class='ocrx_word' id='word_1_197' title='bbox 811 3489 978 3562; x_wconf 88' lang='lat' dir='ltr'>admirati</span> <span class='ocrx_word' id='word_1_198' title='bbox 1002 3511 1123 3562; x_wconf 91' lang='lat' dir='ltr'>sumus</span> <span class='ocrx_word' id='word_1_199' title='bbox 1147 3489 1382 3585; x_wconf 82' lang='lat' dir='ltr'>prudentiam</span> <span class='ocrx_word' id='word_1_200' title='bbox 1402 3493 1502 3562; x_wconf 88' lang='lat' dir='ltr'>tuam</span> <span class='ocrx_word' id='word_1_201' title='bbox 1525 3511 1570 3560; x_wconf 91' lang='lat' dir='ltr'>eo</span> <span class='ocrx_word' id='word_1_202' title='bbox 1591 3509 1669 3559; x_wconf 90' lang='lat' dir='ltr'>cre-</span> 
     </span>
     <span class='ocr_line' id='line_1_24' title="bbox 337 3611 1667 3710; baseline -0.002 -24"><span class='ocrx_word' id='word_1_203' title='bbox 337 3614 512 3704; x_wconf 91' lang='lat' dir='ltr'>dulitatis,</span> <span class='ocrx_word' id='word_1_204' title='bbox 535 3613 604 3704; x_wconf 84' lang='lat' dir='ltr'>rel,</span> <span class='ocrx_word' id='word_1_205' title='bbox 628 3619 666 3688; x_wconf 94' lang='lat' dir='ltr'>ut</span> <span class='ocrx_word' id='word_1_206' title='bbox 687 3613 928 3688; x_wconf 85' lang='lat' dir='ltr'>confidentius</span> <span class='ocrx_word' id='word_1_207' title='bbox 953 3619 1074 3686; x_wconf 88' lang='lat' dir='ltr'>tecum</span> <span class='ocrx_word' id='word_1_208' title='bbox 1096 3635 1263 3710; x_wconf 82' lang='lat' dir='ltr'>egemus,</span> <span class='ocrx_word' id='word_1_209' title='bbox 1287 3612 1442 3686; x_wconf 82' lang='lat' dir='ltr'>levitatis</span> <span class='ocrx_word' id='word_1_210' title='bbox 1467 3611 1667 3700; x_wconf 85' lang='lat' dir='ltr'>devenisse,</span> 
     </span>
     <span class='ocr_line' id='line_1_25' title="bbox 337 3737 1668 3837; baseline -0.002 -27"><span class='ocrx_word' id='word_1_211' title='bbox 337 3747 375 3812; x_wconf 93' lang='lat' dir='ltr'>ut</span> <span class='ocrx_word' id='word_1_212' title='bbox 393 3763 518 3837; x_wconf 88' lang='lat' dir='ltr'>speres</span> <span class='ocrx_word' id='word_1_213' title='bbox 530 3739 628 3813; x_wconf 90' lang='lat' dir='ltr'>hune</span> <span class='ocrx_word' id='word_1_214' title='bbox 646 3739 834 3812; x_wconf 90' lang='lat' dir='ltr'>bominem</span> <span class='ocrx_word' id='word_1_215' title='bbox 857 3737 1081 3836; x_wconf 88' lang='lat' dir='ltr'>proditorem</span> <span class='ocrx_word' id='word_1_216' title='bbox 1104 3738 1249 3834; x_wconf 80' lang='lat' dir='ltr'>generis</span> <span class='ocrx_word' id='word_1_217' title='bbox 1263 3737 1425 3824; x_wconf 85' lang='lat' dir='ltr'>humani,</span> <span class='ocrx_word' id='word_1_218' title='bbox 1447 3737 1506 3832; x_wconf 93' lang='lat' dir='ltr'>qui</span> <span class='ocrx_word' id='word_1_219' title='bbox 1524 3757 1668 3808; x_wconf 92' lang='lat' dir='ltr'>omnem</span> 
     </span>
     <span class='ocr_line' id='line_1_26' title="bbox 338 3861 1668 3960; baseline -0.005 -24"><span class='ocrx_word' id='word_1_220' title='bbox 338 3868 472 3936; x_wconf 88' lang='lat' dir='ltr'>etatem</span> <span class='ocrx_word' id='word_1_221' title='bbox 491 3863 625 3959; x_wconf 86' lang='lat' dir='ltr'>stupris</span> <span class='ocrx_word' id='word_1_222' title='bbox 649 3871 685 3936; x_wconf 88' lang='lat' dir='ltr'>et</span> <span class='ocrx_word' id='word_1_223' title='bbox 706 3863 845 3960; x_wconf 89' lang='lat' dir='ltr'>rapinis</span> <span class='ocrx_word' id='word_1_224' title='bbox 868 3863 1151 3936; x_wconf 78' lang='lat' dir='ltr'>contaminatam</span> <span class='ocrx_word' id='word_1_225' title='bbox 1174 3863 1220 3936; x_wconf 90' lang='lat' dir='ltr'>ud</span> <span class='ocrx_word' id='word_1_226' title='bbox 1244 3861 1479 3958; x_wconf 86' lang='lat' dir='ltr'>decipiendos</span> <span class='ocrx_word' id='word_1_227' title='bbox 1503 3861 1668 3936; x_wconf 88' lang='lat' dir='ltr'>homines</span> 
     </span>
     <span class='ocr_line' id='line_1_27' title="bbox 338 3985 1669 4084; baseline -0.005 -23"><span class='ocrx_word' id='word_1_228' title='bbox 338 3987 579 4083; x_wconf 90' lang='lat' dir='ltr'>consumpsit,</span> <span class='ocrx_word' id='word_1_229' title='bbox 599 3987 735 4083; x_wconf 87' lang='lat' dir='ltr'>aliquid</span> <span class='ocrx_word' id='word_1_230' title='bbox 754 4011 911 4083; x_wconf 84' lang='lat' dir='ltr'>unquam</span> <span class='ocrx_word' id='word_1_231' title='bbox 933 3989 1030 4084; x_wconf 93' lang='lat' dir='ltr'>quod</span> <span class='ocrx_word' id='word_1_232' title='bbox 1050 3989 1188 4084; x_wconf 87' lang='lat' dir='ltr'>justum</span> <span class='ocrx_word' id='word_1_233' title='bbox 1207 3987 1253 4060; x_wconf 93' lang='lat' dir='ltr'>sit</span> <span class='ocrx_word' id='word_1_234' title='bbox 1275 3986 1329 4060; x_wconf 83' lang='lat' dir='ltr'>vel</span> <span class='ocrx_word' id='word_1_235' title='bbox 1352 4009 1459 4083; x_wconf 90' lang='lat' dir='ltr'>posse</span> <span class='ocrx_word' id='word_1_236' title='bbox 1481 3985 1538 4060; x_wconf 83' lang='lat' dir='ltr'>rel</span> <span class='ocrx_word' id='word_1_237' title='bbox 1562 4006 1669 4082; x_wconf 79' lang='lat' dir='ltr'>ogere</span> 
     </span>
     <span class='ocr_line' id='line_1_28' title="bbox 338 4109 1668 4207; baseline -0.005 -21"><span class='ocrx_word' id='word_1_238' title='bbox 338 4112 405 4186; x_wconf 90' lang='lat' dir='ltr'>nisi</span> <span class='ocrx_word' id='word_1_239' title='bbox 425 4117 523 4186; x_wconf 91' lang='lat' dir='ltr'>metu</span> <span class='ocrx_word' id='word_1_240' title='bbox 543 4117 579 4186; x_wconf 89' lang='lat' dir='ltr'>et</span> <span class='ocrx_word' id='word_1_241' title='bbox 597 4112 733 4186; x_wconf 87' lang='lat' dir='ltr'>viribus</span> <span class='ocrx_word' id='word_1_242' title='bbox 756 4120 960 4187; x_wconf 85' lang='lat' dir='ltr'>coercetur.</span> <span class='ocrx_word' id='word_1_243' title='bbox 982 4116 1106 4202; x_wconf 86' lang='lat' dir='ltr'>Erras,</span> <span class='ocrx_word' id='word_1_244' title='bbox 1127 4112 1328 4204; x_wconf 85' lang='lat' dir='ltr'>carissime,</span> <span class='ocrx_word' id='word_1_245' title='bbox 1353 4117 1389 4186; x_wconf 89' lang='lat' dir='ltr'>et</span> <span class='ocrx_word' id='word_1_246' title='bbox 1407 4112 1515 4207; x_wconf 82' lang='lat' dir='ltr'>longe</span> <span class='ocrx_word' id='word_1_247' title='bbox 1536 4109 1668 4184; x_wconf 80' lang='lat' dir='ltr'>felleris</span> 
     </span>
     <span class='ocr_line' id='line_1_29' title="bbox 339 4215 1667 4336; baseline -0.005 -27"><span class='ocrx_word' id='word_1_248' title='bbox 339 4236 368 4309; x_wconf 92' lang='lat' dir='ltr'>si</span> <span class='ocrx_word' id='word_1_249' title='bbox 387 4237 572 4311; x_wconf 85' lang='lat' dir='ltr'>existimes</span> <span class='ocrx_word' id='word_1_250' title='bbox 588 4237 699 4310; x_wconf 88' lang='lat' dir='ltr'>ullam</span> <span class='ocrx_word' id='word_1_251' title='bbox 717 4215 874 4333; x_wconf 88' lang='lat' dir='ltr'>unquam</span> <span class='ocrx_word' id='word_1_252' title='bbox 891 4261 1020 4336; x_wconf 82' lang='lat' dir='ltr'>pacem</span> <span class='ocrx_word' id='word_1_253' title='bbox 1038 4261 1122 4312; x_wconf 89' lang='lat' dir='ltr'>cum</span> <span class='ocrx_word' id='word_1_254' title='bbox 1137 4237 1209 4311; x_wconf 89' lang='lat' dir='ltr'>hoc</span> <span class='ocrx_word' id='word_1_255' title='bbox 1224 4241 1457 4312; x_wconf 90' lang='lat' dir='ltr'>monstruoso</span> <span class='ocrx_word' id='word_1_256' title='bbox 1473 4236 1594 4332; x_wconf 89' lang='lat' dir='ltr'>capite</span> <span class='ocrx_word' id='word_1_257' title='bbox 1611 4231 1667 4308; x_wconf 92' lang='lat' dir='ltr'>tibi</span> 
     </span>
    </p>
   </div>
   <div class='ocr_carea' id='block_1_5' title="bbox 339 4357 1671 5086">
    <p class='ocr_par' dir='ltr' id='par_1_7' title="bbox 339 4357 1671 5086">
     <span class='ocr_line' id='line_1_30' title="bbox 340 4357 1671 4461; baseline -0.005 -27"><span class='ocrx_word' id='word_1_258' title='bbox 340 4385 420 4436; x_wconf 85' lang='lat' dir='ltr'>esse</span> <span class='ocrx_word' id='word_1_259' title='bbox 440 4363 675 4457; x_wconf 88' lang='lat' dir='ltr'>querendam.</span> <span class='ocrx_word' id='word_1_260' title='bbox 703 4367 793 4436; x_wconf 87' lang='lat' dir='ltr'>Nom</span> <span class='ocrx_word' id='word_1_261' title='bbox 818 4371 1009 4461; x_wconf 90' lang='lat' dir='ltr'>postquam</span> <span class='ocrx_word' id='word_1_262' title='bbox 1031 4387 1074 4438; x_wconf 89' lang='lat' dir='ltr'>ex</span> <span class='ocrx_word' id='word_1_263' title='bbox 1097 4363 1196 4437; x_wconf 87' lang='lat' dir='ltr'>nulla</span> <span class='ocrx_word' id='word_1_264' title='bbox 1216 4385 1341 4452; x_wconf 86' lang='lat' dir='ltr'>causa,</span> <span class='ocrx_word' id='word_1_265' title='bbox 1360 4363 1426 4436; x_wconf 88' lang='lat' dir='ltr'>sed</span> <span class='ocrx_word' id='word_1_266' title='bbox 1444 4383 1489 4434; x_wconf 82' lang='lat' dir='ltr'>ex</span> <span class='ocrx_word' id='word_1_267' title='bbox 1507 4361 1587 4457; x_wconf 89' lang='lat' dir='ltr'>ejus</span> <span class='ocrx_word' id='word_1_268' title='bbox 1606 4357 1671 4431; x_wconf 82' lang='lat' dir='ltr'>ari-</span> 
     </span>
     <span class='ocr_line' id='line_1_31' title="bbox 339 4482 1670 4584; baseline -0.002 -27"><span class='ocrx_word' id='word_1_269' title='bbox 339 4483 450 4560; x_wconf 86' lang='lat' dir='ltr'>ditate</span> <span class='ocrx_word' id='word_1_270' title='bbox 468 4489 503 4557; x_wconf 90' lang='lat' dir='ltr'>et</span> <span class='ocrx_word' id='word_1_271' title='bbox 524 4484 681 4581; x_wconf 89' lang='lat' dir='ltr'>pertidia</span> <span class='ocrx_word' id='word_1_272' title='bbox 699 4487 744 4560; x_wconf 84' lang='lat' dir='ltr'>eb</span> <span class='ocrx_word' id='word_1_273' title='bbox 763 4509 807 4561; x_wconf 92' lang='lat' dir='ltr'>eo</span> <span class='ocrx_word' id='word_1_274' title='bbox 827 4487 993 4584; x_wconf 89' lang='lat' dir='ltr'>proditus</span> <span class='ocrx_word' id='word_1_275' title='bbox 1016 4492 1052 4562; x_wconf 91' lang='lat' dir='ltr'>et</span> <span class='ocrx_word' id='word_1_276' title='bbox 1071 4485 1298 4583; x_wconf 90' lang='lat' dir='ltr'>proscriptus</span> <span class='ocrx_word' id='word_1_277' title='bbox 1317 4489 1425 4580; x_wconf 88' lang='lat' dir='ltr'>atque</span> <span class='ocrx_word' id='word_1_278' title='bbox 1443 4484 1480 4556; x_wconf 94' lang='lat' dir='ltr'>in</span> <span class='ocrx_word' id='word_1_279' title='bbox 1504 4482 1670 4581; x_wconf 83' lang='lat' dir='ltr'>perditio</span> 
     </span>
     <span class='ocr_line' id='line_1_32' title="bbox 339 4609 1670 4706; baseline -0.005 -22"><span class='ocrx_word' id='word_1_280' title='bbox 339 4633 423 4684; x_wconf 90' lang='lat' dir='ltr'>nem</span> <span class='ocrx_word' id='word_1_281' title='bbox 449 4615 485 4684; x_wconf 92' lang='lat' dir='ltr'>et</span> <span class='ocrx_word' id='word_1_282' title='bbox 509 4611 663 4706; x_wconf 86' lang='lat' dir='ltr'>predam</span> <span class='ocrx_word' id='word_1_283' title='bbox 688 4613 794 4686; x_wconf 89' lang='lat' dir='ltr'>datus</span> <span class='ocrx_word' id='word_1_284' title='bbox 822 4635 875 4702; x_wconf 77' lang='lat' dir='ltr'>cS,</span> <span class='ocrx_word' id='word_1_285' title='bbox 903 4617 1072 4686; x_wconf 89' lang='lat' dir='ltr'>eternum</span> <span class='ocrx_word' id='word_1_286' title='bbox 1096 4611 1160 4685; x_wconf 90' lang='lat' dir='ltr'>tibi</span> <span class='ocrx_word' id='word_1_287' title='bbox 1184 4633 1268 4684; x_wconf 87' lang='lat' dir='ltr'>curn</span> <span class='ocrx_word' id='word_1_288' title='bbox 1294 4611 1358 4684; x_wconf 94' lang='lat' dir='ltr'>illo</span> <span class='ocrx_word' id='word_1_289' title='bbox 1383 4609 1517 4684; x_wconf 91' lang='lat' dir='ltr'>bellum</span> <span class='ocrx_word' id='word_1_290' title='bbox 1544 4615 1670 4684; x_wconf 89' lang='lat' dir='ltr'>eterno</span> 
     </span>
     <span class='ocr_line' id='line_1_33' title="bbox 341 4733 1670 4834; baseline -0.005 -24"><span class='ocrx_word' id='word_1_291' title='bbox 341 4736 424 4810; x_wconf 94' lang='lat' dir='ltr'>odio</span> <span class='ocrx_word' id='word_1_292' title='bbox 442 4744 497 4808; x_wconf 91' lang='lat' dir='ltr'>est</span> <span class='ocrx_word' id='word_1_293' title='bbox 513 4735 727 4810; x_wconf 89' lang='lat' dir='ltr'>finiendum.</span> <span class='ocrx_word' id='word_1_294' title='bbox 750 4740 849 4834; x_wconf 90' lang='lat' dir='ltr'>Opus</span> <span class='ocrx_word' id='word_1_295' title='bbox 868 4743 923 4811; x_wconf 87' lang='lat' dir='ltr'>est</span> <span class='ocrx_word' id='word_1_296' title='bbox 938 4737 1049 4834; x_wconf 85' lang='lat' dir='ltr'>igitur</span> <span class='ocrx_word' id='word_1_297' title='bbox 1068 4741 1210 4810; x_wconf 87' lang='lat' dir='ltr'>tentare</span> <span class='ocrx_word' id='word_1_298' title='bbox 1229 4736 1320 4808; x_wconf 84' lang='lat' dir='ltr'>elias</span> <span class='ocrx_word' id='word_1_299' title='bbox 1338 4735 1413 4808; x_wconf 86' lang='lat' dir='ltr'>vies</span> <span class='ocrx_word' id='word_1_300' title='bbox 1431 4739 1467 4807; x_wconf 89' lang='lat' dir='ltr'>et</span> <span class='ocrx_word' id='word_1_301' title='bbox 1484 4733 1670 4830; x_wconf 91' lang='lat' dir='ltr'>publicum</span> 
     </span>
     <span class='ocr_line' id='line_1_34' title="bbox 343 4857 1668 4958; baseline -0.004 -25"><span class='ocrx_word' id='word_1_302' title='bbox 343 4883 489 4935; x_wconf 87' lang='lat' dir='ltr'>romane</span> <span class='ocrx_word' id='word_1_303' title='bbox 505 4862 710 4958; x_wconf 89' lang='lat' dir='ltr'>pestilentie</span> <span class='ocrx_word' id='word_1_304' title='bbox 725 4863 853 4935; x_wconf 80' lang='lat' dir='ltr'>vulnus</span> <span class='ocrx_word' id='word_1_305' title='bbox 868 4864 962 4936; x_wconf 87' lang='lat' dir='ltr'>veris</span> <span class='ocrx_word' id='word_1_306' title='bbox 975 4863 1127 4936; x_wconf 89' lang='lat' dir='ltr'>medicis</span> <span class='ocrx_word' id='word_1_307' title='bbox 1140 4863 1309 4958; x_wconf 89' lang='lat' dir='ltr'>aperire;</span> <span class='ocrx_word' id='word_1_308' title='bbox 1328 4881 1535 4957; x_wconf 92' lang='lat' dir='ltr'>proponere</span> <span class='ocrx_word' id='word_1_309' title='bbox 1552 4857 1668 4933; x_wconf 86' lang='lat' dir='ltr'>Cesari</span> 
     </span>
     <span class='ocr_line' id='line_1_35' title="bbox 342 4985 1666 5086; baseline -0.004 -28"><span class='ocrx_word' id='word_1_310' title='bbox 342 4993 377 5058; x_wconf 83' lang='lat' dir='ltr'>et</span> <span class='ocrx_word' id='word_1_311' title='bbox 396 4985 528 5060; x_wconf 89' lang='lat' dir='ltr'>ceteris</span> <span class='ocrx_word' id='word_1_312' title='bbox 551 4987 692 5060; x_wconf 85' lang='lat' dir='ltr'>romani</span> <span class='ocrx_word' id='word_1_313' title='bbox 715 4989 858 5086; x_wconf 90' lang='lat' dir='ltr'>lmperii</span> <span class='ocrx_word' id='word_1_314' title='bbox 879 4987 1105 5084; x_wconf 90' lang='lat' dir='ltr'>principibus</span> <span class='ocrx_word' id='word_1_315' title='bbox 1130 4986 1252 5060; x_wconf 86' lang='lat' dir='ltr'>clades</span> <span class='ocrx_word' id='word_1_316' title='bbox 1276 5009 1417 5077; x_wconf 78' lang='lat' dir='ltr'>umnec,</span> <span class='ocrx_word' id='word_1_317' title='bbox 1441 5004 1666 5080; x_wconf 89' lang='lat' dir='ltr'>quecumque</span> 
     </span>
    </p>
   </div>
   <div class='ocr_carea' id='block_1_6' title="bbox 343 5165 1746 5368">
    <p class='ocr_par' dir='ltr' id='par_1_8' title="bbox 343 5165 1746 5368">
     <span class='ocr_line' id='line_1_36' title="bbox 380 5165 1746 5256; baseline -0.002 -21"><span class='ocrx_word' id='word_1_318' title='bbox 380 5183 404 5236; x_wconf 91' lang='lat' dir='ltr'>t.</span> <span class='ocrx_word' id='word_1_319' title='bbox 421 5165 493 5255; x_wconf 63' lang='lat' dir='ltr'>ch.</span> <span class='ocrx_word' id='word_1_320' title='bbox 507 5182 700 5256; x_wconf 77' lang='lat' dir='ltr'>Gregorovius,</span> <span class='ocrx_word' id='word_1_321' title='bbox 716 5186 831 5239; x_wconf 70' lang='lat' dir='ltr'>Lremttce</span> <span class='ocrx_word' id='word_1_322' title='bbox 845 5185 954 5252; x_wconf 78' lang='lat' dir='ltr'>Bor-pio,</span> <span class='ocrx_word' id='word_1_323' title='bbox 968 5189 987 5238; x_wconf 90' lang='lat' dir='ltr'>t.</span> <span class='ocrx_word' id='word_1_324' title='bbox 1003 5181 1024 5251; x_wconf 96' lang='lat' dir='ltr'>l,</span> <span class='ocrx_word' id='word_1_325' title='bbox 1039 5183 1118 5256; x_wconf 90' lang='lat' dir='ltr'>clmp.</span> <span class='ocrx_word' id='word_1_326' title='bbox 1133 5201 1187 5237; x_wconf 86' lang='lat' dir='ltr'>xxn</span> <span class='ocrx_word' id='word_1_327' title='bbox 1199 5202 1206 5252; x_wconf 88' lang='lat'>;</span> <span class='ocrx_word' id='word_1_328' title='bbox 1217 5183 1331 5251; x_wconf 83' lang='lat' dir='ltr'>Secuto,</span> <span class='ocrx_word' id='word_1_329' title='bbox 1341 5189 1361 5239; x_wconf 91' lang='lat' dir='ltr'>t.</span> <span class='ocrx_word' id='word_1_330' title='bbox 1377 5181 1422 5247; x_wconf 84' lang='lat' dir='ltr'>tv,</span> <span class='ocrx_word' id='word_1_331' title='bbox 1435 5200 1463 5254; x_wconf 92' lang='lat' dir='ltr'>p.</span> <span class='ocrx_word' id='word_1_332' title='bbox 1475 5183 1528 5236; x_wconf 77' lang='lat'>222</span> <span class='ocrx_word' id='word_1_333' title='bbox 1538 5187 1566 5237; x_wconf 89' lang='lat' dir='ltr'>et</span> <span class='ocrx_word' id='word_1_334' title='bbox 1579 5179 1649 5236; x_wconf 83' lang='lat' dir='ltr'>suiv.</span> <span class='ocrx_word' id='word_1_335' title='bbox 1664 5214 1669 5255; x_wconf 83' lang='lat'>:</span> <span class='ocrx_word' id='word_1_336' title='bbox 1745 5189 1746 5222; x_wconf 51' lang='grc' dir='ltr'><strong>ὲ</strong></span> 
     </span>
     <span class='ocr_line' id='line_1_37' title="bbox 343 5269 1515 5368; baseline 0.003 -43"><span class='ocrx_word' id='word_1_337' title='bbox 343 5269 484 5340; x_wconf 84' lang='lat' dir='ltr'>Mumtori,</span> <span class='ocrx_word' id='word_1_338' title='bbox 495 5273 547 5333; x_wconf 83' lang='lat' dir='ltr'>lter</span> <span class='ocrx_word' id='word_1_339' title='bbox 579 5273 640 5328; x_wconf 85' lang='lat' dir='ltr'>ttct.</span> <span class='ocrx_word' id='word_1_340' title='bbox 656 5273 757 5346; x_wconf 72' lang='lat' dir='ltr'>Sempt.</span> <span class='ocrx_word' id='word_1_341' title='bbox 775 5273 874 5327; x_wconf 84' lang='lat' dir='ltr'>Diurio</span> <span class='ocrx_word' id='word_1_342' title='bbox 890 5273 1041 5368; x_wconf 64' lang='lat' dir='ltr'>Ferperese,</span> <span class='ocrx_word' id='word_1_343' title='bbox 1057 5279 1077 5328; x_wconf 87' lang='lat' dir='ltr'>t.</span> <span class='ocrx_word' id='word_1_344' title='bbox 1094 5271 1193 5341; x_wconf 84' lang='lat' dir='ltr'>XXIV,</span> <span class='ocrx_word' id='word_1_345' title='bbox 1207 5287 1234 5349; x_wconf 90' lang='lat' dir='ltr'>p.</span> <span class='ocrx_word' id='word_1_346' title='bbox 1251 5271 1304 5327; x_wconf 72' lang='lat'>397</span> <span class='ocrx_word' id='word_1_347' title='bbox 1317 5277 1345 5330; x_wconf 92' lang='lat' dir='ltr'>et</span> <span class='ocrx_word' id='word_1_348' title='bbox 1359 5271 1449 5342; x_wconf 69' lang='lat' dir='ltr'>suin,</span> <span class='ocrx_word' id='word_1_349' title='bbox 1462 5276 1515 5330; x_wconf 88' lang='lat' dir='ltr'>etc.</span> 
     </span>
    </p>
   </div>
   <div class='ocr_carea' id='block_1_7' title="bbox 0 0 1765 6036">
    <p class='ocr_par' dir='ltr' id='par_1_9' title="bbox 0 0 1765 6036">
     <span class='ocr_line' id='line_1_38' title="bbox 0 0 1765 6036; baseline 0 0"><span class='ocrx_word' id='word_1_350' title='bbox 0 0 1765 6036; x_wconf 95' lang='lat' dir='ltr'> </span> 
     </span>
    </p>
   </div>
  </div>
 </body>
</html>
