3506 6034
339 549 391 602 291
793 543 969 602 lOlldNNlS
994 544 1215 616 aduentant,
1426 551 1589 614 [Noremlrre
1607 555 1672 619 15⁰³]

341 727 370 774 s.
386 702 483 775 Petri
495 700 715 788 adVincula,
730 699 997 787 Ulixbonensis,
1015 704 1288 792 Recanatensis‚
1301 729 1329 777 s.
1342 705 1530 794 Praxedis,
1546 710 1669 780 scru-

338 827 405 916 cis,
425 825 699 924 Agrigentinus,
714 825 921 912 GrimanuS,
937 823 1253 924 Rothomagensis‚
1264 829 1500 920 Arborensis,
1515 831 1666 929 Regien-

339 951 399 1040 sis,
425 950 654 1040 Cusentinus,
684 948 947 1037 salernitanus
981 951 1281 1046 Caputaquensis,
1317 955 1516 1036 Cumanus,
1553 958 1668 1029 Bono-

337 1076 492 1160 niensis,
523 1075 655 1147 llontis
688 1074 851 1171 Regalis,
892 1074 1105 1163 Perusinus,
1139 1077 1422 1166 Volaterranos,
1453 1080 1500 1151 de
1533 1080 1666 1165 Flisco,

337 1201 585 1299 Legionensis‚
607 1198 798 1287 Adrianus,
818 1198 1007 1290 Columna,
1033 1203 1222 1290 Ascanius,
1244 1203 1418 1294 ltledices,
1437 1228 1467 1278 s.
1489 1206 1665 1296 Severini,

337 1328 540 1414 Gesariuus,
566 1325 772 1412 Farnesius,
799 1325 996 1420 aragonia,
1021 1323 1065 1398 de
1084 1326 1280 1417 alibretto,
1308 1329 1452 1425 Borgia,
1479 1329 1669 1402 Cornelius

336 1459 373 1526 et
389 1448 822 1546 constantinopolitanus,
841 1449 915 1544 qui,
938 1448 1040 1522 finita
1056 1451 1223 1524 oratione
1243 1451 1666 1542 intraveruntconclarr,

336 1577 559 1674 precedente
584 1597 705 1662 cruce,
734 1596 844 1670 quam
868 1573 1025 1670 portavit
1048 1577 1090 1647 D.
1117 1577 1375 1666 bernardinus,
1401 1579 1527 1650 socius
1553 1601 1665 1669 meus,

336 1706 441 1773 extra
469 1699 676 1787 ecclesiam,
706 1697 836 1772 deinde
866 1721 934 1794 ego
965 1723 1078 1794 nsque
1110 1700 1156 1772 ad
1184 1700 1300 1774 altare
1330 1701 1472 1798 capelle
1500 1703 1664 1800 majoris.

336 1825 547 1898 cantoribus
567 1823 739 1896 continuo
762 1822 993 1896 cantantibus
1017 1847 1023 1894 :
1055 1821 1144 1896 Veni
1163 1838 1309 1914 creator,
1338 1837 1421 1914 etc.;
1443 1831 1480 1899 et
1497 1827 1606 1925 juxta
1621 1828 1666 1900 al-

336 1955 415 2022 tare
428 1953 683 2022 cantaverunt:
698 1945 832 2019 Emitte
841 1948 1004 2042 spriritmn
1017 1960 1130 2036 tricem,
1142 1953 1177 2020 et
1189 1949 1449 2045 Neapolitanus
1464 1951 1600 2040 :Deua
1611 1953 1666 2048 qui

334 2074 452 2151 cordo,
484 2085 569 2163 rte.;
593 2073 740 2145 demum
765 2072 991 2144 intraverunt
1013 2097 1179 2146 cameras
1203 2081 1238 2148 et
1265 2075 1433 2148 lecerunt.
1457 2077 1662 2172 prandium.

336 2204 421 2273 Post
439 2198 650 2295 vigesimam
668 2196 814 2286 horam,
836 2197 972 2294 repulsi
990 2197 1139 2271 luerunt
1156 2199 1257 2294 quasi
1278 2223 1405 2272 omnes
1423 2201 1469 2272 de
1488 2201 1661 2290 conclavi,

335 2331 371 2399 et
388 2323 558 2396 custodes
581 2323 753 2409 secunde,
780 2322 885 2394 tertio
912 2328 947 2394 et
972 2329 1101 2418 quarte
1124 2323 1288 2396 custodie
1307 2325 1526 2421 juraverunt
1552 2326 1589 2397 in
1608 2349 1664 2397 ca·

333 2449 428 2544 pella
443 2449 576 2522 minori
589 2448 625 2520 in
636 2447 803 2521 manibus
822 2448 1034 2522 camerarii:
1052 2448 1151 2520 cirea
1163 2447 1292 2521 horam
1308 2449 1524 2546 vigesimam
1542 2473 1661 2536 uuam,

334 2574 431 2648 lacta
458 2581 513 2646 ost
538 2572 775 2670 congregatio
801 2571 1040 2645 cardinalium
1066 2571 1103 2644 in
1133 2572 1240 2646 tertia
1268 2573 1365 2662 aula,
1401 2573 1460 2646 ubi
1495 2574 1663 2648 conclusa

334 2699 479 2772 bierunt
502 2697 660 2794 capellula
675 2704 710 2771 et
726 2697 937 2770 ordinatum
953 2698 1050 2792 quod
1072 2721 1184 2770 unum
1200 2698 1245 2771 de
1262 2698 1417 2794 puhlicis
1435 2703 1471 2772 et
1492 2723 1606 2772 unum
1623 2699 1663 2772 de

334 2824 480 2921 privatis
499 2823 534 2896 in
555 2832 655 2896 carta
674 2823 756 2896 alba
770 2847 839 2919 que
865 2828 1006 2896 tantum
1029 2824 1166 2920 scripta
1187 2824 1333 2897 luerunt
1351 2825 1661 2898 subscriberentur

334 2972 400 3045 per
412 2972 539 3022 omnes
557 2948 762 3021 cardinales
776 2955 811 3022 et
827 2948 987 3020 laturum
1007 2971 1152 3044 papam,
1180 2955 1216 3022 et
1235 2950 1367 3023 deinde
1386 2950 1471 3039 alia,
1497 2949 1660 3024 videlicet

334 3073 492 3170 quinque
512 3073 556 3144 de
571 3073 724 3169 publicis
743 3079 779 3146 et
800 3073 948 3146 totidem
973 3073 1017 3146 de
1034 3073 1180 3169 privatis
1196 3074 1231 3146 in
1251 3081 1350 3148 carta
1371 3075 1453 3148 alba
1474 3075 1512 3147 in
1538 3075 1660 3171 quibus

334 3197 718 3294 posteascriberentur
730 3198 805 3294 ipsa
823 3198 1000 3294 capitula,
1020 3203 1054 3270 et
1074 3198 1125 3271 sic
1142 3197 1222 3270 lieri
1239 3198 1306 3270 leci
1325 3199 1361 3272 in
1382 3205 1490 3272 nocte
1509 3207 1545 3273 et
1561 3221 1659 3271 mane

334 3323 499 3417 sequenti
516 3323 615 3394 circa
629 3322 756 3395 horam
774 3325 938 3418 quintam
956 3323 1135 3396 decimam
1153 3347 1160 3395 :
1180 3329 1214 3396 et
1233 3347 1317 3396 cum
1333 3347 1405 3398 non
1422 3329 1574 3421 possent
1590 3345 1659 3396 om·

334 3469 399 3518 nes
422 3447 628 3519 cardinales
650 3449 686 3518 in
711 3453 785 3520 tam
807 3447 950 3521 modico
972 3453 1137 3544 tempore
1159 3472 1197 3520 se
1221 3449 1468 3539 subscribere,
1493 3449 1656 3522 dixerunt
1743 3519 1744 3528 ,

335 3571 423 3646 mibi
449 3573 651 3646 cardinales
674 3571 770 3669 quod
799 3572 1009 3645 omitterem
1033 3571 1246 3646 ulteriorem
1273 3574 1595 3670 subscriptionem,
1625 3579 1657 3644 et
1743 3615 1744 3618 =

335 3698 431 3793 quod
449 3698 632 3772 diceretur
645 3699 757 3770 missu
779 3697 935 3794 Spiritus
957 3699 1070 3771 sancti
1089 3703 1122 3770 et
1140 3699 1372 3796 expediretur
1389 3699 1535 3790 electio,
1555 3701 1655 3796 prout

334 3821 468 3894 tactum
479 3827 551 3910 est;
563 3845 647 3895 nam
662 3823 697 3894 in
713 3845 793 3895 sero
805 3821 900 3894 dicte
914 3821 999 3910 diei,
1017 3822 1115 3895 circa
1128 3823 1254 3896 horam
1269 3825 1425 3919 primam
1437 3826 1568 3912 noctis,
1580 3845 1657 3896 con·

334 3947 473 4018 clusum
492 3946 1023 4043 tuitintercardinalesquods.
1045 3949 1142 4021 Petri
1155 3948 1198 4022 ad
1216 3949 1474 4023 Vinculaesset
1488 3949 1652 4046 papatl);

331 4077 368 4143 et
382 4073 613 4144 veneruntad
625 4073 702 4170 ejus
714 4096 897 4145 cameram
909 4095 1049 4162 omnes,
1064 4074 1213 4169 dempto
1224 4072 1481 4162 Alexandrino,
1492 4073 1630 4146 dicente
1644 4093 1650 4139 :

333 4225 348 4260 u
363 4195 535 4268 Proficiat
554 4195 597 4269 de
614 4202 795 4295 papatu»,
817 4207 851 4272 et
868 4223 936 4296 ego
953 4197 1061 4271 simul
1086 4199 1177 4286 reni,
1201 4205 1237 4272 et
1252 4199 1420 4297 promisit
1435 4199 1525 4272 mihi
1545 4196 1652 4271 eccle-

332 4320 422 4392 siam
439 4323 614 4395 Ortonam
631 4329 666 4396 et
684 4323 819 4396 mulam
835 4323 1019 4412 lornitam,
1036 4347 1191 4420 cappam
1211 4329 1247 4397 et
1263 4323 1487 4397 rochettum.

784 4531 921 4604 Eteceio
935 4529 1027 4603 dulit
1036 4555 1133 4628 pope
1147 4531 1202 4606 II.

380 4682 647 4767 brenacum,
679 4688 692 4761 t
729 4683 951 4772 novembris
977 4683 1070 4757 sesto
1099 4685 1269 4758 Omnium
1295 4685 1525 4774 Sanctorum,
1560 4683 1649 4770 circu
1743 4663 1744 4666 ¹

367 4869 391 4923 l.
414 4866 560 4924 L'dtection
581 4867 618 4922 du
633 4866 754 4923 cardinal
778 4867 867 4925 lulien
883 4869 916 4924 de
937 4870 1041 4926 llorere
1061 4869 1127 4926 etait
1150 4870 1281 4942 regardee
1300 4887 1404 4926 comme
1427 4867 1546 4926 certaiuc
1561 4867 1606 4922 des
1627 4863 1647 4918 le
1743 4841 1744 4892 l

328 4957 365 5010 29
385 4955 505 5013 octobre.
523 4956 688 5014 Maeoniam
712 4956 820 5012 derirait
837 4957 861 5014 le
875 4959 910 5016 30
932 4961 947 5014 d
966 4957 990 5015 ta
1011 4957 1173 5030 Seigneurie
1189 4975 1240 5031 que
1254 4957 1345 5017 lutien
1368 4959 1402 5017 de
1418 4955 1443 5014 la
1465 4957 1568 5017 llorere
1583 4951 1645 5010 avait
1743 4963 1744 5006 ἐ

329 5061 398 5118 pour
412 5043 448 5100 lui
464 5044 487 5098 la
502 5043 624 5118 majorite
637 5045 673 5099 du
690 5045 895 5118 Sane-Collega
909 5046 974 5120 qu'il
989 5047 1062 5104 avait
1078 5065 1109 5102 su
1135 5069 1149 5098 ι(
1165 5064 1272 5120 gagner
1287 5064 1335 5118 pur
1349 5045 1389 5102 les
1413 5063 1527 5119 moyens
1544 5056 1645 5118 propres

328 5131 485 5204 aprorum
501 5141 544 5189 eet
567 5133 643 5189 ellel.
663 5155 676 5184 n
692 5133 762 5208 Voy.
787 5135 966 5204 Machiuretli,
984 5139 1132 5206 Lepeztone
1152 5139 1207 5192 utta
1223 5141 1294 5192 corte
1315 5137 1345 5191 di
1359 5139 1453 5202 llomu,
1478 5137 1540 5207 dep.
1556 5133 1589 5189 du
1605 5129 1643 5188 28.

327 5221 374 5288 29,
390 5222 433 5288 30,
447 5221 479 5276 31
495 5228 547 5278 oct.
563 5229 590 5278 et
605 5225 648 5278 10¹
661 5240 735 5288 nor,
752 5231 779 5281 et
790 5224 965 5294 Giustiniani,
981 5233 999 5282 t.
1018 5226 1052 5294 ll,
1069 5244 1095 5298 p.
1112 5226 1162 5281 271
1181 5238 1207 5280 et
1222 5223 1293 5283 suiv.
