3506 6034
100 656 287 730 [talliatam]
431 667 557 724 RERUM
582 665 811 725 URBANARUM
836 667 1098 727 condensatur.
1384 677 1437 734 213

102 823 167 896 sibi
188 823 304 920 magis
324 811 440 897 obfuit
456 847 564 919 quam
581 823 729 920 profuit.
752 823 875 897 Noluit
893 824 1020 896 ‘testari
1040 827 1102 896 aut
1120 823 1348 919 sepulturam
1369 826 1435 899 sibi

104 949 241 1045 eligere
268 949 322 1020 vel
346 949 582 1021 servitoribus
604 948 676 1020 suis
701 946 841 1044 aliquid
858 947 901 1020 de
924 947 1029 1020 bonis
1050 948 1175 1045 legare
1196 956 1258 1022 aut
1280 949 1432 1026 donare.

101 1078 139 1146 ln
157 1097 278 1162 mane,
298 1078 386 1146 ante.
400 1073 538 1146 obitum
555 1097 674 1164 suum,
695 1073 785 1146 forte
803 1073 840 1144 in
856 1073 970 1146 extasi
990 1073 1217 1161 constitutae,
1239 1097 1437 1169 conquere-

101 1197 209 1270 batur
238 1199 434 1295 quemdam
461 1199 521 1294 qui
551 1221 633 1270 cum
657 1222 701 1271 eo
724 1221 789 1295 pro
813 1196 969 1294 quadam
997 1197 1260 1294 supplicatione
1284 1221 1436 1296 compo-

101 1329 238 1410 suerat,
268 1345 351 1396 eum
379 1323 415 1394 in
443 1324 571 1396 decem
598 1323 737 1396 ducatis
764 1322 964 1420 decepisse.
992 1325 1104 1396 Erant
1128 1322 1177 1395 ibi
1202 1323 1274 1395 duo
1302 1323 1435 1398 fratres

99 1470 177 1520 rem
199 1447 493 1537 considerantes;
515 1469 599 1520 eum
620 1447 825 1520 excitarunt
840 1451 877 1520 et
896 1448 1130 1521 ostendentes
1153 1449 1186 1522 ei
1205 1448 1431 1538 crucifixum,

100 1571 293 1646 dixerunt:
311 1603 328 1640 «
342 1595 416 1644 non
430 1571 502 1645 sint
512 1572 629 1658 nobie,
646 1569 949 1646 reverendissime
966 1572 1131 1660 Domine,
1150 1573 1434 1670 compositiones

98 1719 209 1786 cure;
236 1697 301 1770 sed
324 1695 490 1771 adhunc
512 1696 711 1794 confugite,
739 1696 825 1769 huic
844 1721 906 1770 ros
933 1696 1198 1786 commendate,
1223 1697 1283 1794 qui
1305 1721 1368 1772 ros
1389 1698 1434 1772 ab

99 1821 197 1895 omni
223 1821 353 1896 fraude
372 1827 406 1896 et
429 1821 646 1919 deceptione
667 1821 849 1896 liberabit.
872 1850 889 1888 u
914 1822 1103 1895 osculatus
1125 1827 1180 1896 est
1204 1823 1431 1914 crucifixum,

97 1951 132 2019 et.
156 1969 273 2019 manu
299 1947 451 2020 dextera
475 1969 587 2044 super
611 1945 746 2020 labium
775 1947 1000 2044 perculiam,
1030 1947 1176 2045 signum
1204 1949 1434 2022 contritionis

97 2073 259 2145 ostendit
273 2097 281 2162 ;
301 2093 429 2170 parurn
445 2077 528 2170 post
543 2071 665 2144 emisit
680 2072 859 2168 spiritum.
880 2072 1096 2168 Requiescat
1111 2073 1148 2146 in
1164 2096 1253 2171 pace
1270 2077 1277 2146 l
1292 2072 1303 2163 t
1331 2075 1355 2174 l.

144 2197 288 2271 Eodem
303 2219 424 2285 mane,
443 2196 512 2269 luit
534 2196 792 2270 consistorium
815 2206 997 2272 secretum
1016 2197 1054 2270 in
1078 2221 1148 2294 quo
1166 2200 1228 2272 SS.
1248 2203 1291 2272 D.
1310 2205 1435 2274 noster

1 2335 2 2338 ’
97 2321 369 2396 commendavit
384 2319 574 2396 ecclesiam
592 2323 800 2418 Capuanam
814 2346 881 2419 per
895 2323 1033 2396 obitum
1052 2323 1202 2420 predicti
1220 2325 1433 2399 Mutinensis

95 2455 301 2538 vacantem,
328 2451 432 2521 Rmo.
458 2451 501 2520 b.
529 2447 704 2522 cardinali
723 2447 887 2538 Estensi3
916 2447 958 2520 et'
980 2449 1134 2522 ecclesie
1158 2450 1368 2540 Mutinensi,
1395 2456 1433 2524 ut

96 2572 293 2668 prefertur,
310 2571 449 2645 vacanti
470 2571 627 2680 prefecit
646 2577 688 2646 D.
715 2573 947 2646 Franciscum
963 2572 1008 2646 de
1031 2573 1218 2664 Ferrariis,
1245 2573 1432 2648 bominem

96 2697 275 2771 rusticum
290 2703 325 2770 et
336 2696 482 2786 laicum,
496 2697 649 2794 predicti
662 2696 854 2771 cardinalis
866 2696 1022 2772 defuncti
1037 2698 1191 2772 fratrem
1202 2722 1429 2796 germanum,

97 2823 168 2918 qui,
188 2822 249 2894 die
263 2821 349 2895 lune
370 2827 412 2894 18
428 2821 550 2918 hujus,
571 2821 616 2896 de
628 2822 782 2919 predicti
799 2822 989 2897 cardinalis
1006 2821 1131 2896 fratris
1147 2823 1202 2896 sui
1221 2821 1431 2899 infirmitate

129 3027 155 3082 1.
177 3025 347 3084 Giustiniani
369 3025 480 3082 ecrirait
493 3027 509 3082 a
523 3025 549 3082 la
564 3025 737 3101 Seigueuric,
753 3025 769 3081 d
783 3025 809 3084 la
829 3027 891 3082 date
906 3025 941 3080 du
959 3027 992 3081 {9
1003 3025 1094 3100 juillet
1113 3043 1120 3082 :
1139 3049 1153 3078 ιι
1168 3025 1292 3084 Essendo
1311 3026 1336 3082 el
1351 3043 1424 3082 reve·

98 3115 262 3173 rendissimo
283 3115 401 3174 blodena
425 3121 574 3190 perreuuto
597 3115 641 3171 all'
665 3122 782 3172 estremo
805 3121 888 3190 ponto
912 3115 982 3172 della
1005 3116 1073 3182 rita,
1098 3116 1240 3190 desperato
1265 3117 1301 3172 da
1322 3115 1386 3174 tutti
1411 3115 1430 3172 li

95 3205 204 3274 medici,
220 3223 274 3262 con
288 3205 415 3280 opinione
430 3205 475 3261 ch'
489 3204 514 3261 el
526 3205 611 3262 tondo
623 3203 695 3262 della
708 3205 783 3278 luna,
799 3206 849 3261 che
864 3209 926 3262 sara
937 3203 964 3260 la
975 3209 1051 3262 nolte
1069 3205 1171 3269 futura.
1186 3206 1212 3262 lo
1226 3205 1291 3264 abbi
1305 3223 1322 3262 a
1335 3212 1430 3280 pcrtar

94 3295 143 3364 ria,
159 3295 262 3352 Nostro
277 3295 394 3369 Signore
407 3294 425 3350 l'
439 3299 536 3352 estate
551 3311 568 3350 a
583 3293 687 3364 visilar,
702 3312 717 3352 c
733 3296 769 3352 ha
782 3295 904 3352 ordinato
920 3295 970 3350 cbe
985 3295 1010 3350 le
1025 3295 1137 3368 esequic
1158 3294 1237 3351 siano
1250 3302 1362 3352 onerate
1378 3313 1427 3352 con

95 3389 164 3442 tutte
178 3384 205 3442 le
220 3385 366 3441 cerimonia
388 3382 602 3440 cardinalescbe.
624 3383 684 3439 Non
698 3382 775 3441 volsa
798 3386 863 3457 perd
878 3383 994 3457 partirse
1016 3385 1050 3440 da
1065 3383 1102 3440 lui
1123 3401 1205 3440 senza
1221 3381 1315 3440 ordine
1331 3385 1381 3441 cbe
1403 3385 1427 3440 si

96 3472 197 3531 lacesse
211 3474 364 3531 inventario
379 3474 413 3530 de
427 3478 496 3530 tutta
511 3472 536 3529 lc
558 3471 643 3529 robbc
657 3472 707 3528 che
728 3490 811 3529 erano
825 3473 853 3528 in
867 3490 943 3542 cusa,
963 3490 978 3528 e
994 3477 1035 3529 sta
1049 3473 1132 3530 molto
1154 3473 1260 3530 intento
1276 3473 1328 3530 alla
1342 3473 1430 3531 natica

96 3565 184 3621 chela
203 3581 286 3638 spera
299 3562 371 3620 dalla
384 3569 470 3619 morte
489 3563 516 3618 di
531 3569 631 3636 questo
651 3561 798 3630 cardinale,
813 3561 838 3618 el
857 3561 920 3636 qual
935 3579 965 3618 se
977 3563 1071 3634 judica
1084 3561 1148 3619 abbi
1167 3563 1260 3620 buono
1275 3579 1382 3618 summa
1396 3563 1430 3620 da

97 3653 190 3711 danari
205 3653 338 3723 cantanti,
353 3653 422 3709 oltra
436 3651 454 3708 il
475 3652 574 3708 mobile
587 3652 636 3708 che
651 3656 665 3707 e
685 3652 768 3708 assai.
786 3652 891 3720 Questa
904 3650 1026 3726 cupidita
1049 3651 1076 3706 di
1094 3658 1191 3724 questo
1206 3651 1354 3725 guadagno
1366 3667 1428 3725 pre-

97 3749 228 3799 sentaneo
243 3741 261 3796 li
277 3741 304 3798 fa
322 3741 431 3799 tollerar
449 3741 601 3798 facilmente
625 3741 649 3797 el
670 3741 762 3798 futuro
786 3743 877 3798 danno
892 3740 964 3798 della
984 3757 1102 3814 persona
1117 3740 1144 3796 di
1168 3748 1265 3815 questo
1280 3739 1428 3811 cardinale,

96 3833 144 3888 ebe
156 3837 171 3888 e
185 3830 324 3890 altissimo
337 3831 547 3888 instrumentoa
562 3848 706 3905 recuperat·
718 3831 822 3898 denari,
838 3847 853 3887 e
867 3830 906 3889 tal
921 3831 971 3886 cbe
989 3836 1004 3886 e
1019 3830 1147 3904 opinione
1162 3831 1195 3887 de
1217 3829 1294 3887 molti
1308 3831 1358 3886 cbo
1371 3829 1429 3886 Sua

98 3921 204 3980 Sanctia
218 3938 275 3977 uon
301 3921 344 3978 sia
356 3938 405 3996 per
427 3921 577 3978 ritrorame
590 3921 637 3996 piu
660 3940 696 3979 un
720 3921 788 3979 altro
804 3921 955 3978 sufficiente
979 3939 995 3976 a
1022 3920 1092 3978 simil
1108 3921 1245 3978 esereizio.
1262 3921 1282 3976 E
1302 3925 1429 3996 questoe

98 4020 167 4069 stato
181 4028 267 4068 causa
281 4012 332 4067 che
344 4010 370 4068 io
385 4027 440 4067 non
454 4011 489 4068 ho
502 4017 585 4070 eruto
600 4011 742 4068 commodo
753 4013 845 4068 d'aver
858 4009 999 4068 audientia
1012 4011 1049 4066 da
1060 4013 1118 4068 Sua
1133 4011 1321 4069 Beatitudine.
1338 4031 1352 4062 u
1368 4009 1429 4064 Dis-

96 4100 179 4174 pacci,
195 4117 261 4175 pag.
278 4101 331 4157 59:
349 4121 399 4158 u...
415 4107 515 4174 questa
528 4102 652 4171 mattiae,
669 4118 685 4157 a
700 4119 746 4158 ore
759 4103 793 4158 12
808 4100 844 4174 (el
856 4100 1082 4158 reverendissimo
1096 4101 1225 4174 Modena)
1242 4104 1331 4158 emisit
1346 4103 1430 4171 spirt-

97 4197 159 4260 tum,
180 4207 232 4248 con
248 4207 317 4263 gran
338 4189 497 4247 satisfaziou
521 4191 555 4248 dc
569 4197 641 4248 tutta
662 4198 760 4266 questa
779 4199 867 4258 corte,
894 4189 1006 4246 ebrato
1030 4189 1101 4245 colui
1116 4189 1167 4246 che
1189 4208 1236 4248 ora
1250 4207 1285 4246 nc
1306 4191 1372 4264 puol
1387 4189 1429 4246 dir

96 4280 173 4351 perot
177 4320 234 4338 .....
249 4278 348 4338 Subito
365 4281 401 4336 da
417 4279 463 4352 poi
477 4285 577 4351 morto,
591 4298 621 4336 sc
637 4281 750 4337 rcdusse
765 4281 789 4336 el
804 4279 1014 4348 Concistorio,e
1033 4295 1101 4335 sono
1117 4281 1181 4336 stati
1201 4279 1352 4352 dispensati
1365 4281 1429 4338 tutti

98 4365 106 4418 i
127 4367 184 4422 suoi
201 4366 328 4422 beneficii
352 4367 379 4422 in
400 4373 498 4440 questo
513 4368 593 4424 modo
620 4386 626 4422 :
649 4367 869 4428 l’arcirescovato
890 4368 918 4423 di
942 4367 1037 4442 Capua
1053 4367 1079 4424 al
1102 4367 1237 4424 cardinale
1253 4369 1288 4424 da
1308 4369 1388 4440 Estc;
1404 4371 1428 4425 el

99 4462 241 4513 rescorato
255 4457 290 4512 de
305 4457 423 4515 Mcdena
438 4458 474 4512 ad
488 4475 525 4512 un
538 4455 644 4514 fratello
658 4457 702 4514 del
718 4457 788 4515 ditto
802 4457 939 4516 cardinale
954 4457 1081 4527 defunto;
1098 4457 1123 4514 el
1137 4463 1210 4515 resto
1225 4464 1269 4516 tra
1283 4458 1373 4516 alcuni
1386 4460 1428 4515 sui

98 4545 186 4620 nepoti
203 4551 306 4603 cresto
319 4545 389 4602 della
408 4545 537 4620 famiglia.
552 4547 591 4602 La
606 4546 714 4622 miglior
727 4553 804 4622 parte
820 4548 856 4603 ba
870 4553 952 4604 avuto
967 4547 1116 4604 Sebastian
1142 4546 1244 4604 Pinzon
1259 4565 1426 4617 cremonese,

99 4651 146 4690 suo
168 4635 324 4704 secretario,
341 4653 355 4692 e
379 4634 451 4692 colui
466 4637 517 4692 che
538 4653 585 4692 era
605 4636 630 4692 la
645 4635 739 4692 delizie
754 4635 798 4692 del
812 4635 949 4702 cardinal3
965 4643 992 4692 et
1015 4639 1029 4692 e
1049 4635 1121 4691 fama
1135 4633 1245 4708 publica
1264 4636 1315 4691 che
1329 4635 1348 4690 li
1363 4635 1428 4691 abbi

99 4723 169 4779 arati
182 4727 362 4796 inprecatam
376 4728 534 4798 conquiris,
553 4725 670 4799 peroche
684 4743 733 4800 per
748 4726 824 4784 molti
839 4725 956 4782 evidenti
981 4725 1061 4799 segni
1076 4741 1106 4780 se
1120 4725 1176 4780 tien
1195 4725 1237 4782 ch'
1252 4724 1276 4782 cl
1292 4725 1428 4782 cardinale

101 4809 140 4866 sia
160 4821 246 4870 morto
260 4831 295 4871 ac
313 4831 457 4879 cananae
477 4815 529 4871 che
551 4819 650 4887 questo
673 4814 816 4872 Sebastian
832 4832 878 4872 cra
901 4821 972 4872 stato
996 4814 1020 4872 el
1043 4813 1224 4888 manigoldo:
1247 4815 1282 4870 ha
1306 4819 1387 4870 avuto
1403 4815 1428 4872 el

100 4901 253 4958 canonicato
267 4901 301 4958 da
315 4902 436 4969 Padova,
453 4919 467 4958 e
482 4902 509 4958 la
523 4903 694 4978 prepositura
711 4903 744 4959 de
760 4903 836 4958 Sant'
851 4905 942 4978 Agata
955 4903 988 4958 dc
1004 4901 1138 4958 Cremona
1148 4917 1199 4958 con
1214 4902 1249 4958 dc
1266 4900 1327 4958 altri
1339 4900 1427 4958 bene-

100 4985 161 5059 ficii,
176 5005 228 5046 unc
240 4989 287 5064 qui
309 4989 337 5046 in
351 4991 440 5046 Roma
454 5007 469 5047 e
483 4991 571 5048 l'altro
584 4991 611 5047 in
627 4991 775 5048 Mantuano
797 5007 846 5064 per
860 4989 885 5047 la
904 5009 1011 5048 summa
1023 4991 1057 5048 de
1072 4991 1164 5048 ducati
1179 4992 1233 5047 500
1249 5008 1255 5047 :
1273 4990 1298 5048 el
1313 4991 1389 5064 Papa
1402 4990 1428 5049 lo

100 5075 136 5131 ba
149 5089 271 5134 receruto
284 5082 358 5136 intcr
376 5081 545 5149 familiares.
568 5079 619 5136 Dei
638 5077 731 5134 denari
745 5077 900 5136 ritrovatia
919 5088 1018 5153 questo
1042 5078 1180 5136 cardinale
1196 5097 1225 5136 se
1241 5078 1318 5152 parla
1337 5079 1426 5136 varia-

100 5173 188 5234 nente,
202 5167 265 5227 tutti
289 5173 355 5242 perd
368 5186 418 5244 per
438 5169 567 5238 arbitri03
589 5185 634 5226 ma
647 5167 674 5224 io
696 5167 777 5224 credo
791 5173 857 5242 perd
871 5185 935 5224 arar
955 5167 1046 5226 inteso
1060 5170 1086 5226 la
1108 5169 1193 5226 verita
1207 5169 1258 5226 ebe
1278 5187 1345 5228 sono
1361 5169 1427 5228 stati

101 5253 187 5312 ducati
202 5259 302 5328 1t,000
313 5257 347 5314 de
365 5257 484 5330 contadi,
499 5257 570 5316 oltra
583 5258 602 5316 il
616 5256 728 5327 mobile,
743 5257 794 5314 cbc
810 5261 824 5313 e
843 5253 937 5314 buona
952 5274 1074 5329 summa;
1089 5276 1104 5314 e
1120 5257 1138 5314 il
1160 5262 1231 5315 tutto
1247 5261 1262 5315 a
1277 5265 1428 5332 perrenuto
1489 5323 1493 5332 .

100 5340 128 5398 in
143 5361 217 5402 nano
229 5347 273 5404 dcl
288 5347 430 5405 Pontefice
433 5389 488 5408 .....
506 5371 520 5401 a
535 5350 582 5422 (20
590 5347 681 5424 juillet
697 5347 788 5419 1502),
804 5365 832 5420 p.
846 5347 927 5404 60-1.
