3506 6034
343 455 396 514 no
797 449 974 511 rouuuuus
999 447 1223 523 susannam,
1492 451 1663 525 pannosos
1733 407 1734 468 ³

346 633 462 707 prope
491 611 688 698 Serenam,
716 608 777 683 ubi
805 611 930 682 llmus.
963 612 1007 682 Ι).
1036 605 1235 682 cardinalis
1263 631 1293 679 s.
1327 607 1425 682 Petri
1449 609 1497 682 ad
1526 611 1663 688 Vincula

345 734 543 824 residebat,
569 733 718 829 quidam
737 733 857 807 eidem
877 737 983 808 Rmo.
1006 733 1047 806 Ι).
1075 731 1258 806 cardinali
1282 755 1312 804 s.
1337 732 1437 807 Petri
1460 735 1506 808 ad
1527 735 1663 812 Vincula

346 859 483 956 optime
501 862 623 950 notus,
640 859 701 955 qui
719 860 772 932 eis
791 857 926 933 adhoc
945 863 1059 933 Rome
1079 859 1272 954 adjunctus
1288 855 1422 950 luerat,
1442 857 1663 936 descenderet
1733 841 1734 900 l

345 983 389 1056 de
414 985 519 1082 galea
541 1007 608 1081 per
631 981 789 1058 schilum
817 989 853 1058 et
875 983 1041 1082 predicto
1065 987 1172 1057 Rmo.
1197 985 1241 1057 Ι).
1269 981 1443 1057 cardinali
1462 1008 1492 1058 s.
1518 985 1609 1060 Petri
1626 987 1662 1060 ad

343 1107 498 1184 Vincula
515 1110 710 1183 adventum
729 1109 925 1184 cardinalis
941 1109 985 1184 de
1003 1106 1186 1183 Alibretto
1206 1113 1242 1182 et
1257 1107 1411 1182 Trochie
1429 1109 1662 1206 predictorum
1733 1167 1734 1200 ,

342 1232 535 1308 nunciaret
554 1257 595 1308 ao
612 1233 733 1332 ipsum
749 1233 940 1309 induceret
957 1233 1004 1308 ad
1020 1232 1238 1308 veniendum
1257 1233 1295 1306 in
1313 1234 1426 1308 barca
1443 1233 1584 1308 obviam
1598 1257 1663 1309 car-

343 1357 454 1432 dinali
478 1358 658 1433 Alibretto
686 1363 722 1433 et
748 1359 904 1433 Trachia
932 1359 1092 1448 eisdom3
1125 1354 1222 1455 quod
1248 1356 1278 1431 si
1305 1356 1402 1431 idem
1427 1353 1659 1433 cardinalias.

344 1483 442 1556 Petri
460 1481 506 1556 ad
526 1483 682 1559 Vincula
701 1484 853 1574 laceret,
880 1507 964 1558 cum
987 1487 1084 1558 esset
1105 1483 1142 1556 in
1167 1481 1286 1580 galea,
1313 1483 1518 1558 retinerent
1538 1505 1615 1558 eum
1634 1491 1663 1557 et

341 1607 590 1704 velociusque
614 1615 764 1706 possent
785 1607 965 1683 ducerent
992 1613 1145 1682 Romam
1170 1611 1207 1680 et
1230 1611 1492 1704 presentarent
1513 1611 1605 1706 Papa
1624 1633 1661 1682 ne

342 1737 467 1828 posset
484 1732 561 1830 ipse
583 1733 828 1807 cardinalias.
852 1733 947 1807 Petri
967 1733 1013 1806 ad
1031 1732 1186 1809 Vincula
1207 1729 1292 1806 duci
1316 1731 1455 1822 Urbini,
1479 1731 1577 1807 elllui
1594 1757 1660 1824 suu,

342 1855 548 1948 consulere,
567 1863 603 1932 et
620 1858 737 1955 cipro
754 1857 1031 1955 recuperatione
1052 1857 1107 1930 sui
1123 1861 1239 1931 status
1258 1857 1355 1954 apud
1373 1879 1505 1956 regem
1529 1857 1660 1932 Fraude

341 1979 484 2054 favores
517 1979 719 2079 impetrare
749 2005 792 2056 ac
829 1982 919 2056 alias
952 1981 1198 2081 designationi
1232 1979 1418 2078 pontificis
1444 1986 1486 2056 et
1522 1979 1584 2056 lilii
1615 1981 1661 2054 sui

342 2105 484 2181 obesse.

389 2231 496 2306 Feria
513 2231 634 2324 tertia,
664 2237 709 2306 28
734 2234 900 2331 ejusdem
924 2231 1075 2322 mensis,
1100 2231 1224 2329 vigilia
1246 2231 1501 2329 apostolorum
1527 2232 1614 2307 Petri
1631 2237 1660 2306 et

339 2357 454 2448 Pauli,
474 2359 584 2456 Papa,
604 2361 800 2456 antequam
819 2357 937 2432 exiret
954 2357 992 2430 in
1007 2356 1208 2454 publicum,
1229 2357 1368 2432 uocauit
1384 2357 1430 2432 ad
1450 2379 1492 2433 sa
1511 2357 1660 2432 cardinu-

338 2481 392 2556 les
410 2487 446 2556 et
470 2482 669 2582 publicavit
687 2487 728 2558 n.
750 2485 793 2558 Ι).
813 2483 1018 2557 lohannem
1042 2482 1268 2580 Stephanum
1291 2479 1513 2574 Ferrarium,
1533 2481 1659 2580 episco-

337 2631 424 2706 pum
442 2609 728 2700 Bononiensem,
742 2633 850 2708 quem
870 2609 929 2683 die
948 2614 993 2683 28
1011 2608 1146 2682 mensis
1162 2609 1476 2706 septembriarum
1490 2607 1569 2683 aliis
1585 2607 1658 2682 duo

337 2731 456 2807 decim
485 2735 622 2809 crearit
649 2735 873 2810 cardinalem
895 2737 933 2808 et
954 2731 1054 2807 dedit
1081 2734 1114 2808 ei
1132 2733 1278 2807 titulum
1305 2757 1333 2808 s.
1363 2733 1520 2824 Vitalis;
1543 2731 1657 2807 deinde

336 2858 434 2932 uenit
453 2859 499 2932 ad
516 2879 774 2958 vesperasque
793 2859 889 2933 dicte
908 2867 990 2932 sunt
1007 2858 1044 2931 in
1061 2843 1201 2956 capella
1219 2859 1371 2956 majore.

384 2987 424 3058 ln
442 2961 551 3058 mane
569 2985 749 3081 sequenti,
771 2987 896 3059 ltmus.
917 2987 960 3058 Ι).
981 2981 1176 3058 cardinalis
1194 2984 1453 3082 Neapolitanus
1472 2981 1656 3058 celebrauit

336 3109 485 3204 missam
513 3107 714 3184 solemnem
741 3110 777 3183 in
807 3109 961 3184 basilica
982 3131 1011 3183 s.
1040 3110 1152 3200 Petri,
1175 3111 1272 3206 Papa
1296 3113 1492 3206 presente:
1512 3129 1582 3183 non
1602 3105 1658 3182 luit

336 3238 483 3310 ostensa
508 3235 679 3310 veronica
703 3257 771 3310 nec
798 3233 936 3308 lerrum
963 3233 1110 3324 lancee;
1139 3233 1212 3308 alia
1240 3235 1432 3308 observata
1456 3237 1543 3309 sunt
1567 3253 1657 3306 more

336 3365 525 3435 consueto.
1107 3425 1110 3432 ,

385 3485 587 3577 Dominica,
609 3489 628 3560 3
650 3485 785 3558 mensis
803 3484 897 3584 Julii,
917 3491 1066 3560 extensa
1082 3485 1148 3559 luit
1169 3485 1325 3582 quedam
1349 3481 1465 3558 corda
1482 3505 1607 3583 grossa
1625 3481 1655 3554 in

334 3609 435 3684 curia
452 3609 577 3709 palatii
603 3610 794 3708 apostolici
819 3611 915 3708 apud
942 3635 971 3683 s.
999 3611 1148 3684 Petrum
1175 3609 1235 3684 ubi
1254 3609 1462 3684 cardinales
1486 3609 1601 3685 solent
1618 3629 1656 3680 eu

336 3733 437 3830 equis
463 3759 527 3808 seu
551 3734 660 3808 mulis
686 3735 926 3828 descendere,
956 3735 993 3808 in
1020 3735 1213 3809 altitudine
1237 3739 1394 3832 quatuor
1419 3739 1483 3808 aut
1509 3733 1655 3832 quinque

335 3860 536 3932 cannarum
560 3865 702 3933 eterra
729 3861 775 3933 ad
796 3859 1060 3958 longitudinem
1085 3859 1213 3934 decem
1240 3863 1303 3934 aut
1325 3857 1520 3934 duodecim
1538 3877 1658 3933 cunas·

334 4006 418 4056 rum
432 4007 542 4082 super
556 4008 628 4081 qua
640 3985 838 4058 ambulavit
853 3985 1000 4082 quidam
1014 3985 1169 4060 servitor
1183 3983 1418 4059 illustrissimi
1432 3988 1476 4058 Ι).
1493 3974 1655 4082 Alphonsl
1733 4065 1734 4080 χ

334 4107 508 4198 Emensis,
526 4109 760 4206 primogeniti
778 4109 880 4183 ducis
899 4109 1159 4201 Ferrariensis,
1181 4109 1301 4184 mariti
1322 4107 1467 4184 domine
1484 4103 1652 4192 Lucretia,
1733 4113 1734 4176 ἶ

334 4231 409 4306 lille
436 4233 547 4330 Papo,
576 4241 753 4325 armatus,
785 4235 980 4333 quemdam
1007 4256 1164 4334 puerum
1190 4239 1343 4334 portans
1367 4255 1479 4332 super
1503 4229 1653 4306 humeris

334 4359 463 4432 suiset
480 4359 604 4456 plures
624 4359 713 4433 alios
732 4363 835 4435 actus
853 4360 939 4435 lecit
956 4361 1049 4434 tales
1066 4359 1146 4435 lieri
1164 4361 1303 4452 solitos,
1323 4357 1550 4435 adstantibus
1567 4359 1653 4453 Papa

333 4507 415 4558 cum
433 4484 556 4558 multis
572 4485 831 4575 cardinalibus,
852 4485 1000 4584 prelatis
1018 4492 1054 4560 et
1070 4485 1149 4560 aliis
1166 4485 1384 4561 uidentibus.
1534 4567 1538 4584 .

381 4607 516 4683 Eadem
539 4607 735 4700 dominica,
760 4609 861 4684 circa
880 4610 1012 4684 horam
1038 4610 1253 4708 vigesimam
1275 4609 1485 4702 secundam,
1515 4609 1551 4685 in
1573 4629 1651 4682 cou-

329 4737 435 4807 ventu
456 4733 628 4824 ltlinerue,
653 4734 741 4810 obiit
761 4735 909 4832 quidam
927 4735 1042 4810 lrater
1062 4736 1240 4834 Georgius
1259 4736 1457 4812 Alemanus
1475 4735 1518 4811 de
1538 4731 1650 4832 Stynia

327 4857 382 4932 vel
401 4857 643 4959 Corinthiall)
662 4863 725 4934 aut
742 4861 841 4936 circa
858 4866 977 4952 natus,
996 4859 1097 4934 tertii
1116 4855 1253 4936 ordinis
1268 4887 1333 4938 seu
1351 4867 1548 4939 conuentus
1564 4855 1648 4934 ordi·

326 4984 382 5056 nis
411 4983 705 5079 predicatorum,
735 4987 842 5062 etatis
871 5009 1050 5061 annorum
1077 4993 1224 5062 centum
1250 4987 1304 5062 uel
1331 4987 1446 5082 circa,
1475 4985 1518 5062 de
1552 4983 1646 5080 cujus

361 5157 386 5213 l.
408 5179 423 5209 u
436 5157 475 5214 lle
489 5157 614 5232 partibus
629 5156 721 5232 Styric
735 5155 778 5216 vel
794 5156 945 5215 Corinthia.
961 5181 976 5212 u
992 5159 1061 5217 Mes.
1080 5161 1142 5220 151,
