3590 6042
792 566 967 624 Jousuuis
992 564 1214 634 caucasum,
1438 577 1441 582 ·
1481 563 1676 628 [turrianos]

387 731 423 820 t.
452 725 525 800 Ora
535 748 604 822 pro
622 722 736 814 realis,
757 733 879 794 sonata
897 719 969 793 Dei
983 721 1154 817 penitriu,

386 855 424 944 rb.
454 851 504 924 Ut
520 849 622 946 dipni
638 847 842 946 efficiamur
852 844 1142 942 promissionibus
1161 843 1305 918 Christi.

385 983 423 1071 l·
455 975 616 1064 Domine,
637 972 768 1046 eraudi
785 972 979 1044 orationem
993 995 1120 1060 nacarn,

384 1105 423 1194 ib.
448 1101 501 1174 Et
516 1099 646 1172 clansor
660 1121 757 1170 meus
770 1097 819 1169 ad
832 1108 864 1168 to
882 1096 1009 1169 cernat.

387 1231 423 1320 ir.
450 1225 630 1298 Dominus
648 1221 833 1294 uobiscum.

390 1355 420 1444 b.
446 1350 500 1424 Et
515 1373 594 1421 curn
609 1347 738 1443 spiritu
757 1357 828 1419 tuo.

387 1481 549 1551 Oranus
571 1514 616 1530 -
636 1472 794 1546 Concede
809 1495 873 1544 nos
887 1473 1046 1571 [annulos
1063 1485 1153 1566 tuos,
1171 1497 1375 1572 quesumus,
1388 1471 1545 1544 Domine
1555 1471 1673 1560 Deras,
1792 1565 1793 1568 Ἴ

332 1616 506 1704 perpetua
529 1602 655 1674 neentis
676 1609 711 1671 et
736 1598 890 1694 corporis
920 1598 1071 1672 sanitate
1090 1587 1248 1697 paudere
1271 1613 1303 1673 ct
1321 1597 1472 1696 ploriose
1494 1597 1526 1669 d.
1555 1595 1678 1669 Mario
1792 1601 1793 1676 i

340 1751 476 1824 semper
494 1726 642 1822 virpinis
669 1723 914 1797 intercessione
939 1747 961 1794 o
980 1727 1139 1819 presenti
1158 1725 1302 1799 tristitia
1328 1722 1469 1796 l'terari
1493 1734 1529 1794 et
1552 1733 1678 1794 eterna
1792 1711 1793 1754 ³

338 1853 482 1952 perfrui
497 1850 619 1923 leuna.
1792 1837 1793 1844 ’

384 1981 487 2051 Nove
509 1999 639 2048 ossum
656 1997 723 2048 rso
745 1997 953 2048 cuirisnuu
971 1997 1134 2048 senone.
1161 2017 1208 2029 -
1230 1974 1374 2049 Gratias
1397 1973 1472 2063 cidi,
1498 1972 1675 2063 Domine,
1792 2057 1793 2066 χ

340 2105 485 2176 letantes
505 2102 708 2202 referimus,
731 2101 793 2197 qui
809 2101 845 2172 in
865 2111 896 2172 te
917 2112 1094 2196 sperantes
1114 2124 1186 2174 non
1206 2101 1347 2192 deseris,
1373 2112 1408 2172 et
1427 2101 1464 2172 in
1486 2112 1677 2195 conspectu

340 2241 458 2302 nostro
486 2227 668 2328 [ancialum
695 2237 796 2298 tuum
824 2225 1076 2300 Aleaandrum
1105 2251 1209 2324 quem
1237 2239 1415 2322 pastorem
1450 2224 1590 2298 ecclesie
1617 2236 1678 2297 tue
1792 2235 1793 2324 ]

336 2377 478 2450 preesse
499 2353 650 2440 noluisti,
672 2351 865 2446 apericulo
884 2351 1051 2442 liberasti,
1079 2352 1142 2424 tibi
1161 2352 1341 2424 burrelliter
1359 2350 1600 2446 supplicantes
1621 2362 1673 2436 ut,

343 2480 435 2551 sicut
459 2479 519 2551 leti
537 2477 586 2549 ad
604 2489 701 2550 tuam
724 2477 903 2550 ecclesiam
925 2479 1162 2567 convenimus,
1187 2477 1237 2549 ita
1253 2477 1440 2572 peruenire
1466 2474 1515 2547 acl
1537 2474 1677 2571 pendia
1792 2485 1793 2490 ’

344 2615 462 2678 eterna
480 2604 671 2676 valcamus.
690 2602 765 2676 Per
782 2602 964 2676 Christum
981 2601 1180 2675 Dominum
1196 2613 1369 2674 nostrum.

394 2731 524 2804 Nescio
549 2753 662 2824 aquo
687 2727 870 2824 premissa
893 2727 1040 2800 luerunt
1062 2728 1267 2833 composita
1289 2732 1325 2800 et
1347 2727 1535 2816 ordinata3
1561 2725 1676 2822 quod,
1754 2797 1762 2809 ,
1792 2733 1793 2828 j

343 2881 401 2930 me
425 2857 635 2952 ignorante,
663 2854 892 2926 factumest.
919 2854 1056 2939 Quibus
1079 2853 1197 2943 dictis,
1225 2854 1386 2927 surrexit
1408 2851 1590 2940 Pontifex,
1623 2875 1680 2924 as·

343 2981 465 3054 cendit
483 2980 528 3052 ad
551 2978 681 3065 altare,
703 2978 891 3050 osculatus
908 2983 963 3051 est
982 2979 1073 3051 illud
1093 2979 1131 3052 in
1154 2979 1274 3052 medio
1294 2983 1330 3051 et
1348 2978 1480 3052 obtulit
1502 2978 1538 3050 b.
1560 2977 1677 3050 blarie

341 3105 474 3202 virgini
493 3127 605 3177 unum
625 3102 781 3176 calicem
802 3103 1026 3192 inauratum,
1048 3104 1135 3176 satis
1153 3127 1328 3202 magnum
1351 3107 1387 3176 et
1404 3102 1619 3200 pulchrum,
1641 3102 1677 3173 in

343 3233 540 3328 quoerant
558 3229 681 3302 ducati
703 3228 859 3302 trecenti
877 3228 934 3301 vel
957 3228 1056 3302 circa
1078 3229 1114 3302 in
1137 3253 1241 3318 auro,
1268 3253 1360 3325 quos
1377 3233 1504 3302 Rmus.
1530 3232 1574 3302 l).
1596 3251 1678 3300 car·
1792 3225 1793 3230 ’

343 3354 474 3428 dinalis
502 3354 674 3427 Senensis
701 3352 745 3428 de
777 3353 891 3427 calice
918 3355 1030 3427 versit
1056 3378 1167 3451 super
1195 3355 1325 3444 altare,
1354 3359 1395 3427 ut
1420 3355 1467 3427 ab
1503 3353 1677 3426 omnibus
1792 3405 1793 3416 ,

342 3481 572 3567 riderentur3
597 3479 695 3574 quod
717 3479 828 3554 credo
853 3483 950 3576 Papc
972 3503 1047 3552 non
1073 3479 1316 3577 displicuisse.
1341 3482 1419 3553 Non
1443 3477 1545 3552 dedit
1567 3479 1678 3551 bene·
1792 3455 1793 3466 ἵ

343 3605 552 3693 dictionem,
585 3603 649 3675 sed
674 3603 784 3677 rediit
810 3605 847 3677 iu
869 3602 995 3678 sedem
1019 3627 1136 3694 suam,
1163 3604 1200 3676 in
1227 3628 1300 3701 qua
1322 3608 1378 3676 est
1400 3604 1446 3677 ad
1469 3629 1498 3678 s,
1526 3607 1676 3677 Petrum

343 3733 556 3826 reportatus
575 3752 642 3825 per
661 3729 829 3801 eamdem
848 3730 956 3818 viam,
979 3753 1046 3826 per
1065 3753 1175 3826 quam
1192 3735 1356 3803 venerat.

393 3855 491 3928 Nihil
518 3855 646 3926 datum
678 3855 904 3950 pauperibus
927 3879 994 3952 per
1020 3855 1115 3927 viam
1143 3855 1415 3954 eleemosynam
1439 3855 1677 3953 petentibus:

346 3979 512 4053 tibicines
536 3983 714 4051 sonarunt
736 4001 821 4075 sepe
846 3979 1030 4075 perviam
1054 3981 1175 4054 eundo
1198 3985 1235 4054 et
1256 3980 1466 4071 redeundo;
1490 3982 1563 4054 duo
1588 3987 1681 4054 tam-

344 4103 465 4178 burini
489 4102 632 4176 iverunt
655 4107 738 4198 post
765 4103 972 4176 cardinales
1001 4127 1129 4178 amnes
1154 4111 1238 4178 ante
1262 4107 1395 4179 ducem
1421 4106 1482 4202 qui
1506 4107 1679 4180 continue

345 4229 525 4303 sonabant
547 4250 633 4300 suos
661 4228 885 4302 tamburros.
912 4232 1012 4326 Papa
1037 4229 1167 4304 babuit
1193 4231 1362 4319 barbam,
1389 4231 1474 4328 quia
1499 4236 1582 4328 post
1604 4233 1680 4304 rui-

345 4377 430 4426 nam
451 4353 609 4426 trabium
628 4378 702 4426 non
726 4352 794 4427 luit
819 4359 959 4427 tonsus
986 4359 1184 4452 Postquam
1203 4356 1410 4429 cardinales
1428 4357 1678 4430 transiverunt

345 4485 494 4577 pontem
514 4484 598 4552 ante
618 4483 780 4553 castrum
792 4503 821 4551 s.
835 4479 976 4576 Angeli,
992 4483 1093 4577 Papa
1108 4482 1209 4554 dedit
1225 4482 1278 4554 eis
1292 4481 1479 4555 licentiam
1497 4483 1678 4556 redeundi

344 4606 390 4678 ad
407 4629 492 4677 suas
507 4605 648 4694 domos,
662 4604 760 4701 quod
772 4604 953 4677 lecerunt.
970 4605 1222 4679 lnterluorunl
1232 4607 1441 4704 quindecim
1455 4608 1675 4690 cardinales,

343 4730 512 4803 videlicet
538 4729 811 4826 Neapolitanus
838 4731 1099 4802 Recanatensis
1119 4731 1299 4828 episcopi;
1324 4755 1353 4802 s.
1378 4733 1590 4822 Clementis,
1612 4737 1680 4807 Be-

345 4860 581 4944 neventanus,
605 4881 633 4927 s.
655 4854 842 4944 PraxediS‚
866 4854 1032 4944 Ursinus
1058 4855 1341 4946 Alexandrinus,
1369 4881 1398 4930 e.
1421 4858 1561 4948 Crucis,
1590 4862 1681 4932 Gur-

345 4982 475 5070 ceusis,
500 4979 774 5078 Agrigentinus,
806 4982 1001 5077 Capuanus
1028 4981 1254 5080 presbyteri3
1284 4983 1469 5072 Senensis,
1500 4984 1675 5069 Medices,

345 5106 539 5178 Cesariuus
558 5113 593 5178 et
612 5103 807 5176 Farnesius
826 5103 985 5178 diaconi.

395 5231 499 5303 Faria
518 5231 690 5315 secunda,
719 5235 761 5302 Ἡ
785 5230 870 5303 dicti
895 5231 1029 5304 mensis
1047 5231 1142 5327 julii,
1170 5235 1210 5306 R.
1238 5237 1279 5309 D.
1307 5235 1507 5312 lohannes,
1535 5237 1678 5330 episco-
