3520 6036
117 481 200 530 sums
222 489 293 545 tutti]
459 491 582 548 HEHL'M
609 497 832 559 t'tttsannlttzn
859 505 1119 570 Cinlltlis'tsstntl.

1402 529 1452 580 sn

114 639 230 731 Carnu!
257 665 321 734 pro
345 642 523 742 episcopis
545 654 579 720 et
609 654 827 752 presbyteris
855 664 1095 740 cardinalibus
1123 671 1188 744 suit
1216 676 1260 746 ad
1286 677 1449 754 dextram

115 759 289 836 intrantis
316 769 481 842 eamdem
508 776 683 870 capellam
709 779 803 854 illius
824 784 906 866 lori,
929 813 995 884 pro
1017 792 1177 866 diaconis
1200 798 1243 870 ad
1269 802 1449 878 sinistram

114 887 287 960 intrantis
321 896 487 968 eamdem
523 901 712 996 capellam.
745 909 955 984 lntimalum
981 915 1044 990 luit
1077 923 1319 997 cardinalibus
1355 932 1448 1024 quod

112 1012 281 1086 uenirent
298 1019 341 1088 ad
362 1021 546 1114 populum,
571 1025 845 1127 horavigesima
862 1039 977 1110 tertia.
999 1043 1139 1117 Primus
1158 1048 1253 1120 venit
1274 1053 1443 1135 lledices,

111 1139 299 1210 secundus
314 1143 357 1213 de
371 1143 499 1236 Flisco,
517 1151 641 1222 tertius
657 1157 844 1248 Ascanius,
862 1161 992 1238 deinde
1012 1167 1084 1253 alii,
1109 1176 1144 1242 el
1163 1175 1321 1268 primum
1339 1204 1447 1252 venc-

111 1267 196 1334 runl
229 1267 430 1342 cardinales
459 1272 618 1366 palatini.
656 1281 900 1375 Equilavimus
931 1300 1030 1364 recta
1063 1295 1117 1366 via
1151 1305 1233 1372 ante
1269 1301 1445 1399 hospitale
1489 1389 1493 1396 ,

69 1471 71 1476 Ι
110 1386 339 1480 Sclavorum,
359 1391 711 1492 domnmCasanove,
731 1406 816 1479 olim
833 1413 1050 1506 Parmensis,
1067 1420 1110 1490 ad
1125 1422 1311 1516 palatium.
1328 1431 1445 1500 lt'ouus

108 1511 309 1584 cardinalis
330 1518 500 1610 equitrn·it
519 1522 613 1595 inter
630 1528 842 1604 Columnam
860 1539 895 1606 et
908 1541 1101 1614 Ascanium
1120 1545 1246 1618 ultimo
1265 1548 1345 1622 loco
1362 1576 1443 1626 curn

108 1636 254 1730 lupello
276 1640 492 1737 episcopali:
517 1651 666 1723 transito
691 1663 813 1749 ponte,
838 1661 1074 1756 equitavimus
1093 1667 1188 1742 inter
1209 1675 1386 1748 Medicam
1409 1688 1445 1752 ot

46 1805 50 1812 -
108 1760 334 1835 cardinalem
363 1791 391 1836 s.
420 1771 600 1861 Severini;
627 1785 661 1848 et
688 1778 735 1850 illi
763 1780 835 1854 duo
861 1800 1119 1880 processerunt
1147 1795 1189 1866 ad
1221 1800 1352 1894 Paparn
1382 1803 1441 1897 qui

107 1885 251 1980 rrccepit
269 1899 480 1982 paramenta
496 1901 531 1969 et
547 1899 652 1972 exivit
668 1902 713 1974 ad
730 1907 912 2000 publicum
930 1915 1186 1991 consistorium
1206 1921 1345 1996 obuiam
1367 1949 1443 2000 car-

106 2007 288 2082 dinalibus
304 2015 527 2092 venientibus
547 2023 606 2117 qui
624 2025 846 2105 intraverunt
864 2020 1047 2111 cameram
1063 2007 1278 2137 lsarameuti.
1302 2053 1441 2146 Propo-

106 2133 171 2204 site
197 2134 344 2209 luerunt
368 2141 438 2215 due
464 2149 761 2225 commissiones:
789 2157 943 2251 primam
964 2168 1152 2260 proposuit
1176 2173 1218 2240 D.
1246 2173 1376 2245 Paulus
1396 2177 1440 2248 de

108 2257 253 2347 l'lanca,
277 2267 473 2339 secundem
494 2274 536 2342 D.
558 2273 768 2350 Vincentius
785 2281 829 2353 de
849 2270 1007 2358 Perusia.
1032 2293 1069 2361 ln
1089 2291 1158 2365 fine
1175 2295 1303 2388 prime,
1324 2299 1441 2371 cardi-

105 2382 205 2456 nales
219 2385 394 2462 Columna
408 2398 441 2464 ot
456 2396 632 2471 Ascanius
647 2401 788 2478 iverunt
804 2431 871 2502 pro
882 2411 1057 2485 cardinali
1074 2440 1180 2506 novo,
1200 2425 1234 2492 et
1252 2419 1452 2497 Cornelius

106 2515 140 2578 et
163 2509 332 2584 Elneusis
355 2515 413 2609 qui
436 2514 517 2592 cu'm
537 2545 580 2594 eo
609 2537 857 2604 remanserant
880 2559 886 2606 :
913 2545 1089 2612 uenerunt.
1105 2542 1150 2614 ad
1166 2546 1434 2639 consistorium,

108 2631 277 2708 lecerunt
296 2643 534 2717 reverentiam
556 2650 651 2745 Pape
679 2659 713 2725 et
733 2655 904 2730 sederunt
926 2663 971 2734 ad
997 2663 1078 2737 loca
1104 2692 1180 2740 sua.
1206 2673 1302 2743 Novo
1324 2674 1437 2744 cardi-

104 2757 174 2828 nali
197 2763 399 2857 (postquam
421 2765 486 2840 luit
511 2773 695 2848 osculatus
716 2781 825 2874 pedes
850 2787 944 2881 Pape
964 2793 999 2860 et
1018 2791 1063 2860 ab
1084 2793 1253 2866 omnibus
1270 2799 1434 2873 cardina-

105 2881 198 2954 lilrus
229 2889 422 2984 receptus),
458 2892 625 2972 dedimus
654 2903 774 2978 locum
805 2919 884 3005 post
914 2915 1133 2988 cardinalem
1165 2921 1431 2998 lllimateusem.

106 3005 227 3079 Finitis
246 3013 425 3106 omnibus,
444 3029 610 3096 cantores
626 3029 812 3105 dixerunt:
835 3035 882 3107 Te
896 3036 1012 3110 Deam
1029 3067 1036 3127 ;
1056 3049 1090 3113 et
1107 3043 1250 3133 deinde,
1270 3072 1434 3123 reuersus

106 3129 148 3200 ad
170 3135 318 3229 Papam.
338 3139 436 3216 dedit
456 3145 489 3217 ei
507 3149 604 3245 Papa
621 3155 799 3250 carpellum
817 3162 914 3256 quod
931 3166 1077 3237 tenebat
1098 3171 1284 3260 Erasmus,
1310 3198 1433 3248 came-

104 3256 218 3328 rarius
232 3271 406 3356 secretae,
427 3268 505 3342 aliis
524 3277 765 3353 cardinalibus
781 3283 925 3358 interim
945 3287 980 3359 in
996 3290 1085 3362 locis
1105 3293 1178 3364 suis
1197 3297 1429 3387 sedrentilrus3

106 3378 172 3452 alia
195 3405 298 3458 more
327 3389 446 3466 solito.
471 3397 639 3473 Osculato
667 3406 759 3500 pede
785 3412 880 3505 Pape
908 3435 928 3483 a
955 3413 1091 3497 familia
1118 3419 1198 3490 novi
1222 3423 1427 3513 cardinalis,

106 3505 200 3600 Papa
217 3506 361 3584 intrarit
378 3519 802 3624 Papagallum„prelecto
814 3535 977 3608 fimbrias
995 3538 1178 3613 deserente
1196 3549 1243 3632 et,
1257 3546 1429 3641 depositis

105 3650 165 3720 per
184 3633 318 3728 Papam
335 3647 567 3738 paramentis
592 3674 702 3726 novus
720 3655 785 3728 luit
804 3661 1000 3734 associatus
1015 3663 1058 3735 ad
1080 3689 1108 3737 S.
1131 3671 1305 3757 Marcum,
1327 3694 1427 3744 more

106 3753 230 3827 solito:
265 3763 435 3856 erurilavit
463 3768 557 3844 inter
584 3777 794 3854 Columnam
823 3792 858 3858 et
885 3789 1093 3862 Ascanium.
1128 3795 1167 3863 ln
1196 3795 1423 3878 consistorio,

106 3874 339 3958 iuterfuerunt
371 3890 492 3988 viginti
517 3907 656 3994 septem
675 3908 877 3982 cardinales
898 3912 974 3984 sine
997 3938 1103 4006 novo,
1126 3917 1309 3992 videlicet:
1337 3924 1429 3994 Nea-

106 4002 292 4098 politanus,
324 4015 593 4114 Reeanatensis,
623 4051 652 4099 s
676 4032 858 4124 praxedis,
889 4041 1123 4128 camerarius,
1149 4043 1424 4138 Alexandrinus,

105 4127 369 4227 agrigentinus
396 4142 600 4236 Grimanus,
628 4154 856 4248 Arborensis,
879 4164 1081 4258 Regiensis,
1110 4169 1339 4258 Cusenlinns,
1363 4175 1427 4243 Sn-

103 4246 316 4350 lernitanuS,
347 4267 648 4366 Caputequensis,
682 4282 881 4376 Cumanus,
915 4287 1186 4374 Volaterranum
1215 4294 1259 4364 de
1285 4294 1421 4384 Flisro,

105 4373 346 4474 legionensis,
367 4389 558 4485 Adrianus,
577 4399 812 4498 llimatensis,
833 4409 1021 4501 Columna,
1040 4414 1229 4502 Ascanius,
1249 4416 1421 4507 Medicas,

105 4518 135 4568 s·
171 4503 349 4598 Severini,
386 4517 598 4612 FarnesiuS,
628 4527 824 4626 aragonia,
864 4533 907 4607 de
939 4536 1133 4628 AlibrettO,
1167 4539 1354 4611 Cornelius
1388 4550 1424 4613 et

105 4621 270 4704 llueusis.
304 4637 437 4712 Omnes
464 4647 688 4726 associarunt
715 4678 845 4728 novum
870 4661 1090 4734 cardinalem
1119 4664 1163 4734 nd
1190 4687 1220 4735 s.
1247 4668 1419 4756 llarcum,

107 4745 251 4849 demptis
271 4759 512 4842 Alexandrino
532 4775 568 4844 et
583 4775 832 4872 Agrigentino.

149 4879 183 4949 ln
213 4905 241 4952 s.
274 4889 410 4979 Marco,
443 4890 510 4966 luit
540 4901 739 5024 convivium
769 4906 806 4977 in
839 4909 943 4980 tertia
971 4909 1052 4981 nula
1083 4911 1169 5008 lubi]
1197 4912 1265 4986 due
1297 4938 1420 4988 mense

107 4995 236 5094 [parare
255 5010 432 5112 lueruntl:
455 5018 489 5090 in
507 5045 578 5094 una
593 5029 830 5104 comederunt
848 5033 1003 5129 quinque
1023 5035 1233 5128 cardinales,
1254 5039 1422 5113 uidelicet

106 5147 133 5196 s.
161 5131 338 5228 Proiectis,
366 5147 604 5240 carnecorius,
631 5155 829 5246 Curnarurs,
862 5160 906 5232 de
929 5161 1045 5234 l'lisco
1070 5167 1104 5234 et
1129 5186 1260 5250 uorus;
1288 5165 1323 5236 in
1352 5165 1421 5238 alia

233 5303 256 5341 τ.
280 5307 315 5346 ru.
523 5305 526 5313 ’
1139 5318 1173 5367 22
