3520 6036
108 595 303 663 [Octobrettttbl
424 591 552 651 RERUM
575 591 803 652 uassnnnflttn
828 591 1091 655 COMMENTAHII.
1371 601 1424 656 403

149 750 313 838 Sabbato,
337 749 572 840 lacetanis,
595 748 728 822 testum
749 773 778 821 s.
800 754 910 842 Luce,
928 751 1027 824 venit
1045 751 1081 822 in
1100 749 1205 848 galea
1227 752 1273 824 ad
1289 751 1424 826 voltam

109 903 133 950 s.
157 875 266 964 Pauli,
296 875 379 948 inde
404 874 575 970 equitavit
600 873 647 947 ad
675 876 936 949 monasterium
961 876 1127 972 ejusdem
1155 899 1184 948 s.
1215 876 1330 968 Pauli,
1363 877 1424 950 ubi

107 1001 318 1099 pernoctavit
336 1005 371 1072 et
388 1000 474 1073 tecit
489 999 526 1072 in
544 999 729 1072 dominica
747 1004 922 1096 sequente
940 1001 1151 1096 prandium3
1166 1001 1296 1074 eadem
1307 1001 1426 1074 domi-

106 1127 191 1215 nica,
212 1126 312 1198 circa
331 1124 464 1198 horam
482 1123 698 1221 vigesimam
721 1126 934 1212 secundam,
955 1125 1101 1198 intravit
1123 1126 1255 1200 Urbem
1278 1125 1316 1198 in
1341 1149 1426 1200 roc-

108 1250 230 1341 chetto,
249 1249 424 1347 capuccio
443 1249 557 1324 rubeo
577 1252 614 1324 et
631 1247 739 1338 stola,
760 1271 865 1323 more
887 1249 1011 1340 solito;
1034 1255 1217 1324 venerunt
1232 1251 1264 1324 ei
1281 1250 1424 1324 obviam

106 1373 312 1448 cardinales.

147 1499 279 1590 Martis,
306 1504 349 1574 21
382 1499 558 1590 octobris,
585 1499 685 1574 circa
713 1499 845 1574 horam
862 1497 1076 1596 vigesimam
1097 1501 1311 1591 secundam,
1332 1500 1425 1574 redii

108 1623 146 1696 ad
162 1624 292 1698 Urbem
307 1625 353 1696 de
368 1624 517 1698 Civitate
532 1625 749 1698 castellana.
794 1681 799 1692 .

147 1747 204 1819 His
224 1747 354 1820 diebus
379 1753 556 1822 venerunt
576 1771 669 1822 nove
697 1773 741 1821 ex
768 1749 943 1846 Hispania
964 1749 1062 1844 quod
1086 1772 1149 1822 rex
1168 1749 1425 1846 Hispaniarum

107 1871 345 1967 acquisivisset
377 1896 461 1946 cum
490 1879 629 1947 armata
656 1873 783 1946 decem
817 1873 973 1946 millium
1005 1874 1252 1971 Hispanorum
1279 1879 1425 1971 portum

107 1996 207 2068 maris
224 1997 478 2071 Marzachibrii
496 2004 530 2070 et
550 1997 650 2071 illam
673 1997 852 2072 civitatem
880 1999 986 2072 sitam
1010 1999 1047 2071 in
1069 1999 1206 2090 Atrica;
1230 1989 1427 2097 propterea

106 2121 291 2216 requiritur
318 2125 418 2220 Papa
449 2127 489 2195 ut
517 2121 628 2197 iaciat
654 2121 775 2198 dicere
796 2123 955 2219 aliquam
975 2125 1124 2198 missam
1151 2123 1354 2198 solemnem
1380 2125 1427 2198 ad

106 2243 236 2319 laudem
251 2245 319 2320 Dei
344 2271 413 2344 pro
438 2251 538 2324 tanta
563 2247 712 2322 victoria
736 2271 801 2345 per
824 2257 1006 2322 oratorem
1029 2250 1128 2346 regis
1152 2248 1422 2345 Hispaniarum,

108 2377 137 2442 et
158 2371 293 2468 aliquos
328 2371 535 2446 cardinales
562 2371 741 2470 Hispanos
763 2373 997 2470 querebatur.
1023 2376 1134 2449 Venit
1159 2373 1269 2470 igitur
1296 2373 1342 2447 ad
1366 2397 1424 2445 mo

108 2497 142 2565 n.
158 2497 196 2568 Β.
214 2491 409 2589 Guttierez,
428 2496 516 2570 olim
535 2498 656 2571 socius
672 2521 789 2588 meus,
807 2498 866 2594 qui
886 2499 977 2571 mihi
993 2497 1083 2571 dixit
1099 2498 1283 2572 civitatem
1300 2498 1425 2594 hujus-

108 2621 192 2694 modi
213 2645 291 2697 esse
308 2645 458 2719 parvam
477 2628 513 2696 et
530 2622 631 2719 parvi
647 2623 842 2712 momenti;
864 2621 1098 2696 convenimus
1114 2627 1312 2720 propterea
1327 2623 1424 2718 quod

109 2751 243 2842 propter
268 2746 482 2844 hujusmodi
512 2747 702 2821 victoriam
727 2747 865 2821 laceret
896 2747 1170 2844 processionem
1202 2771 1246 2820 ex
1276 2770 1426 2820 camera

108 2872 299 2964 paramenti
318 2871 365 2945 ad
381 2871 493 2945 altare
512 2873 631 2971 majus
647 2897 675 2945 s.
695 2873 808 2963 Petri,
825 2873 988 2947 exeundo
1007 2896 1071 2970 per
1088 2876 1231 2968 portam
1247 2871 1372 2968 palatii
1390 2879 1425 2945 et

108 2993 412 3070 subbaldaccbino
430 2995 601 3070 intrando
619 3019 747 3070 versus
771 2997 907 3072 dictam
930 2997 1139 3086 basilicam;
1159 3002 1208 3085 et,
1229 2996 1325 3070 lacta
1341 3019 1424 3070 ora-

108 3118 193 3194 tione
210 3125 293 3196 ante
313 3121 445 3211 altare,
465 3121 681 3196 ascenderet
705 3123 751 3196 ad
770 3123 915 3212 solium,
943 3122 1123 3218 inciperet
1147 3121 1193 3195 Te
1211 3120 1331 3194 Deum
1349 3121 1425 3194 lotc-

108 3241 216 3318 domus
229 3251 265 3320 et
280 3247 420 3322 diceret
435 3245 526 3320 alios
540 3247 740 3321 versiculos
763 3253 799 3321 et
820 3248 1025 3322 orationem
1048 3270 1116 3344 per
1138 3269 1197 3320 me
1221 3247 1424 3322 ordinatam

108 3367 145 3440 ad
162 3368 244 3463 hoc;
262 3373 362 3470 quod
377 3371 526 3470 placuit.

147 3497 308 3587 Veneris,
334 3503 374 3572 31
409 3497 582 3588 octobris,
617 3499 770 3572 mutatio
804 3521 1003 3595 capparum
1031 3502 1067 3570 et
1100 3495 1224 3594 vigilia
1253 3497 1423 3570 Omnium

109 3621 325 3712 Sanctorum,
345 3623 491 3698 suerunt
516 3647 669 3721 vespere
696 3623 843 3721 papales
869 3623 906 3696 in
924 3622 1063 3720 capella
1080 3622 1233 3718 majore,
1254 3627 1422 3718 presente

108 3743 204 3841 Papa.
224 3749 263 3820 ln
281 3771 403 3840 mane,
424 3749 608 3846 processio
631 3749 667 3822 in
681 3748 905 3846 paramentis
924 3748 1015 3820 albis
1036 3755 1072 3820 et
1087 3750 1185 3842 Papa
1199 3750 1369 3843 presente
1387 3746 1424 3818 in

108 3889 219 3965 regno,
239 3877 279 3946 ut
301 3874 517 3970 supradixi,
533 3874 579 3948 ad
595 3873 710 3948 altare
726 3875 843 3972 majus
858 3899 887 3946 s.
902 3873 1013 3964 Petri,
1035 3872 1110 3964 ubi,
1132 3871 1228 3946 lacta
1240 3871 1421 3960 oratione,

109 3993 193 4089 Papa
208 3997 372 4071 ascendit
390 3999 436 4071 ad
456 3998 587 4072 solium
609 4005 645 4072 et
666 3999 728 4089 ibi,
754 4000 899 4072 detecto
924 3997 1058 4094 capite,
1079 3997 1217 4092 incepit
1242 3995 1290 4103 Te
1306 3995 1424 4068 Deum

108 4113 292 4213 tondamus,
316 4123 414 4220 quod
432 4128 600 4197 cantores
617 4129 701 4197 sunt
718 4124 833 4197 secuti
853 4124 1023 4220 usquead
1039 4122 1162 4196 tinem.
1178 4121 1315 4194 Deinde
1328 4125 1426 4218 Papa

108 4238 186 4316 dixit
202 4245 314 4320 Pater
326 4247 457 4321 Noster
475 4255 511 4323 et
527 4248 723 4322 versiculos
743 4253 780 4322 et
803 4248 1009 4321 orationem
1029 4269 1223 4341 unamque
1240 4244 1372 4342 legitur
1387 4245 1424 4316 in

109 4360 224 4443 cedula
244 4395 312 4469 per
334 4395 393 4446 me
415 4373 597 4448 ordinata.
619 4373 790 4448 Ascendit
817 4374 863 4446 ad
891 4373 1148 4460 faldistorium,
1173 4369 1259 4443 lecit
1280 4367 1424 4440 contes-

109 4489 233 4568 sionem
255 4521 339 4571 cum
362 4497 591 4590 celebrantc3
617 4499 688 4573 alia
706 4523 807 4572 more
832 4497 954 4572 solito.
976 4497 1162 4571 Missaest
1184 4495 1229 4567 de
1251 4491 1424 4565 Omnibus

110 4613 235 4692 Sanctis
253 4645 336 4695 cum
353 4623 516 4697 oratione
530 4623 632 4696 Deus
656 4625 718 4722 qui
735 4623 838 4698 cordo
858 4623 1021 4721 fidelium
1042 4627 1078 4695 et
1100 4621 1167 4694 sub
1189 4641 1263 4692 una
1281 4615 1425 4690 conclu-

110 4738 214 4834 sionc3
243 4747 395 4844 prelatio
420 4748 464 4822 de
492 4749 628 4847 Spiritu
654 4751 799 4823 Sancte.
827 4753 905 4822 Non
937 4745 1004 4819 luit
1027 4769 1146 4818 sermo
1173 4743 1218 4816 de
1243 4763 1423 4860 consensu

110 4863 193 4962 Pape
207 4879 358 4970 propter
373 4873 660 4971 processionem,
675 4881 710 4948 et
727 4872 905 4948 concessit
924 4869 1186 4968 indulgentiam
1205 4865 1421 4964 plenariam,

110 4991 176 5063 tum
198 5007 342 5095 propter
359 4999 563 5089 victoriam,
589 5005 665 5074 tum
687 5004 839 5097 propter
860 4995 1143 5072 anniversarium
1168 4989 1425 5088 assumptionis

112 5133 182 5205 sue;
199 5121 413 5198 Arboronsis
432 5124 629 5200 celebravit
644 5125 794 5199 missam
810 5123 871 5222 qui
888 5122 976 5196 etin
991 5121 1063 5194 line
1084 5117 1280 5218 publicavit
1305 5114 1425 5189 indul-

111 5241 266 5330 gentiam.
285 5249 385 5341 Heri,
407 5249 453 5324 ad
467 5272 649 5348 vesperas,
670 5251 774 5326 multi
792 5247 997 5325 cardinales
1011 5235 1186 5321 ve'nerunt
1205 5265 1289 5317 cum
1301 5239 1433 5339 cappis.
