3502 6036
82 591 139 655 {ln
153 589 229 650 aar}
407 585 536 646 RERUM
558 586 785 670 damnatam
809 585 1074 650 camurana.
1358 593 1410 650 tae

82 745 129 819 sic
147 743 290 817 volente
312 743 580 817 etordinante.
612 743 785 831 Sabbata,
817 743 938 841 vigilia
964 747 1214 834 pentecostes,
1246 751 1291 819 29
1320 745 1408 821 dicti

84 869 208 944 mensis
236 868 345 958 maii,
376 870 531 944 mutatio
558 893 779 968 capparum,
809 869 962 943 luerunt·
980 893 1129 967 vespere
1144 872 1350 947 solemnes·
1372 872 1409 946 in

84 993 214 1092 capella
231 993 379 1090 majore
401 993 543 1090 palatii,
565 997 665 1091 Papa
685 999 869 1092 presente,
891 1017 1000 1092 quem
1019 1017 1102 1067 cum
1121 993 1158 1066 in
1176 1015 1326 1068 camera
1343 1019 1410 1092 pe-

84 1117 205 1216 pagalli
233 1121 457 1214 paramenta
481 1119 681 1216 reciperet,
706 1117 925 1216 interrogavi
949 1117 1035 1215 quid
1059 1117 1118 1191 die
1145 1120 1305 1194 crastina
1328 1120 1409 1193 lieri

84 1241 271 1330 statuisset,
300 1241 516 1339 dignaretur
536 1243 626 1316 mibi
651 1243 874 1341 significare,
899 1247 939 1316 ut
960 1266 1106 1340 possem
1130 1244 1321 1317 Sanctitati
1346 1268 1409 1317 sue

83 1365 352 1464 provoluntate
375 1367 536 1458 servire3
563 1369 756 1464 respondit
780 1368 872 1442 mihi
893 1391 974 1441 esse
996 1367 1237 1442 ordinandam
1265 1391 1411 1465 proces-

84 1491 211 1564 sionem
231 1514 254 1564 a
272 1510 425 1565 camera
444 1493 651 1588 paramenti
675 1493 722 1566 ad
739 1469 930 1566 basilicam
949 1517 978 1564 s.
1004 1491 1102 1565 Petri
1120 1495 1155 1564 et
1177 1493 1274 1590 quod
1291 1515 1410 1566 essem

84 1637 157 1687 cum
173 1613 360 1688 cardinali·
378 1615 546 1704 Senensi,
566 1619 601 1688 et
626 1639 710 1688 eum
735 1640 778 1689 eo
802 1615 1062 1689 concluderem
1088 1614 1242 1712 singula,
1269 1619 1412 1712 etpost

83 1760 245 1835 vesperas
278 1737 474 1812 Sanctitati
500 1738 693 1814 referrem.
721 1738 786 1812 Fui
812 1763 895 1813 cum
923 1743 966 1812 D.
1000 1741 1163 1814 Senense
1194 1739 1241 1812 de
1266 1739 1337 1812 hac
1368 1762 1410 1812 re

84 1863 231 1953 locutus,
266 1862 419 1937 interim
454 1865 553 1960 quod
584 1863 723 1938 iremus
749 1865 796 1938 ad
821 1863 1002 1962 capellam
1034 1867 1072 1936 et
1099 1862 1410 1938 concordaremus

84 1988 169 2084 quod
189 1989 384 2084 processio
407 1987 516 2062 lieret
536 1989 574 2062 in
595 1989 818 2088 paramentis
844 1989 968 2062 rubeis
990 2013 1012 2062 a
1035 2011 1181 2063 camera
1203 1987 1409 2086 paramenti

84 2112 122 2184 ad
138 2111 251 2186 altare
272 2112 394 2210 majus
414 2111 565 2188 basilice
587 2139 616 2187 s.
640 2115 752 2204 Petri,
775 2113 849 2203 ubi,
871 2113 1047 2210 depositis
1069 2111 1308 2210 paramentis,
1332 2135 1411 2185 car·

84 2235 211 2310 dinales
228 2237 400 2312 tacerent
421 2239 669 2312 reverentiam
696 2240 856 2332 solitam,
877 2239 1062 2313 diceretur
1088 2238 1200 2312 missa
1222 2241 1259 2312 et
1275 2236 1408 2312 tierent

85 2360 148 2434 alia
171 2367 286 2460 prout
315 2362 499 2437 Sanctitas
531 2386 597 2436 sua
626 2363 829 2438 ordinaret.
859 2363 979 2438 Retuli
1004 2363 1075 2437 hoc
1103 2362 1296 2436 Sanctitati
1326 2385 1406 2451 sue,

85 2491 322 2560 remorasset
339 2486 377 2559 in
396 2485 614 2578 faldistorio,
636 2511 707 2584 que
725 2488 815 2562 mihi
833 2487 1022 2586 respondit
1044 2487 1251 2560 cardinales
1271 2487 1407 2560 debere

14 2639 17 2646 ·
86 2609 192 2684 faeere
208 2612 458 2686 reverentiam
472 2612 509 2686 in
526 2614 749 2712 paramentis
764 2619 801 2687 et
817 2619 893 2686 tam
908 2613 1007 2710 ipsos
1022 2635 1132 2711 quam
1149 2612 1320 2709 prelatos,
1340 2635 1405 2708 per

86 2741 189 2809 totam
215 2737 372 2810 missam
401 2743 500 2811 stare
527 2742 705 2836 paratos:
737 2739 908 2837 replicavi
936 2737 1127 2814 Sanctitati
1154 2761 1217 2810 sue
1245 2736 1282 2810 id
1307 2736 1406 2812 nullo

87 2861 183 2934 mode
201 2885 273 2937 nec
297 2863 409 2936 misse
431 2887 499 2939 nec
518 2865 616 2938 actui
640 2865 851 2957 convenire,
871 2865 941 2938 nisi
960 2865 1161 2939 Sanctitate
1188 2887 1254 2936 sua
1277 2885 1407 2958 perso*

89 2983 205 3059 naliter
222 2987 449 3064 celebrante.
471 2993 582 3064 Facta
606 3014 673 3089 per
692 2990 899 3065 cardinales
923 3013 992 3088 pro
1009 2989 1168 3087 vesperis
1184 2987 1403 3076 reverentia,

88 3111 256 3185 Sanctitas
282 3137 349 3186 sua
369 3115 509 3190 vocavit
533 3139 591 3188 me
615 3122 652 3188 et
677 3116 767 3188 dixit
788 3115 887 3212 quod
907 3115 944 3189 in
966 3115 1025 3188 die
1048 3138 1137 3188 cene
1159 3112 1317 3203 Domini,
1346 3111 1407 3186 ubi

89 3235 151 3330 ipse
170 3261 241 3311 non
267 3239 484 3331 celebraret,
509 3241 712 3315 cardinales
734 3242 898 3315 fecerant
920 3243 952 3314 ei
975 3241 1215 3315 reverentiam
1237 3237 1275 3311 in
1298 3260 1406 3336 para-

88 3361 216 3434 mentis.
235 3364 419 3460 Respondi
433 3365 468 3438 id
484 3365 562 3440 fieri
578 3366 664 3462 quia
681 3365 749 3438 sibi
764 3365 866 3463 prius
884 3389 957 3439 non
974 3371 1071 3439 esset
1088 3365 1185 3438 lacta
1201 3363 1404 3438 reverentia

89 3490 118 3558 et
131 3487 163 3560 in
180 3489 358 3587 principio
371 3491 469 3564 illius
487 3492 680 3591 singularis
698 3497 800 3566 actus
817 3493 854 3565 in
872 3492 1032 3588 publico,
1049 3492 1086 3564 in
1104 3514 1177 3587 quo
1195 3489 1405 3563 conveniret

90 3611 278 3686 cardinales
303 3619 340 3687 et
366 3615 528 3712 prelatos
559 3623 707 3714 paratos
735 3615 803 3689 sibi
828 3616 1014 3704 assistere,
1044 3621 1080 3688 et
1108 3613 1214 3687 simul
1246 3635 1330 3687 cum
1360 3635 1404 3685 eo

91 3737 393 3832 anathematizare,
413 3745 450 3814 et
472 3743 570 3838 quod
591 3741 628 3814 in
648 3743 873 3840 paramentis
900 3743 937 3814 in
962 3741 1075 3814 missa
1097 3738 1344 3838 cardinalibus
1369 3743 1405 3811 ot

90 3861 223 3956 prelatis
246 3867 459 3940 conveniret
478 3867 614 3959 locum,
644 3867 842 3941 Sanctitate
869 3891 936 3940 sua
967 3865 1188 3955 celebrante,
1215 3883 1288 3936 non
1317 3862 1401 3936 alio.

92 3987 220 4061 Recessi
236 3989 373 4064 iterum
391 4016 413 4066 e
429 3993 629 4066 Sanctitate
647 4016 727 4083 sua,
747 4017 818 4087 que
836 4017 917 4066 rem
941 3991 1121 4066 maturius
1139 3988 1401 4078 consideravit,

92 4115 213 4186 etcum
231 4115 278 4188 ad
296 4116 479 4214 'hymnum
501 4119 753 4193 descendisset
775 4119 821 4190 ad
843 4117 1099 4208 faldistorium,
1119 4115 1210 4189 dixit
1232 4113 1322 4186 mihi
1346 4135 1404 4185 me

93 4234 325 4315 benedixisse
349 4246 385 4314 et
408 4243 571 4339 vesperis
596 4242 708 4316 tinitis
735 4243 915 4316 conclusit
943 4265 1087 4316 mecum
1112 4240 1209 4338 quod
1234 4240 1270 4311 in
1296 4260 1404 4312 mane

93 4363 231 4437 crastino
250 4364 356 4439 tieret
374 4367 562 4463 processio
581 4369 627 4441 ad
648 4367 761 4442 altare
778 4369 896 4465 majus
913 4367 1061 4440 basilice
1080 4391 1111 4440 s.
1134 4365 1229 4438 Petri
1246 4365 1286 4438 in
1299 4387 1405 4462 para-

94 4488 221 4580 mentis,
246 4491 376 4587 quibus
400 4491 536 4566 ibidem
560 4493 747 4591 depositis,
768 4493 870 4566 tieret
892 4492 1092 4567 reverentia
1114 4515 1182 4589 per
1201 4489 1405 4565 cardinales

94 4607 125 4680 in
144 4616 260 4712 cappis
283 4639 388 4690 more
411 4617 519 4692 solito
543 4622 580 4692 et
602 4619 712 4714 quod,
741 4618 1035 4693 Sanctitatesua
1064 4618 1101 4690 in
1131 4616 1228 4688 dicta
1250 4613 1406 4687 'basilice

95 4733 266 4830 existente,
285 4743 471 4838 processio
494 4743 582 4817 cleri
602 4743 743 4817 veniret
765 4767 880 4840 usque
901 4744 947 4816 ed
968 4741 1171 4817 cancellum
1188 4738 1311 4812 altaris
1332 4759 1408 4810 ma-

92 4855 184 4953 joris,
200 4863 282 4938 inde
296 4865 491 4942 diverteret
502 4887 570 4964 per
584 4867 803 4943 Vaticanum
822 4873 858 4942 et
876 4867 947 4940 iret
962 4868 1007 4940 ad
1025 4891 1054 4940 s.
1077 4864 1263 4962 Spiritum,
1281 4861 1407 4934 ordine

96 4983 183 5060 dato·
202 4992 324 5064 amus.
345 4995 388 5066 D.
409 4992 606 5075 cardinalis
631 4995 802 5068 Senensis
824 4993 1078 5091 processiones
1102 4989 1192 5063 dixit
1211 4986 1407 5084 aliquando

98 5105 195 5184 lacus
209 5139 287 5189 esse
305 5140 372 5214 per
395 5117 512 5192 altare
537 5117 678 5216 majus;
706 5119 881 5217 respondi
898 5141 972 5192 non
995 5139 1078 5189 meo
1103 5103 1326 5212 tempora-et
1347 5133 1407 5184 me

99 5253 263 5330 nunquam
290 5242 437 5333 vidisse,
455 5241 534 5314 nisi
559 5241 596 5313 in
625 5241 683 5315 die
711 5268 739 5314 s.
773 5233 962 5330 naratio
990 5239 1086 5312 illius
1113 5231 1280 5314 ecclesia.
1311 5240 1408 5333 Papa
