3612 6064
572 524 701 582 Nullus
727 525 1009 594 sstouttst’rltut’lj.
1398 546 1451 584 xvir

109 689 271 786 rapport
289 683 489 783 beaucoup
500 681 586 783 plus
605 681 711 758 cleve
723 681 789 786 (l).
804 684 986 758 lnnoccnt
1004 682 1089 756 Vlll
1111 681 1213 758 croit
1233 707 1321 758 saus
1336 681 1453 760 doute

109 841 159 892 en
177 841 257 894 vue
275 817 312 893 le
330 816 506 916 doyenuc
530 815 577 892 de
606 815 893 892 Sciat-Thomas
913 813 961 892 de
983 815 1213 916 Strasbcurg
1231 841 1305 919 que
1324 817 1452 894 renait

110 948 160 1026 dc
179 950 358 1051 resigner
375 949 694 1026 volontaircment
712 950 747 1026 lc
765 949 931 1026 titrdeire
949 952 969 1026 J
973 974 1046 1028 ean
1058 951 1214 1028 Simler:
1237 949 1293 1026 les
1311 955 1453 1030 trecas

112 1084 330 1188 seriesque
354 1083 551 1162 Burchord
578 1083 632 1162 lui
656 1083 826 1162 suscitait
844 1083 892 1161 de
912 1087 1044 1178 Romo,
1071 1084 1286 1163 n'aurcient
1303 1111 1372 1186 pas
1392 1091 1451 1162 etc

112 1221 384 1319 suangerest
409 1223 506 1296 celte
536 1217 841 1312 determination,
866 1218 924 1294 s'il
942 1218 1024 1295 faut
1050 1244 1098 1296 en
1117 1219 1238 1296 croire
1257 1219 1453 1321 Wimphe-

109 1351 195 1452 ling
206 1353 272 1454 (2).
291 1352 390 1442 Quoi
402 1351 494 1455 qu’il
509 1377 558 1429 en
573 1353 658 1448 soit,
676 1352 872 1430 Burchord
888 1353 1049 1430 succede
1064 1357 1087 1430 i
1103 1353 1250 1448 Simlcr,
1265 1353 1362 1430 ainsi
1378 1379 1452 1455 que

109 1511 212 1562 ncus
230 1486 497 1590 l'apprennent
514 1487 571 1564 les
590 1486 770 1586 registres
790 1486 842 1562 du
861 1486 1052 1589 chapitrc3
1077 1513 1128 1564 on
1146 1493 1238 1590 peut
1257 1488 1449 1564 s'dtonner

111 1621 296 1698 toutefois
316 1645 390 1724 que
407 1620 445 1698 le
464 1616 599 1698 maitre
619 1620 686 1698 des
710 1621 943 1698 ceremonies
963 1647 1011 1698 uc
1031 1621 1111 1698 dise
1130 1647 1200 1725 pas
1218 1645 1272 1698 un
1290 1627 1369 1697 mot
1390 1646 1455 1697 sur

110 1781 153 1832 cc
180 1779 363 1834 nouvcau
387 1754 558 1832 benefice
586 1756 651 1858 qui
678 1755 731 1832 lui
759 1756 850 1832 eicit
871 1755 1009 1834 devolu
1037 1761 1075 1832 et
1104 1757 1170 1858 qui
1192 1754 1385 1858 de'pesseit
1404 1779 1452 1832 eu

111 1890 353 1993 importauce
370 1893 458 1966 icus
479 1915 575 1968 ceux
590 1890 683 1992 qu'il
703 1890 804 1968 avait
824 1891 985 1968 obtenus
1000 1890 1155 1993 jusqu't
1175 1915 1217 1968 oe
1229 1891 1330 1993 jour.

165 2019 359 2120 (1490·3).
386 2063 440 2082 -
471 2023 662 2126 Quclques
695 2024 792 2100 mois
816 2027 941 2126 sprec,
964 2024 991 2100 il
1010 2023 1144 2102 achela
1162 2026 1210 2104 de
1234 2029 1276 2104 L.
1299 2029 1454 2108 Bertino

113 2183 192 2234 une
211 2157 352 2258 charge
377 2157 425 2234 de
444 2153 581 2234 maitre
600 2157 668 2236 des
687 2157 906 2262 suppliques
929 2181 937 2238 :
960 2159 995 2236 le
1013 2184 1111 2262 pope
1131 2160 1346 2264 dechargee
1366 2189 1455 2264 gra-

111 2291 351 2368 cieuscment
373 2289 570 2368 Burehard
584 2289 651 2368 des
665 2291 757 2370 freis
776 2291 1031 2395 d’cxpedition
1043 2291 1090 2370 de
1100 2292 1137 2370 le
1147 2293 1249 2372 bullo
1260 2295 1325 2397 (3).
1342 2297 1454 2374 Rien-

113 2423 186 2518 tdt,
206 2423 234 2500 il
254 2424 422 2501 obtenuit
443 2449 494 2500 un
513 2427 634 2526 conge
655 2423 702 2502 de
723 2431 856 2528 quatre
874 2426 985 2520 mois,
1002 2431 1040 2502 et
1059 2452 1100 2504 se
1118 2428 1268 2505 rendait
1287 2454 1335 2506 en
1353 2431 1455 2508 Alle-

114 2581 259 2658 magne
277 2583 376 2660 pour
393 2557 552 2636 toucher
565 2557 620 2635 les
639 2583 803 2636 revenus
818 2558 866 2635 de
881 2584 941 2635 ses
960 2558 1172 2636 nombreux
1187 2561 1375 2638 beneficos
1387 2563 1452 2664 (1).

153 2859 183 2914 l.
203 2856 463 2927 emunctoria,
478 2857 532 2926 t.l,
545 2873 574 2930 p.
593 2859 656 2916 372.

149 2945 223 3005 2.
235 2962 271 3002 ou
282 2943 370 3018 pluldt
378 2943 602 3020 l’intarpretatioa
613 2964 666 3022 que
675 2946 723 3006 leit
733 2949 772 3006 Μ.
784 2948 874 3006 Γι1ι1ιὸ
887 2949 1018 3006 Dacbeux
1030 2949 1078 3007 des
1088 2950 1197 3024 paroles
1208 2951 1242 3007 de
1252 2949 1456 3025 wimphelmg.

117 3033 164 3108 qui
181 3041 247 3091 sont
261 3033 315 3091 loia
328 3034 412 3093 d'ttre
426 3035 504 3094 aussi
519 3035 674 3112 explicitos.
699 3039 765 3094 leon
775 3039 875 3109 (iuter,
888 3055 917 3112 p.
934 3037 996 3108 123,
1012 3045 1076 3096 nota
1089 3037 1120 3097 1.
1139 3039 1212 3113 Voy.
1232 3039 1366 3107 Schmidt,
1382 3041 1455 3096 ilict.

118 3125 156 3180 m
169 3124 253 3198 cam.
269 3125 303 3181 m
317 3125 539 3195 sim-racem,
555 3143 586 3200 p.
605 3127 672 3196 ern
686 3109 759 3185 iret.
776 3129 861 3186 terre.
878 3128 911 3184 oe
924 3127 1052 3196 ruore,
1068 3133 1089 3187 ι.
1105 3127 1127 3198 ι,
1143 3145 1175 3204 p.
1192 3129 1256 3198 em,
1272 3135 1336 3186 nco
1349 3127 1399 3186 ιι.
1417 3129 1456 3185 ιι

116 3219 193 3272 teste
202 3216 253 3272 des
267 3215 375 3290 prcoles
389 3217 424 3274 de
435 3215 631 3292 Wimpbeliug
644 3215 803 3290 ausquelles
817 3216 834 3272 il
847 3223 889 3273 est
904 3215 955 3274 leit
962 3215 1079 3273 allusion
1094 3215 1139 3286 ici,
1150 3222 1193 3274 est
1207 3215 1300 3292 public
1315 3217 1377 3292 plus
1390 3216 1457 3286 loir,

117 3321 190 3378 page
205 3321 271 3375 sur,
288 3309 374 3363 notet
392 3305 428 3364 de
438 3311 510 3364 cette
520 3307 621 3365 notice.

157 3393 184 3448 3.
206 3413 221 3446 a
242 3393 373 3464 Sabbsto,
385 3394 403 3450 3
417 3393 498 3454 dictis
513 3396 618 3454 mensis
633 3395 739 3471 aprilis,
754 3394 811 3454 disi
826 3395 878 3454 SS.
901 3397 935 3455 l).
951 3402 1045 3455 nostro
1060 3394 1211 3454 hisdiebus
1224 3395 1324 3453 emisse
1339 3395 1459 3453 osticium
1554 3409 1557 3414 ·

120 3480 202 3538 unius
217 3498 252 3538 ex
263 3481 402 3557 magistris
419 3484 529 3558 registri
542 3484 772 3560 supplicationum
788 3501 805 3541 a
817 3485 849 3541 L.
861 3485 895 3542 de
910 3485 1042 3551 bertinis,
1053 3481 1234 3560 supplicando
1249 3483 1394 3542 Sanctitati
1409 3501 1459 3540 sue

121 3567 156 3625 ob
173 3569 227 3626 boc
245 3571 368 3646 expediri
383 3581 411 3632 et
428 3574 552 3632 mandari
575 3574 708 3645 velletri
725 3575 949 3650 compositionem
969 3592 1023 3648 qua
1046 3592 1109 3631 cum
1134 3573 1241 3632 dataric
1267 3589 1316 3647 pro
1343 3577 1461 3646 quatuor

120 3657 231 3716 ducatis
244 3659 304 3717 lieri
317 3661 396 3734 solet,
411 3661 478 3720 mibi
496 3663 617 3738 benigne
631 3664 839 3722 remitteret.....
857 3685 872 3716 u
887 3669 908 3720 t.
925 3664 947 3733 l,
964 3681 990 3738 p.
1008 3665 1073 3725 402.

153 3750 178 3804 l.
198 3749 256 3816 ld„
274 3757 295 3811 t.
314 3751 336 3820 l,
353 3768 380 3826 p.
395 3755 457 3814 413.
481 3753 623 3810 Burcbsrd
646 3753 738 3827 quitta
761 3753 849 3811 Rome
870 3759 983 3828 porteur
998 3753 1036 3810 du
1062 3751 1125 3808 broi
1137 3750 1276 3809 'suivant2
1294 3771 1309 3802 «
1324 3750 1462 3808 Innocen-

125 3835 190 3907 tius,
201 3843 254 3896 etc.
276 3837 418 3898 Universis
432 3849 460 3901 et
473 3842 589 3917 singulis
604 3843 639 3900 ad
655 3859 725 3916 quos
739 3849 884 3917 presentes
900 3842 977 3900 litere
995 3841 1171 3918 pervenerint
1186 3841 1314 3912 salutem,
1327 3845 1376 3897 etc.
1393 3838 1462 3895 Cum

123 3924 240 3984 dilectus
249 3927 323 3986 lilius
333 3930 467 4006 blagister
477 3933 619 3990 lohannes
635 3931 823 4002 Burclmrdus,
839 3931 997 4006 preposito
1006 3931 1129 3990 Ecclesia
1139 3931 1234 3989 Sancti
1247 3927 1376 3987 Florentii
1392 3928 1462 3984 Hus-

123 4015 267 4088 clscensis,
288 4019 499 4094 Argentinensis
513 4020 643 4091 diocesis,
660 4020 784 4078 notarius
799 4027 827 4078 et
840 4020 982 4078 familiaris
995 4027 1088 4079 noster
1105 4039 1137 4080 ac
1155 4019 1257 4096 capelle
1268 4025 1362 4076 nostra
1376 4017 1459 4074 cleri·

122 4122 168 4162 cos
183 4105 404 4178 cerimoniarum,
415 4111 451 4169 ad
460 4110 585 4170 diversas
598 4109 694 4168 mundi
705 4117 797 4184 partes
812 4127 862 4186 pro
878 4105 1017 4168 nonnullis
1028 4109 1086 4168 suis
1099 4108 1266 4186 peragendis
1282 4105 1399 4181 negotiis
1411 4107 1460 4162 ba-

124 4191 185 4253 bcat
198 4211 231 4252 ss
244 4195 384 4258 conterre:
401 4217 452 4258 nos
466 4200 609 4275 cupientes
623 4200 741 4258 eundem
752 4199 906 4258 iohannem
917 4198 1164 4258 confamiliaribus
1180 4205 1209 4257 et
1222 4196 1309 4256 sociis
1320 4194 1389 4266 suis,
1405 4201 1462 4252 tam

125 4284 301 4358 equestribus
319 4305 401 4362 quam
420 4289 594 4364 pedestribus
609 4289 748 4364 usquead
769 4305 914 4346 numerum
935 4295 1052 4364 septem,
1067 4306 1100 4346 ac
1115 4287 1173 4348 suis
1195 4293 1223 4346 et
1246 4303 1340 4344 eorum
1356 4283 1462 4350 salmis,

126 4373 240 4444 ralisiis,
256 4377 340 4434 rebus
351 4385 379 4434 et
392 4379 473 4438 bonis
486 4379 697 4454 quibuscunque
711 4377 741 4436 in
751 4377 852 4444 eundo,
868 4377 979 4446 stando,
994 4379 1162 4436 transeundo
1174 4383 1203 4434 et
1217 4375 1367 4444 redeundo,
1380 4373 1464 4447 plena

127 4461 224 4537 ubique
239 4465 386 4524 securitate
398 4469 532 4542 gaudere,
547 4467 668 4528 subditis
682 4485 748 4526 vero
761 4468 862 4526 nostris
872 4474 900 4526 et
909 4467 1033 4542 gentium
1046 4483 1183 4526 armorum
1193 4463 1345 4539 capitaneis
1357 4461 1463 4520 distric-

128 4553 201 4607 tuum
225 4552 401 4628 precipiendo
424 4555 587 4614 mandamus
610 4563 747 4632 quatenus
762 4557 879 4614 eundem
893 4557 1046 4615 iohannem
1061 4575 1124 4614 cum
1138 4553 1317 4612 familiaribus
1333 4558 1361 4610 et
1377 4549 1462 4608 sociis

130 4639 256 4710 predictis
277 4659 310 4698 ac
328 4643 432 4716 salmis,
452 4645 570 4710 ralisiis.
590 4647 674 4705 robus
693 4653 721 4704 et
734 4646 816 4704 bonis
843 4647 913 4716 suis,
931 4645 1079 4704 dummodo
1098 4643 1267 4704 mercimonii
1296 4657 1381 4699 causa
1407 4655 1464 4696 non

129 4727 295 4787 deleriantur
317 4749 366 4805 per
378 4740 489 4808 gentes,
514 4739 613 4804 terras,
633 4740 733 4802 castra,
749 4736 839 4808 villas,
862 4741 967 4811 portus,
978 4741 1086 4810 pontes,
1101 4750 1202 4809 passus
1219 4739 1248 4792 et
1270 4731 1331 4788 loca
1343 4726 1466 4804 quelibet

130 4821 181 4874 tam
192 4825 286 4876 restra
299 4837 382 4894 quam
397 4831 492 4882 nostra
506 4831 534 4882 et
547 4831 603 4882 tam
618 4841 668 4900 per
680 4841 780 4899 squam
793 4843 876 4900 quam
890 4842 939 4900 per
953 4832 1062 4896 terram,
1078 4823 1208 4891 transire,
1221 4828 1305 4888 stare,
1320 4819 1358 4875 ire
1377 4823 1405 4874 ct
1418 4833 1461 4874 ra·

132 4905 189 4963 dire
204 4906 267 4965 sine
281 4908 374 4983 aliqua
387 4911 465 4982 datii,
484 4913 606 4988 pedagii,
627 4913 785 4975 lundinaris
798 4913 841 4972 vel
855 4914 963 4988 gabello
977 4919 1025 4972 aut
1039 4913 1150 4972 alterius
1170 4913 1359 4987 cujuscunque
1374 4905 1468 4964 oneris

134 4995 275 5054 exactione
294 5003 322 5055 et
342 4999 490 5072 solutione,
509 5020 559 5077 pro
580 5011 676 5062 nostra
696 5009 725 5062 et
748 5002 896 5078 apostolice
919 5003 994 5062 sedis
1016 4999 1272 5073 reverentia,libere
1286 4995 1467 5073 permittatis,

135 5099 182 5140 nec
196 5101 245 5142 cos
266 5085 293 5142 in
309 5087 435 5162 personis
449 5091 493 5150 rel
509 5091 593 5150 rebus
607 5091 811 5166 quomodolibet
823 5093 973 5152 molestetis
987 5110 1038 5150 nec
1051 5092 1087 5150 ab
1101 5089 1162 5149 aliis
1176 5096 1309 5164 quantum
1331 5085 1361 5144 in
1389 5085 1469 5144 vobis

135 5171 213 5230 luerit
226 5175 367 5234 molestari
377 5179 494 5251 faciatis,
508 5182 556 5240 sed
568 5181 659 5256 potius
670 5181 712 5240 eis
725 5182 759 5240 de
774 5199 868 5242 securo
883 5189 911 5240 et
920 5183 995 5240 salvo
1005 5181 1133 5250 transitu,
1150 5183 1258 5252 receptu
1272 5185 1301 5236 et
1315 5176 1390 5236 saluo
1401 5193 1465 5232 con·

137 5259 226 5332 ductu,
242 5263 264 5320 si
278 5281 349 5339 opus
363 5266 451 5338 luerit,
460 5275 487 5328 et
501 5287 550 5328 ros
564 5269 692 5329 duxerint
707 5271 884 5346 requirendos
897 5270 937 5328 sic
952 5269 1099 5328 liberaliter
1113 5269 1253 5344 prouidere
1263 5265 1374 5334 curetis,
1390 5263 1464 5338 quod

278 5408 302 5449 r.
320 5409 358 5451 ur.
1308 5393 1324 5448 b
