3612 6064
347 615 381 672 10
804 609 978 668 lobannis
1004 609 1222 682 BURCHARDI,
1474 616 1596 688 [000000
1610 617 1689 678 raon]

397 735 502 850 ,deria
533 767 706 858 secunda,
745 767 909 864 sequenti
945 767 1035 842 sesto
1063 767 1253 865 epiphanie
1285 769 1441 860 Domini,
1474 769 1538 842 luit
1572 769 1687 842 missa
1798 821 1799 860 w

349 895 520 970 solemnis
542 897 579 969 in
607 893 755 968 basilica
783 917 812 966 s.
842 893 951 984 Petri,
982 915 1090 990 quarn
1118 893 1311 968 celebravit
1341 899 1465 968 110000.
1496 898 1539 969 D.
1567 896 1687 968 cardi-

350 1021 441 1098 nalis
460 1020 730 1110 Reeanatensis,
753 1023 847 1116 Papa
866 1025 1049 1116 presente,
1072 1019 1131 1116 qui
1155 1019 1252 1092 venit
1270 1021 1316 1094 ad
1341 1020 1475 1094 dictam
1494 1020 1685 1094 basilicam

348 1145 385 1220 iu
405 1146 517 1234 tiara;
539 1153 575 1220 et
597 1169 670 1218 non
695 1144 760 1218 luit
785 1167 906 1219 sermo
930 1144 1014 1240 quia
1033 1149 1127 1244 Papo
1145 1145 1260 1218 risum
1284 1152 1337 1217 est
1360 1146 1457 1242 quod
1477 1145 1569 1218 hora
1588 1153 1687 1219 esset
1799 1153 1800 1204 ἱ

350 1269 457 1344 nimis
477 1271 593 1346 tarda.
616 1272 790 1344 Ostensus
808 1275 861 1342 est
879 1268 1010 1344 Vultus
1029 1270 1186 1360 Domini,
1208 1293 1309 1343 more
1329 1269 1448 1344 solito.

398 1394 599 1484 Domiuiea,
625 1399 667 1468 11
691 1394 775 1468 dicti
803 1394 937 1468 mensis
956 1394 1125 1490 januarii,
1147 1394 1245 1468 cirea
1260 1394 1390 1468 horam
1409 1396 1683 1482 duodecimam,

353 1520 513 1618 vesperis
542 1519 652 1594 linitis
679 1519 715 1592 in
741 1517 891 1592 basilica
917 1518 1091 1615 principis
1118 1519 1377 1615 apostolorum,
1408 1519 1538 1615 quibus
1574 1519 1688 1594 inter-

351 1644 496 1718 luerunt
530 1644 654 1718 RRmi.
697 1646 773 1717 DD.
812 1642 1004 1716 cardinalis
1044 1645 1320 1718 Beneventanus
1355 1649 1391 1717 et
1426 1667 1455 1716 s.
1494 1645 1687 1732 Praxedis,

303 1823 306 1831 ·
351 1775 392 1845 R.
418 1774 459 1845 P.
491 1772 535 1844 D.
565 1771 729 1844 Andreas
752 1755 802 1842 vde
830 1769 946 1858 Valle,
976 1769 1170 1866 episeopus
1197 1769 1457 1860 Cotroniensis,
1489 1771 1689 1845 canonicus
1801 1777 1802 1838 ἓ

351 1895 445 1972 dicte
479 1894 644 1985 basilice,
682 1899 828 1991 paratus
863 1893 1005 1991 pluviali
1033 1901 1069 1968 et
1098 1893 1218 1984 mitra,
1257 1895 1537 1991 precedentibus
1565 1895 1687 1993 ipsum

351 2021 449 2098 clero
477 2021 642 2118 ejusdem
668 2019 830 2110 basilice,
855 2017 1023 2092 videlieet
1046 2018 1188 2094 clericis
1213 2019 1453 2108 beneficiatis,
1479 2019 1689 2094 cantoribus
1802 2099 1803 2110 ,

350 2155 387 2222 et
421 2145 623 2235 canonicis,
660 2144 978 2243 processionaliter
1014 2145 1167 2221 accessit
1201 2147 1247 2218 de
1282 2145 1395 2222 choro
1431 2147 1476 2246 ad
1508 2144 1688 2242 capellam
1802 2137 1803 2150 ³

351 2271 528 2348 Veronice
549 2293 658 2368 quam
676 2271 851 2367 aseenpit,
872 2277 912 2343 et
929 2271 974 2344 de
995 2272 1073 2368 ejus
1093 2270 1230 2344 ciborio
1246 2271 1387 2368 accepit
1405 2270 1541 2346 terrum
1557 2271 1705 2358 lancee¹

351 2420 423 2494 que
443 2396 537 2470 latus
567 2395 759 2472 Salvatoris
781 2395 894 2470 nostri
920 2395 1050 2470 dieitur
1076 2395 1186 2470 luisse
1217 2394 1460 2492 periuratum
1487 2397 1584 2492 quod
1611 2397 1686 2469 ler-
1803 2429 1804 2462 1

352 2545 447 2612 rum,
463 2529 625 2620 tempore
645 2521 760 2596 felicis
773 2521 949 2596 memorie
968 2521 1166 2596 Innocenlii
1188 2545 1281 2618 pape
1295 2525 1388 2613 Vlll,
1404 2521 1470 2596 luit
1488 2522 1533 2595 ad
1550 2521 1686 2596 Urbem

352 2653 529 2748 portatum
549 2649 595 2746 11)
616 2656 650 2723 01
668 2649 704 2722 in
722 2647 858 2722 ciborio
878 2647 1043 2744 predicto
1070 2653 1334 2736 conservatum,
1366 2653 1402 2722 et
1425 2647 1511 2720 illud
1531 2647 1687 2744 portavit

349 2775 668 2873 processionaliter
694 2777 739 2848 ad
768 2775 957 2858 ciborium,
985 2799 1094 2872 supra
1120 2774 1232 2850 altare
1267 2774 1371 2850 beate
1395 2771 1507 2850 blarie
1535 2773 1685 2870 virginis
1804 2761 1805 2776 ¹

349 2900 532 2996 sepulture
556 2901 708 2997 predicti
734 2899 933 2974 innocentii
956 2901 1001 2974 ad
1024 2899 1094 2974 hoc
1118 2900 1337 2974 ordinatum.
1369 2903 1485 2996 Super
1507 2899 1686 2973 ambobus

351 3024 497 3098 ciboriis
514 3025 632 3121 posita
644 3034 677 3098 et
695 3049 848 3098 aceensa
862 3025 1006 3098 luerunt
1021 3025 1142 3099 omnia
1158 3025 1333 3100 intortitia
1348 3048 1416 3121 que
1434 3049 1476 3098 ex
1491 3024 1620 3098 ordine
1638 3023 1687 3098 ibi

350 3149 434 3246 poni
456 3155 620 3245 possunt.
642 3152 815 3224 (lautores
837 3149 933 3224 dicte
951 3150 1098 3224 basilice
1116 3151 1360 3247 precedebant
1381 3151 1514 3226 dietam
1534 3173 1686 3247 proces-

350 3274 502 3364 sionem,
524 3282 714 3350 cautantes
732 3301 739 3350 :
758 3277 899 3373 Purepe,
918 3277 1056 3372 linqua,
1074 3276 1530 3372 ι01001001...Ρο00001011001
1550 3277 1682 3350 imme-

351 3399 446 3474 diate
464 3401 582 3498 ipsum
604 3404 816 3499 episcopum
836 3403 1030 3477 duodecim
1053 3401 1260 3477 beneficiati
1281 3407 1470 3498 portantes
1488 3402 1685 3474 duodecim

352 3525 538 3600 interlicia
563 3529 751 3616 ardentia3
782 3530 902 3626 ipsum
929 3529 1177 3623 sequebantur
1200 3528 1287 3601 dicti
1312 3527 1384 3600 duo
1412 3525 1633 3614 cardinales,
1652 3531 1687 3598 et

351 3675 413 3725 eos
427 3653 558 3750 prelati
573 3659 608 3728 et
624 3678 753 3730 eorum
765 3654 918 3728 familia.
933 3653 1025 3729 Cum
1040 3653 1472 3750 episcopusaseendisset
1483 3651 1623 3726 dictum
1639 3651 1689 3722 ei-

351 3778 510 3865 borium,
528 3781 630 3856 dedit
648 3781 943 3855 benedictionem
960 3779 1263 3852 interessentibus
1282 3801 1365 3852 cum
1384 3777 1484 3850 ferro
1499 3777 1685 3873 predicto,

352 3903 501 3977 reclusit
518 3904 607 3979 illud
628 3907 664 3978 in
682 3905 920 3980 tabernaculo
939 3911 1136 4002 preparato
1153 3911 1190 3977 et
1207 3907 1442 3978 recesserunt
1457 3925 1598 3975 omnen.

402 4031 441 4102 ln
457 4034 565 4103 nocte
587 4032 766 4126 sequenti,
788 4030 847 4103 die
871 4031 1011 4118 martis,
1041 4035 1084 4102 11
1107 4030 1194 4102 dieti
1224 4027 1372 4113 mensis,
1398 4026 1605 4100 nuntiatum
1631 4033 1686 4100 est

353 4178 419 4251 per
443 4157 578 4228 Urbem
601 4179 725 4229 arcem
750 4156 1034 4230 Foroliviensem
1056 4155 1308 4230 fraudulenter
1332 4157 1368 4226 et
1390 4151 1567 4225 violenter
1592 4155 1629 4224 et
1650 4152 1685 4224 in

353 4303 397 4353 eo
429 4279 659 4377 Magnificam
682 4286 724 4356 D.
752 4282 990 4370 comitissam,
1022 4282 1191 4355 relictam
1217 4279 1401 4376 quondam
1425 4277 1570 4352 comitis
1600 4277 1687 4350 1110-

353 4405 497 4503 ronymi
526 4407 652 4495 Riarii‚
691 4409 737 4481 ab
773 4409 1024 4482 illustrissimo
1056 4409 1149 4480 duee
1184 4405 1377 4482 Valentino
1406 4427 1485 4476 esse
1521 4407 1684 4500 captam,

354 4532 488 4604 ceteris
516 4532 686 4606 omuibus
716 4533 919 4607 interiectis
947 4533 1007 4632 (1).
1042 4537 1217 4608 Preterea
1246 4533 1355 4606 etiam
1388 4528 1602 4604 nunciatum
1632 4533 1685 4604 est

393 4777 415 4829 1.
433 4772 503 4846 Voy.
521 4777 543 4830 t.
561 4773 584 4845 I,
599 4792 628 4849 p.
646 4775 744 4832 184010
759 4781 830 4834 00110
844 4776 956 4834 edition.

388 4865 415 4918 ⁶2.
438 4886 452 4914 a
469 4861 542 4918 Tous
558 4861 597 4919 100
609 4862 778 4936 allemands,
799 4865 1022 4938 Bourguignons,
1038 4872 1066 4922 et
1078 4871 1168 4922 autres
1184 4862 1288 4922 soldots
1303 4861 1336 4919 da
1352 4861 1377 4918 10
1392 4860 1479 4936 place,
1495 4859 1585 4916 iurent
1605 4858 1691 4916 oban-

353 4950 458 5008 donnez
481 4969 517 5008 uu
539 4953 686 5010 tradebant
705 4953 741 5009 du
762 4953 859 5026 gleire.
878 4953 930 5023 Qui
952 4961 1012 5010 1001
1027 4954 1100 5011 cruel
1119 4953 1177 5010 leur
1196 4954 1262 5020 1001,
1283 4970 1336 5026 que
1356 4969 1392 5008 uu
1413 4957 1472 5008 tout
1491 4950 1549 5008 seul
1569 4950 1690 5007 d'ieeulx

356 5040 444 5098 n'eust
464 5041 548 5114 respit
570 5042 604 5098 de
625 5050 706 5110 mort,
722 5043 745 5100 si
769 5044 839 5100 n'est
861 5049 957 5100 001001
979 5061 1032 5118 que
1057 5043 1123 5100 luite
1142 5045 1243 5100 derant
1262 5043 1334 5098 leurs
1352 5040 1474 5100 00000010
1489 5041 1548 5096 leur
1567 5058 1601 5096 en
1623 5049 1691 5114 peut

355 5128 469 5186 donner.
486 5130 519 5186 Et
537 5129 593 5188 leot
612 5130 637 5188 le
657 5131 782 5206 chapplis
803 5132 825 5188 si
845 5133 983 5207 sanglant,
998 5152 1051 5208 que
1069 5133 1131 5208 plus
1150 5134 1184 5189 de
1202 5139 1262 5207 sept
1276 5138 1339 5188 cent
1358 5132 1482 5188 hommes
1501 5129 1608 5186 laurent
1627 5129 1690 5185 illec

356 5223 407 5280 mis
422 5229 439 5280 d
453 5225 561 5299 l'espee.
580 5250 594 5281 0
611 5229 678 5284 lean
698 5230 826 5299 d'rluton,
843 5233 917 5289 llist.
937 5231 969 5286 de
989 5231 1209 5301 1000011100,
1233 5250 1270 5296 rr,
1290 5245 1355 5304 pag.
1374 5230 1416 5284 12.
1433 5227 1505 5300 Voy.
1523 5227 1561 5282 les
1578 5227 1622 5282 eh.
1647 5245 1656 5282 r
1674 5231 1689 5282 10

357 5333 393 5384 rr,
410 5321 437 5370 01
448 5315 544 5386 dirisi,
561 5319 655 5374 Creone
668 5321 778 5389 1100910,
792 5320 836 5376 eh.
854 5337 872 5390 r,
889 5327 940 5378 etc.
