3520 6036
349 635 403 692 376
805 622 981 681 JOHANNIS
1006 623 1228 697 BURCHARDI,
1480 633 1596 694 [Ferrier
1611 633 1678 695 1505]

402 789 574 876 Sabbata,
603 788 647 857 25
667 779 835 879 ianuarii,
857 779 950 853 sesto
967 781 1214 855 conversionis
1230 807 1259 856 s.
1281 785 1398 875 Pauli,
1420 791 1529 860 nocie
1555 811 1677 884 prece-

354 917 478 1002 dente,
497 912 564 984 suu
583 906 872 983 terribilissimus
888 909 1017 980 remus
1041 914 1075 980 et
1095 931 1228 1004 magna
1242 909 1383 1007 pluria;
1401 911 1438 984 in
1462 935 1567 986 mane
1586 913 1674 1000 sesti,

354 1038 499 1127 nebule,
527 1039 564 1108 ei
580 1058 646 1131 per
663 1040 738 1106 tres
752 1032 860 1104 horas
877 1030 933 1104 vel
953 1029 1049 1105 eirca
1067 1032 1176 1127 pluii;
1204 1035 1336 1108 deinde
1352 1037 1397 1109 ad
1420 1061 1530 1110 unam
1556 1039 1676 1112 horam

354 1165 421 1237 suit
439 1162 493 1235 sol
516 1159 739 1235 clarissimus
756 1161 793 1230 ei
809 1161 955 1254 iempus
979 1157 1274 1248 serenissimum
1291 1160 1422 1234 deinde
1444 1163 1575 1236 ilerum
1594 1163 1676 1260 pluit

355 1289 511 1362 adduas
537 1286 661 1375 horae,
683 1282 739 1357 vel
763 1281 873 1370 circa,
898 1285 935 1355 et
958 1281 1090 1355 iterum
1113 1307 1298 1359 reversum
1323 1291 1378 1360 est
1404 1310 1573 1362 serenum
1601 1312 1675 1362 cum

354 1414 430 1488 sole
446 1413 554 1486 livido
573 1409 618 1484 ad
642 1431 751 1482 unam
769 1405 921 1497 horam;
941 1411 1027 1481 [unc
1050 1407 1156 1483 rediit
1174 1409 1294 1504 pluvia
1317 1412 1490 1508 varieque
1512 1413 1676 1510 interpel-

353 1540 436 1613 laris
452 1537 590 1612 vicibus
606 1533 746 1608 durarit
763 1555 878 1628 nsque
893 1533 939 1606 ad
958 1539 1103 1607 noctem
1124 1559 1131 1606 :
1155 1536 1322 1626 Domine,
1345 1538 1521 1613 miserere
1540 1539 1622 1614 mei.

403 1665 540 1738 Eadem
556 1661 628 1749 die,
651 1657 835 1746 Ferraria,
857 1655 952 1730 hora
970 1657 1115 1731 decima
1132 1663 1260 1734 ociava
1277 1661 1333 1734 vel
1353 1661 1467 1749 circa,
1489 1665 1580 1738 obiit
1597 1669 1677 1739 Her-

355 1790 455 1864 cules
468 1789 541 1861 dux
558 1785 728 1858 Ferraria
745 1786 782 1855 ei
797 1781 927 1856 eadem
941 1782 1014 1874 die,
1033 1783 1134 1857 circa
1151 1785 1282 1859 horam
1299 1787 1528 1883 vigesimam,
1549 1791 1676 1864 electus

354 1915 422 1988 fuir
449 1913 636 1986 inducam
661 1907 834 1982 Ferraria
856 1931 878 1980 a
902 1908 1037 2004 populo
1060 1909 1198 1984 lllmus.
1225 1914 1266 1986 D.
1298 1911 1509 2010 Alphcnsus
1526 1916 1674 1990 defuncti

353 2038 634 2138 primogenitus.

404 2163 469 2238 Die
488 2167 600 2253 Luna,
629 2169 672 2236 27
691 2162 866 2261 januarii,
896 2167 980 2260 posi
1001 2161 1207 2259 prandium,
1238 2184 1261 2235 a
1284 2185 1414 2260 campo
1442 2162 1551 2238 Flore
1573 2189 1674 2261 usque

353 2290 398 2364 ad
418 2293 583 2364 castrum
610 2313 639 2362 e.
665 2287 794 2386 Angeli
822 2293 1065 2361 cucurrerunt
1085 2287 1191 2360 Jndei
1221 2287 1308 2360 bina
1329 2287 1419 2378 rice,
1446 2289 1545 2384 quia,
1569 2289 1675 2386 prima

353 2415 466 2489 motio
485 2437 558 2488 non
574 2413 643 2488 fuir
660 2415 769 2504 bona,
790 2415 827 2486 ei
843 2412 904 2509 qui
920 2411 1038 2510 primo
1055 2411 1121 2486 suit
1139 2413 1292 2510 primus,
1314 2417 1351 2488 ei
1370 2415 1531 2489 secundo
1549 2416 1674 2512 primus

313 2605 315 2608 .
352 2547 387 2616 el
409 2541 538 2615 habuit
555 2539 719 2636 pallium.

401 2667 526 2740 Martis
544 2667 784 2740 cucurrerunt
806 2663 912 2760 pueri
939 2662 1117 2737 aclavica
1146 2663 1440 2740 vicecancellarii
1461 2665 1507 2740 ad
1527 2673 1672 2742 casirum

352 2818 381 2867 s.
402 2791 543 2891 angeli.

402 2917 589 3008 Mercurii,
616 2919 662 2989 29
682 2916 854 3014 januarii,
882 2923 964 3012 post
985 2915 1194 3011 prandium,
1224 2921 1464 2991 cucurrerunt
1483 2918 1673 3015 jurencsa
1745 2939 1746 2993 5

354 3066 485 3141 campo
503 3043 605 3116 Flore
625 3043 668 3115 ad
687 3047 850 3116 castrum
867 3041 1057 3140 e.·Angeli.

399 3169 510 3259 Joris,
529 3171 575 3242 30
586 3167 759 3266 januarii,
781 3175 1020 3242 cucurrerunt
1033 3191 1139 3241 senes
1157 3191 1179 3241 a
1195 3191 1325 3264 campo
1337 3168 1445 3243 Flore
1460 3170 1505 3242 ad
1521 3175 1671 3243 castrum

354 3293 543 3393 eringeli.

401 3417 567 3508 Veneris,
587 3421 645 3508 31,
667 3423 905 3492 cucurrerunt
922 3418 1012 3492 asini
1030 3443 1052 3492 a
1068 3439 1199 3515 campo
1217 3417 1325 3492 Flore
1352 3418 1399 3492 ad
1420 3423 1579 3494 castrum
1596 3441 1669 3516 pre·

354 3548 505 3622 dicium.

402 3673 574 3762 Sabbaio,
595 3677 608 3743 i
631 3669 816 3762 februarii,
837 3675 1075 3744 cucurrerunt
1091 3670 1216 3744 bnffali
1235 3693 1258 3744 a
1277 3693 1407 3766 campo
1426 3669 1532 3743 Flore
1550 3669 1594 3744 ad
1607 3669 1672 3765 pla-

353 3805 451 3872 team
477 3823 507 3870 s.
535 3797 650 3884 Peiri3
677 3795 826 3870 ultimus
851 3795 993 3886 habuit,
1013 3797 1099 3892 quia
1124 3795 1244 3869 nullus
1269 3819 1312 3868 ex
1337 3794 1414 3868 aliis
1438 3794 1551 3869 voluit
1573 3793 1672 3890 pallia

355 3922 644 4020 appropinquare
661 3927 812 4017 propter
829 3920 1112 3994 bombardarum
1134 3919 1310 3995 sonitum.

404 4045 609 4136 Dominica,
633 4051 653 4118 2
679 4045 867 4135 februarii,
896 4051 1136 4120 cucurrerunt
1155 4045 1317 4135 barbari,
1346 4049 1487 4120 taniam
1509 4069 1531 4120 a
1558 4066 1673 4140 campe

356 4173 464 4247 Flere
491 4171 537 4244 ad
564 4171 768 4269 predictum
801 4175 963 4244 castrum
990 4196 1019 4244 e.
1048 4170 1176 4268 Angeli
1200 4171 1245 4244 ad
1277 4195 1308 4242 s.
1339 4173 1509 4262 Perrum3
1539 4169 1672 4268 pallium
1742 4267 1743 4272 Ἰ

356 4297 483 4371 habuit
498 4295 664 4370 marchio
679 4298 914 4385 Mantuanae
934 4295 1075 4384 habuit,
1096 4320 1139 4368 ex
1158 4319 1252 4392 equo
1270 4296 1353 4370 albo
1370 4295 1431 4393 qui
1454 4296 1521 4370 suu
1535 4295 1670 4392 primus,
1742 4279 1743 4284 ¹

358 4431 393 4498 el
409 4423 545 4495 rubeus
563 4422 674 4496 eiiam
691 4445 776 4494 suus
801 4421 1001 4511 secundus;
1019 4420 1089 4495 due
1104 4421 1298 4495 maschere
1313 4421 1350 4494 in
1366 4421 1469 4517 equis
1482 4426 1671 4502 currentes,

359 4572 452 4622 unus
478 4547 522 4620 de
548 4572 578 4620 s.
607 4550 727 4636 Petro,
754 4545 846 4619 alius
872 4546 917 4620 de
941 4554 1065 4643 ponte,
1094 4555 1342 4622 convenerunt
1365 4571 1403 4619 se
1429 4551 1512 4620 ante
1539 4547 1672 4620 domum

353 4660 570 4764 'Elnansam3
598 4672 681 4770 equi
707 4671 906 4768 tetigerunt
929 4695 966 4746 se
993 4676 1121 4746 mnino
1143 4672 1180 4744 in
1207 4671 1389 4746 frontibus
1418 4677 1454 4745 cl
1478 4671 1673 4746 ceciderunt
1741 4683 1742 4719 ³

360 4797 468 4871 ambo
482 4795 634 4886 morlui3
652 4819 764 4893 equus
785 4795 932 4870 alterius
947 4795 1137 4870 mascherc
1157 4796 1289 4870 cecidit
1305 4819 1371 4892 per
1395 4803 1492 4869 reiro
1507 4819 1573 4893 per
1592 4794 1673 4866 fura·

359 4946 444 4995 men
460 4921 582 4996 eloace
601 4920 637 4994 in
654 4921 820 5019 opposito
833 4921 928 4995 herii
940 4919 1151 5020 Agrigensis
1163 4921 1246 4995 etin
1259 4921 1369 5019 ipsius
1384 4921 1569 4995 cloacam:
1585 4937 1673 5014 opor·

361 5047 427 5120 luit
444 5070 613 5144 rumpere
633 5047 795 5120 cloacam
813 5051 849 5120 ei
869 5047 1058 5121 extrahere
1077 5070 1173 5122 eum.
1740 5135 1741 5149 χ

410 5175 523 5261 Lune,
539 5177 782 5247 cururreruni
799 5173 883 5269 equi
899 5172 1044 5270 pallium
1064 5172 1198 5246 utheri
1219 5196 1226 5244 :
1248 5171 1400 5270 pallium
1413 5171 1540 5246 habuit
1555 5167 1674 5266 capita·

362 5320 451 5370 neus
468 5297 605 5393 palatii.
