<?xml version="1.0" encoding="UTF-8"?>
<!DOCTYPE html PUBLIC "-//W3C//DTD XHTML 1.0 Transitional//EN"
    "http://www.w3.org/TR/xhtml1/DTD/xhtml1-transitional.dtd">
<html xmlns="http://www.w3.org/1999/xhtml" xml:lang="en" lang="en">
 <head>
  <title>
</title>
<meta http-equiv="Content-Type" content="text/html;charset=utf-8" />
  <meta name='ocr-system' content='tesseract 3.04.00' />
  <meta name='ocr-capabilities' content='ocr_page ocr_carea ocr_par ocr_line ocrx_word'/>
</head>
<body>
  <div class='ocr_page' id='page_1' title='image "./johannisburchar03burcgoog/johannisburchar03burcgoog_0538.png"; bbox 0 0 3554 6042; ppageno 0'>
   <div class='ocr_carea' id='block_1_1' title="bbox 295 521 1230 592">
    <p class='ocr_par' dir='ltr' id='par_1_1' title="bbox 295 521 1230 592">
     <span class='ocr_line' id='line_1_1' title="bbox 295 521 1230 592; baseline -0.009 0"><span class='ocrx_word' id='word_1_1' title='bbox 295 556 321 592; x_wconf 73' lang='lat' dir='ltr'>a·</span> <span class='ocrx_word' id='word_1_2' title='bbox 684 521 919 589; x_wconf 76' lang='grc'><strong>3311313331</strong></span> <span class='ocrx_word' id='word_1_3' title='bbox 944 533 966 586; x_wconf 85' lang='grc'>1</span> <span class='ocrx_word' id='word_1_4' title='bbox 991 530 1230 588; x_wconf 72' lang='lat' dir='ltr'>tumeamus.</span> 
     </span>
    </p>
   </div>
   <div class='ocr_carea' id='block_1_2' title="bbox 286 685 1631 2642">
    <p class='ocr_par' dir='ltr' id='par_1_2' title="bbox 286 685 1631 2642">
     <span class='ocr_line' id='line_1_2' title="bbox 295 685 1624 764; baseline -0.005 -9"><span class='ocrx_word' id='word_1_5' title='bbox 295 692 393 756; x_wconf 88' lang='lat' dir='ltr'>tionis</span> <span class='ocrx_word' id='word_1_6' title='bbox 405 689 574 764; x_wconf 90' lang='lat' dir='ltr'>instantia,</span> <span class='ocrx_word' id='word_1_7' title='bbox 593 687 653 750; x_wconf 87' lang='lat' dir='ltr'>sed</span> <span class='ocrx_word' id='word_1_8' title='bbox 665 687 706 750; x_wconf 93' lang='lat' dir='ltr'>ab</span> <span class='ocrx_word' id='word_1_9' title='bbox 722 691 835 749; x_wconf 89' lang='lat' dir='ltr'>nostra</span> <span class='ocrx_word' id='word_1_10' title='bbox 849 703 940 749; x_wconf 91' lang='lat' dir='ltr'>mera</span> <span class='ocrx_word' id='word_1_11' title='bbox 950 685 1146 750; x_wconf 71' lang='lat' dir='ltr'>liberalitate</span> <span class='ocrx_word' id='word_1_12' title='bbox 1163 691 1195 750; x_wconf 89' lang='lat' dir='ltr'>et</span> <span class='ocrx_word' id='word_1_13' title='bbox 1207 703 1248 750; x_wconf 85' lang='grc'>311</span> <span class='ocrx_word' id='word_1_14' title='bbox 1262 692 1351 750; x_wconf 90' lang='lat' dir='ltr'>certa</span> <span class='ocrx_word' id='word_1_15' title='bbox 1360 693 1474 753; x_wconf 90' lang='lat' dir='ltr'>nostra</span> <span class='ocrx_word' id='word_1_16' title='bbox 1484 688 1624 752; x_wconf 89' lang='lat' dir='ltr'>scientia</span> 
     </span>
     <span class='ocr_line' id='line_1_3' title="bbox 297 785 1624 867; baseline -0.001 -15"><span class='ocrx_word' id='word_1_17' title='bbox 297 797 404 852; x_wconf 89' lang='lat' dir='ltr'>tecum</span> <span class='ocrx_word' id='word_1_18' title='bbox 424 789 459 851; x_wconf 92' lang='lat' dir='ltr'>in</span> <span class='ocrx_word' id='word_1_19' title='bbox 475 788 743 867; x_wconf 89' lang='lat' dir='ltr'>quibuscumque</span> <span class='ocrx_word' id='word_1_20' title='bbox 759 785 952 860; x_wconf 90' lang='lat' dir='ltr'>Ducatibus,</span> <span class='ocrx_word' id='word_1_21' title='bbox 967 785 1194 864; x_wconf 79' lang='lat' dir='ltr'>comitatibus,</span> <span class='ocrx_word' id='word_1_22' title='bbox 1210 788 1371 864; x_wconf 77' lang='lat' dir='ltr'>Emoniia,</span> <span class='ocrx_word' id='word_1_23' title='bbox 1389 788 1624 861; x_wconf 70' lang='lat' dir='ltr'>Consualibus</span> 
     </span>
     <span class='ocr_line' id='line_1_4' title="bbox 296 884 1627 967; baseline -0.002 -15"><span class='ocrx_word' id='word_1_24' title='bbox 296 887 430 961; x_wconf 84' lang='lat' dir='ltr'>Castris,</span> <span class='ocrx_word' id='word_1_25' title='bbox 447 887 568 962; x_wconf 82' lang='lat' dir='ltr'>Terris,</span> <span class='ocrx_word' id='word_1_26' title='bbox 590 885 681 947; x_wconf 88' lang='lat' dir='ltr'><strong>Villis</strong></span> <span class='ocrx_word' id='word_1_27' title='bbox 704 889 735 948; x_wconf 88' lang='lat' dir='ltr'>et</span> <span class='ocrx_word' id='word_1_28' title='bbox 754 884 834 947; x_wconf 90' lang='lat' dir='ltr'>locis</span> <span class='ocrx_word' id='word_1_29' title='bbox 864 884 1003 962; x_wconf 92' lang='lat' dir='ltr'>aliisque</span> <span class='ocrx_word' id='word_1_30' title='bbox 1021 885 1118 947; x_wconf 91' lang='lat' dir='ltr'>bonis</span> <span class='ocrx_word' id='word_1_31' title='bbox 1136 885 1290 948; x_wconf 90' lang='lat' dir='ltr'>omnibus</span> <span class='ocrx_word' id='word_1_32' title='bbox 1314 887 1474 967; x_wconf 80' lang='lat' dir='ltr'><strong>genitoris</strong></span> <span class='ocrx_word' id='word_1_33' title='bbox 1491 891 1525 950; x_wconf 93' lang='lat' dir='ltr'>et</span> <span class='ocrx_word' id='word_1_34' title='bbox 1546 887 1627 950; x_wconf 89' lang='lat' dir='ltr'>alio-</span> 
     </span>
     <span class='ocr_line' id='line_1_5' title="bbox 297 984 1628 1065; baseline -0.002 -16"><span class='ocrx_word' id='word_1_35' title='bbox 297 1003 370 1049; x_wconf 88' lang='grc'><strong>1313</strong></span> <span class='ocrx_word' id='word_1_36' title='bbox 388 989 575 1064; x_wconf 89' lang='lat' dir='ltr'>parentum,</span> <span class='ocrx_word' id='word_1_37' title='bbox 592 987 792 1065; x_wconf 73' lang='lat' dir='ltr'>agnatorum</span> <span class='ocrx_word' id='word_1_38' title='bbox 802 987 835 1045; x_wconf 89' lang='lat' dir='ltr'>et</span> <span class='ocrx_word' id='word_1_39' title='bbox 845 987 1074 1064; x_wconf 89' lang='lat' dir='ltr'>cognatorum,</span> <span class='ocrx_word' id='word_1_40' title='bbox 1086 984 1409 1064; x_wconf 89' lang='lat' dir='ltr'>consanguineorum</span> <span class='ocrx_word' id='word_1_41' title='bbox 1424 989 1458 1047; x_wconf 92' lang='lat' dir='ltr'>et</span> <span class='ocrx_word' id='word_1_42' title='bbox 1472 984 1628 1048; x_wconf 83' lang='lat' dir='ltr'>affinium</span> 
     </span>
     <span class='ocr_line' id='line_1_6' title="bbox 286 1081 1627 1162; baseline 0 -16"><span class='ocrx_word' id='word_1_43' title='bbox 286 1081 446 1160; x_wconf 82' lang='lat' dir='ltr'>suorum,</span> <span class='ocrx_word' id='word_1_44' title='bbox 465 1083 565 1145; x_wconf 90' lang='lat' dir='ltr'>etiam</span> <span class='ocrx_word' id='word_1_45' title='bbox 589 1081 714 1145; x_wconf 88' lang='lat' dir='ltr'>eisdem</span> <span class='ocrx_word' id='word_1_46' title='bbox 731 1081 891 1162; x_wconf 81' lang='lat' dir='ltr'><strong>genitoris</strong></span> <span class='ocrx_word' id='word_1_47' title='bbox 906 1082 1137 1160; x_wconf 88' lang='lat' dir='ltr'>parentibus...</span> <span class='ocrx_word' id='word_1_48' title='bbox 1156 1083 1368 1147; x_wconf 80' lang='lat' dir='ltr'>succedere...</span> <span class='ocrx_word' id='word_1_49' title='bbox 1388 1084 1461 1148; x_wconf 89' lang='lat' dir='ltr'>sine</span> <span class='ocrx_word' id='word_1_50' title='bbox 1478 1084 1546 1148; x_wconf 92' lang='grc'><strong>3113</strong></span> <span class='ocrx_word' id='word_1_51' title='bbox 1563 1083 1627 1146; x_wconf 88' lang='lat' dir='ltr'>dil-</span> 
     </span>
     <span class='ocr_line' id='line_1_7' title="bbox 297 1179 1627 1264; baseline 0.002 -21"><span class='ocrx_word' id='word_1_52' title='bbox 297 1183 433 1245; x_wconf 88' lang='lat' dir='ltr'>l&#39;erentia</span> <span class='ocrx_word' id='word_1_53' title='bbox 448 1181 584 1261; x_wconf 80' lang='lat' dir='ltr'>perinde</span> <span class='ocrx_word' id='word_1_54' title='bbox 595 1198 633 1243; x_wconf 88' lang='lat' dir='ltr'>ac</span> <span class='ocrx_word' id='word_1_55' title='bbox 651 1180 678 1242; x_wconf 91' lang='grc'>31</span> <span class='ocrx_word' id='word_1_56' title='bbox 692 1179 889 1259; x_wconf 83' lang='lat' dir='ltr'>precedente</span> <span class='ocrx_word' id='word_1_57' title='bbox 905 1179 1053 1260; x_wconf 89' lang='lat' dir='ltr'>legitimo</span> <span class='ocrx_word' id='word_1_58' title='bbox 1074 1182 1294 1258; x_wconf 90' lang='lat' dir='ltr'>matrimonio,</span> <span class='ocrx_word' id='word_1_59' title='bbox 1310 1181 1402 1244; x_wconf 94' lang='lat' dir='ltr'>nullo</span> <span class='ocrx_word' id='word_1_60' title='bbox 1417 1182 1505 1246; x_wconf 90' lang='lat' dir='ltr'>inter</span> <span class='ocrx_word' id='word_1_61' title='bbox 1527 1183 1627 1264; x_wconf 90' lang='lat' dir='ltr'>geni-</span> 
     </span>
     <span class='ocr_line' id='line_1_8' title="bbox 297 1277 1628 1362; baseline -0.002 -18"><span class='ocrx_word' id='word_1_62' title='bbox 297 1283 448 1345; x_wconf 87' lang='lat' dir='ltr'>torcmet</span> <span class='ocrx_word' id='word_1_63' title='bbox 465 1280 658 1361; x_wconf 83' lang='lat' dir='ltr'>genitricem</span> <span class='ocrx_word' id='word_1_64' title='bbox 678 1278 842 1358; x_wconf 91' lang='lat' dir='ltr'>predictos</span> <span class='ocrx_word' id='word_1_65' title='bbox 867 1278 1069 1341; x_wconf 87' lang='lat' dir='ltr'>subsistente</span> <span class='ocrx_word' id='word_1_66' title='bbox 1096 1279 1251 1342; x_wconf 91' lang='lat' dir='ltr'>canonico</span> <span class='ocrx_word' id='word_1_67' title='bbox 1283 1277 1520 1359; x_wconf 90' lang='lat' dir='ltr'>impedimento</span> <span class='ocrx_word' id='word_1_68' title='bbox 1546 1281 1628 1362; x_wconf 91' lang='lat' dir='ltr'>legi-</span> 
     </span>
     <span class='ocr_line' id='line_1_9' title="bbox 297 1375 1629 1458; baseline 0.002 -18"><span class='ocrx_word' id='word_1_69' title='bbox 297 1379 375 1441; x_wconf 90' lang='lat' dir='ltr'>time</span> <span class='ocrx_word' id='word_1_70' title='bbox 394 1381 561 1441; x_wconf 90' lang='lat' dir='ltr'>contracto</span> <span class='ocrx_word' id='word_1_71' title='bbox 579 1395 619 1440; x_wconf 85' lang='lat' dir='ltr'>ex</span> <span class='ocrx_word' id='word_1_72' title='bbox 647 1376 857 1440; x_wconf 89' lang='lat' dir='ltr'>matrimonio</span> <span class='ocrx_word' id='word_1_73' title='bbox 875 1376 1068 1458; x_wconf 90' lang='lat' dir='ltr'>hujusmodi</span> <span class='ocrx_word' id='word_1_74' title='bbox 1091 1381 1283 1458; x_wconf 89' lang='lat' dir='ltr'>procreatus</span> <span class='ocrx_word' id='word_1_75' title='bbox 1302 1375 1402 1454; x_wconf 87' lang='grc'><strong>13133,</strong></span> <span class='ocrx_word' id='word_1_76' title='bbox 1429 1377 1629 1442; x_wconf 89' lang='grc'><strong>33313111313</strong></span> 
     </span>
     <span class='ocr_line' id='line_1_10' title="bbox 296 1474 1630 1558; baseline 0.001 -19"><span class='ocrx_word' id='word_1_77' title='bbox 296 1477 488 1555; x_wconf 91' lang='lat' dir='ltr'>apostolica,</span> <span class='ocrx_word' id='word_1_78' title='bbox 508 1480 622 1539; x_wconf 92' lang='lat' dir='ltr'>tenore</span> <span class='ocrx_word' id='word_1_79' title='bbox 637 1475 855 1555; x_wconf 87' lang='lat' dir='ltr'>presentium,</span> <span class='ocrx_word' id='word_1_80' title='bbox 870 1474 913 1538; x_wconf 92' lang='lat' dir='ltr'>de</span> <span class='ocrx_word' id='word_1_81' title='bbox 927 1475 1060 1554; x_wconf 90' lang='lat' dir='ltr'>speciali</span> <span class='ocrx_word' id='word_1_82' title='bbox 1076 1475 1162 1540; x_wconf 92' lang='lat' dir='ltr'>dono</span> <span class='ocrx_word' id='word_1_83' title='bbox 1179 1478 1285 1558; x_wconf 88' lang='lat' dir='ltr'>gratie</span> <span class='ocrx_word' id='word_1_84' title='bbox 1307 1477 1572 1558; x_wconf 89' lang='lat' dir='ltr'>despensamus;</span> <span class='ocrx_word' id='word_1_85' title='bbox 1591 1495 1630 1540; x_wconf 94' lang='lat' dir='ltr'>ac</span> 
     </span>
     <span class='ocr_line' id='line_1_11' title="bbox 297 1573 1630 1657; baseline 0.002 -21"><span class='ocrx_word' id='word_1_86' title='bbox 297 1582 330 1640; x_wconf 91' lang='grc'>13</span> <span class='ocrx_word' id='word_1_87' title='bbox 344 1580 377 1638; x_wconf 90' lang='grc'>31</span> <span class='ocrx_word' id='word_1_88' title='bbox 388 1575 522 1639; x_wconf 90' lang='lat' dir='ltr'>eosdem</span> <span class='ocrx_word' id='word_1_89' title='bbox 533 1575 719 1657; x_wconf 86' lang='lat' dir='ltr'>genitorem</span> <span class='ocrx_word' id='word_1_90' title='bbox 730 1577 762 1636; x_wconf 91' lang='lat' dir='ltr'>et</span> <span class='ocrx_word' id='word_1_91' title='bbox 774 1573 967 1655; x_wconf 85' lang='lat' dir='ltr'>genitricem</span> <span class='ocrx_word' id='word_1_92' title='bbox 980 1579 1120 1655; x_wconf 86' lang='lat' dir='ltr'>agnatos</span> <span class='ocrx_word' id='word_1_93' title='bbox 1131 1580 1163 1638; x_wconf 91' lang='lat' dir='ltr'>et</span> <span class='ocrx_word' id='word_1_94' title='bbox 1177 1580 1348 1657; x_wconf 68' lang='lat' dir='ltr'>cognatos</span> <span class='ocrx_word' id='word_1_95' title='bbox 1360 1577 1630 1656; x_wconf 87' lang='lat' dir='ltr'>consanguineos</span> 
     </span>
     <span class='ocr_line' id='line_1_12' title="bbox 297 1671 1630 1758; baseline 0.001 -21"><span class='ocrx_word' id='word_1_96' title='bbox 297 1679 330 1737; x_wconf 91' lang='lat' dir='ltr'>et</span> <span class='ocrx_word' id='word_1_97' title='bbox 348 1673 475 1750; x_wconf 84' lang='grc'><strong>3111333,</strong></span> <span class='ocrx_word' id='word_1_98' title='bbox 492 1690 566 1737; x_wconf 84' lang='grc'><strong>1313</strong></span> <span class='ocrx_word' id='word_1_99' title='bbox 584 1677 616 1736; x_wconf 89' lang='grc'>31</span> <span class='ocrx_word' id='word_1_100' title='bbox 631 1673 720 1736; x_wconf 90' lang='lat' dir='ltr'>omni</span> <span class='ocrx_word' id='word_1_101' title='bbox 737 1671 868 1736; x_wconf 88' lang='lat' dir='ltr'>fictione</span> <span class='ocrx_word' id='word_1_102' title='bbox 883 1677 1033 1736; x_wconf 86' lang='lat' dir='ltr'>cessante</span> <span class='ocrx_word' id='word_1_103' title='bbox 1051 1672 1162 1752; x_wconf 90' lang='lat' dir='ltr'>quoad</span> <span class='ocrx_word' id='word_1_104' title='bbox 1187 1690 1303 1737; x_wconf 86' lang='lat' dir='ltr'>omnes</span> <span class='ocrx_word' id='word_1_105' title='bbox 1317 1675 1530 1754; x_wconf 86' lang='lat' dir='ltr'>plenissimos</span> <span class='ocrx_word' id='word_1_106' title='bbox 1542 1675 1630 1758; x_wconf 89' lang='lat' dir='ltr'>juris</span> 
     </span>
     <span class='ocr_line' id='line_1_13' title="bbox 299 1771 1631 1854; baseline 0.002 -18"><span class='ocrx_word' id='word_1_107' title='bbox 299 1773 484 1836; x_wconf 91' lang='lat' dir='ltr'>communis</span> <span class='ocrx_word' id='word_1_108' title='bbox 507 1777 539 1835; x_wconf 91' lang='lat' dir='ltr'>et</span> <span class='ocrx_word' id='word_1_109' title='bbox 555 1772 764 1850; x_wconf 89' lang='lat' dir='ltr'>municipalis</span> <span class='ocrx_word' id='word_1_110' title='bbox 788 1771 1106 1851; x_wconf 89' lang='lat' dir='ltr'>concessionumque</span> <span class='ocrx_word' id='word_1_111' title='bbox 1127 1772 1360 1851; x_wconf 86' lang='lat' dir='ltr'>predictarum,</span> <span class='ocrx_word' id='word_1_112' title='bbox 1377 1790 1416 1836; x_wconf 93' lang='lat' dir='ltr'>ac</span> <span class='ocrx_word' id='word_1_113' title='bbox 1433 1773 1517 1836; x_wconf 92' lang='lat' dir='ltr'>alios</span> <span class='ocrx_word' id='word_1_114' title='bbox 1530 1791 1631 1854; x_wconf 85' lang='lat' dir='ltr'>quos·</span> 
     </span>
     <span class='ocr_line' id='line_1_14' title="bbox 300 1869 1630 1954; baseline 0 -20"><span class='ocrx_word' id='word_1_115' title='bbox 300 1889 443 1952; x_wconf 89' lang='lat' dir='ltr'>cumque</span> <span class='ocrx_word' id='word_1_116' title='bbox 458 1871 652 1949; x_wconf 87' lang='lat' dir='ltr'>plenissime</span> <span class='ocrx_word' id='word_1_117' title='bbox 666 1871 802 1935; x_wconf 89' lang='grc'><strong>31133133</strong></span> <span class='ocrx_word' id='word_1_118' title='bbox 819 1869 904 1948; x_wconf 86' lang='grc'><strong>1313;</strong></span> <span class='ocrx_word' id='word_1_119' title='bbox 921 1875 953 1933; x_wconf 88' lang='grc'>31</span> <span class='ocrx_word' id='word_1_120' title='bbox 971 1869 1055 1933; x_wconf 91' lang='lat' dir='ltr'>tede</span> <span class='ocrx_word' id='word_1_121' title='bbox 1077 1871 1255 1951; x_wconf 89' lang='lat' dir='ltr'>agnatione</span> <span class='ocrx_word' id='word_1_122' title='bbox 1269 1871 1430 1954; x_wconf 87' lang='lat' dir='ltr'>genitoris</span> <span class='ocrx_word' id='word_1_123' title='bbox 1447 1876 1481 1934; x_wconf 89' lang='lat' dir='ltr'>et</span> <span class='ocrx_word' id='word_1_124' title='bbox 1504 1870 1630 1934; x_wconf 85' lang='lat' dir='ltr'>familia</span> 
     </span>
     <span class='ocr_line' id='line_1_15' title="bbox 300 1969 1630 2052; baseline -0.002 -18"><span class='ocrx_word' id='word_1_125' title='bbox 300 1969 341 2034; x_wconf 94' lang='lat' dir='ltr'>de</span> <span class='ocrx_word' id='word_1_126' title='bbox 363 1971 462 2052; x_wconf 87' lang='lat' dir='ltr'>Borja</span> <span class='ocrx_word' id='word_1_127' title='bbox 486 1987 560 2033; x_wconf 90' lang='lat' dir='ltr'>esse</span> <span class='ocrx_word' id='word_1_128' title='bbox 587 1971 714 2033; x_wconf 92' lang='lat' dir='ltr'>censeri</span> <span class='ocrx_word' id='word_1_129' title='bbox 740 1973 773 2032; x_wconf 90' lang='lat' dir='ltr'>et</span> <span class='ocrx_word' id='word_1_130' title='bbox 792 1969 956 2032; x_wconf 87' lang='lat' dir='ltr'>nominari</span> <span class='ocrx_word' id='word_1_131' title='bbox 980 1985 1018 2032; x_wconf 90' lang='lat' dir='ltr'>ac</span> <span class='ocrx_word' id='word_1_132' title='bbox 1038 1969 1209 2033; x_wconf 90' lang='lat' dir='ltr'>nobilitate</span> <span class='ocrx_word' id='word_1_133' title='bbox 1234 1987 1363 2034; x_wconf 91' lang='lat' dir='ltr'>necnon</span> <span class='ocrx_word' id='word_1_134' title='bbox 1386 1970 1575 2052; x_wconf 88' lang='lat' dir='ltr'>insignibus</span> <span class='ocrx_word' id='word_1_135' title='bbox 1598 1977 1630 2034; x_wconf 93' lang='lat' dir='ltr'>et</span> 
     </span>
     <span class='ocr_line' id='line_1_16' title="bbox 299 2066 1629 2150; baseline 0.001 -18"><span class='ocrx_word' id='word_1_136' title='bbox 299 2070 400 2132; x_wconf 90' lang='lat' dir='ltr'>armis</span> <span class='ocrx_word' id='word_1_137' title='bbox 417 2086 455 2131; x_wconf 93' lang='lat' dir='ltr'>ac</span> <span class='ocrx_word' id='word_1_138' title='bbox 472 2067 664 2149; x_wconf 83' lang='lat' dir='ltr'>privilegiis,</span> <span class='ocrx_word' id='word_1_139' title='bbox 682 2067 952 2132; x_wconf 89' lang='lat' dir='ltr'>concessionibus</span> <span class='ocrx_word' id='word_1_140' title='bbox 968 2071 1001 2129; x_wconf 91' lang='lat' dir='ltr'>et</span> <span class='ocrx_word' id='word_1_141' title='bbox 1015 2066 1151 2130; x_wconf 91' lang='lat' dir='ltr'>indultis</span> <span class='ocrx_word' id='word_1_142' title='bbox 1166 2066 1290 2146; x_wconf 89' lang='lat' dir='ltr'>quibus</span> <span class='ocrx_word' id='word_1_143' title='bbox 1306 2067 1454 2148; x_wconf 88' lang='lat' dir='ltr'>legitime</span> <span class='ocrx_word' id='word_1_144' title='bbox 1466 2069 1572 2150; x_wconf 87' lang='lat' dir='ltr'>geniti</span> <span class='ocrx_word' id='word_1_145' title='bbox 1589 2069 1629 2133; x_wconf 89' lang='lat' dir='ltr'>de</span> 
     </span>
     <span class='ocr_line' id='line_1_17' title="bbox 297 2165 1630 2248; baseline 0.002 -20"><span class='ocrx_word' id='word_1_146' title='bbox 297 2166 421 2229; x_wconf 82' lang='lat' dir='ltr'>familia</span> <span class='ocrx_word' id='word_1_147' title='bbox 435 2165 581 2246; x_wconf 88' lang='lat' dir='ltr'>predicta</span> <span class='ocrx_word' id='word_1_148' title='bbox 597 2169 747 2241; x_wconf 89' lang='lat' dir='ltr'>utuntur,</span> <span class='ocrx_word' id='word_1_149' title='bbox 761 2166 935 2246; x_wconf 89' lang='lat' dir='ltr'>potiuntur</span> <span class='ocrx_word' id='word_1_150' title='bbox 948 2169 981 2228; x_wconf 93' lang='lat' dir='ltr'>et</span> <span class='ocrx_word' id='word_1_151' title='bbox 996 2165 1155 2247; x_wconf 83' lang='lat' dir='ltr'>gaudent,</span> <span class='ocrx_word' id='word_1_152' title='bbox 1173 2165 1282 2243; x_wconf 90' lang='lat' dir='ltr'>acuti,</span> <span class='ocrx_word' id='word_1_153' title='bbox 1304 2167 1402 2244; x_wconf 92' lang='lat' dir='ltr'>potiri</span> <span class='ocrx_word' id='word_1_154' title='bbox 1426 2171 1459 2228; x_wconf 90' lang='lat' dir='ltr'>et</span> <span class='ocrx_word' id='word_1_155' title='bbox 1479 2165 1630 2248; x_wconf 91' lang='lat' dir='ltr'>gaudere</span> 
     </span>
     <span class='ocr_line' id='line_1_18' title="bbox 296 2263 1628 2345; baseline -0.002 -17"><span class='ocrx_word' id='word_1_156' title='bbox 296 2267 452 2345; x_wconf 92' lang='lat' dir='ltr'>poterunt</span> <span class='ocrx_word' id='word_1_157' title='bbox 456 2309 515 2326; x_wconf 92' lang='lat'>.....</span> <span class='ocrx_word' id='word_1_158' title='bbox 534 2268 628 2327; x_wconf 93' lang='lat' dir='ltr'>motu</span> <span class='ocrx_word' id='word_1_159' title='bbox 646 2269 678 2327; x_wconf 93' lang='lat' dir='ltr'>et</span> <span class='ocrx_word' id='word_1_160' title='bbox 700 2263 837 2328; x_wconf 88' lang='lat' dir='ltr'>scientia</span> <span class='ocrx_word' id='word_1_161' title='bbox 855 2269 888 2328; x_wconf 91' lang='lat' dir='ltr'>et</span> <span class='ocrx_word' id='word_1_162' title='bbox 904 2263 1097 2327; x_wconf 91' lang='lat' dir='ltr'>auctoritate</span> <span class='ocrx_word' id='word_1_163' title='bbox 1114 2263 1280 2344; x_wconf 89' lang='lat' dir='ltr'>predictis,</span> <span class='ocrx_word' id='word_1_164' title='bbox 1303 2265 1402 2328; x_wconf 89' lang='lat' dir='ltr'>etiam</span> <span class='ocrx_word' id='word_1_165' title='bbox 1419 2263 1460 2327; x_wconf 91' lang='lat' dir='ltr'>de</span> <span class='ocrx_word' id='word_1_166' title='bbox 1482 2264 1628 2345; x_wconf 87' lang='lat' dir='ltr'>plenitu-</span> 
     </span>
     <span class='ocr_line' id='line_1_19' title="bbox 294 2360 1628 2444; baseline 0 -16"><span class='ocrx_word' id='word_1_167' title='bbox 294 2362 372 2428; x_wconf 90' lang='lat' dir='ltr'>dine</span> <span class='ocrx_word' id='word_1_168' title='bbox 387 2364 561 2443; x_wconf 88' lang='lat' dir='ltr'>potestatis</span> <span class='ocrx_word' id='word_1_169' title='bbox 575 2362 796 2440; x_wconf 69' lang='lat' dir='ltr'>decernimus</span> <span class='ocrx_word' id='word_1_170' title='bbox 817 2367 917 2442; x_wconf 90' lang='lat' dir='ltr'>teque</span> <span class='ocrx_word' id='word_1_171' title='bbox 932 2360 1044 2442; x_wconf 91' lang='lat' dir='ltr'>quoad</span> <span class='ocrx_word' id='word_1_172' title='bbox 1061 2363 1218 2441; x_wconf 90' lang='lat' dir='ltr'>premissa</span> <span class='ocrx_word' id='word_1_173' title='bbox 1236 2364 1346 2426; x_wconf 90' lang='lat' dir='ltr'>omnia</span> <span class='ocrx_word' id='word_1_174' title='bbox 1362 2367 1396 2425; x_wconf 91' lang='lat' dir='ltr'>et</span> <span class='ocrx_word' id='word_1_175' title='bbox 1417 2380 1628 2444; x_wconf 87' lang='lat' dir='ltr'>quecumque</span> 
     </span>
     <span class='ocr_line' id='line_1_20' title="bbox 294 2461 1628 2544; baseline 0.001 -19"><span class='ocrx_word' id='word_1_176' title='bbox 294 2462 359 2525; x_wconf 92' lang='lat' dir='ltr'>alia</span> <span class='ocrx_word' id='word_1_177' title='bbox 385 2463 510 2526; x_wconf 90' lang='lat' dir='ltr'>eisdem</span> <span class='ocrx_word' id='word_1_178' title='bbox 526 2467 632 2538; x_wconf 90' lang='lat' dir='ltr'>motu,</span> <span class='ocrx_word' id='word_1_179' title='bbox 656 2461 803 2540; x_wconf 90' lang='lat' dir='ltr'>scientia,</span> <span class='ocrx_word' id='word_1_180' title='bbox 830 2462 1023 2524; x_wconf 89' lang='lat' dir='ltr'>auctoritate</span> <span class='ocrx_word' id='word_1_181' title='bbox 1041 2465 1074 2524; x_wconf 90' lang='lat' dir='ltr'>et</span> <span class='ocrx_word' id='word_1_182' title='bbox 1090 2465 1253 2542; x_wconf 88' lang='lat' dir='ltr'>potestate</span> <span class='ocrx_word' id='word_1_183' title='bbox 1276 2461 1503 2542; x_wconf 90' lang='lat' dir='ltr'>legitimamus</span> <span class='ocrx_word' id='word_1_184' title='bbox 1521 2467 1628 2544; x_wconf 90' lang='grc'><strong>311113</strong></span> 
     </span>
     <span class='ocr_line' id='line_1_21' title="bbox 293 2560 1284 2642; baseline 0 -20"><span class='ocrx_word' id='word_1_185' title='bbox 293 2561 440 2641; x_wconf 88' lang='lat' dir='ltr'>legitime</span> <span class='ocrx_word' id='word_1_186' title='bbox 455 2561 568 2642; x_wconf 88' lang='lat' dir='ltr'>genito</span> <span class='ocrx_word' id='word_1_187' title='bbox 583 2561 710 2638; x_wconf 86' lang='lat' dir='ltr'>haberi,</span> <span class='ocrx_word' id='word_1_188' title='bbox 728 2561 831 2624; x_wconf 91' lang='lat' dir='ltr'>teneri</span> <span class='ocrx_word' id='word_1_189' title='bbox 846 2565 878 2622; x_wconf 91' lang='lat' dir='ltr'>et</span> <span class='ocrx_word' id='word_1_190' title='bbox 893 2560 1038 2638; x_wconf 88' lang='lat' dir='ltr'>reputari</span> <span class='ocrx_word' id='word_1_191' title='bbox 1055 2561 1210 2623; x_wconf 89' lang='lat' dir='ltr'>volumus</span> <span class='ocrx_word' id='word_1_192' title='bbox 1229 2608 1249 2622; x_wconf 90' lang='lat'>..</span> <span class='ocrx_word' id='word_1_193' title='bbox 1272 2587 1284 2614; x_wconf 75' lang='grc' dir='ltr'><strong>ι</strong></span> 
     </span>
    </p>
   </div>
   <div class='ocr_carea' id='block_1_3' title="bbox 744 2924 1102 3022">
    <p class='ocr_par' dir='ltr' id='par_1_3' title="bbox 744 2924 1102 3022">
     <span class='ocr_line' id='line_1_22' title="bbox 744 2924 1102 3022; baseline -0.003 -34"><span class='ocrx_word' id='word_1_194' title='bbox 744 3009 751 3022; x_wconf 91' lang='lat'>.</span> <span class='ocrx_word' id='word_1_195' title='bbox 827 2927 846 2988; x_wconf 80' lang='lat' dir='ltr'>l</span> <span class='ocrx_word' id='word_1_196' title='bbox 867 2930 992 2991; x_wconf 78' lang='lat' dir='ltr'>rivaus</span> <span class='ocrx_word' id='word_1_197' title='bbox 1013 2924 1102 2990; x_wconf 75' lang='grc'><strong>1481.</strong></span> 
     </span>
    </p>
   </div>
   <div class='ocr_carea' id='block_1_4' title="bbox 296 3087 1622 3481">
    <p class='ocr_par' dir='ltr' id='par_1_4' title="bbox 296 3087 1622 3481">
     <span class='ocr_line' id='line_1_23' title="bbox 334 3087 1622 3168; baseline -0.002 -11"><span class='ocrx_word' id='word_1_198' title='bbox 334 3087 633 3157; x_wconf 66' lang='grc'><strong>3133331135.</strong></span> <span class='ocrx_word' id='word_1_199' title='bbox 661 3116 671 3143; x_wconf 74' lang='grc' dir='ltr'>ι</span> <span class='ocrx_word' id='word_1_200' title='bbox 707 3089 917 3154; x_wconf 89' lang='lat' dir='ltr'>Confirmatio</span> <span class='ocrx_word' id='word_1_201' title='bbox 944 3089 1122 3168; x_wconf 89' lang='lat' dir='ltr'>apostolice</span> <span class='ocrx_word' id='word_1_202' title='bbox 1151 3091 1340 3156; x_wconf 89' lang='lat' dir='ltr'>donationis</span> <span class='ocrx_word' id='word_1_203' title='bbox 1365 3089 1449 3153; x_wconf 89' lang='lat' dir='ltr'>facte</span> <span class='ocrx_word' id='word_1_204' title='bbox 1477 3091 1622 3158; x_wconf 90' lang='grc'><strong>113311313</strong></span> 
     </span>
     <span class='ocr_line' id='line_1_24' title="bbox 298 3188 1618 3269; baseline 0.002 -16"><span class='ocrx_word' id='word_1_205' title='bbox 298 3192 332 3253; x_wconf 86' lang='lat' dir='ltr'>P⁰</span> <span class='ocrx_word' id='word_1_206' title='bbox 347 3193 381 3254; x_wconf 85' lang='lat' dir='ltr'>L⁰</span> <span class='ocrx_word' id='word_1_207' title='bbox 395 3195 427 3255; x_wconf 91' lang='lat' dir='ltr'>et</span> <span class='ocrx_word' id='word_1_208' title='bbox 443 3189 560 3254; x_wconf 90' lang='lat' dir='ltr'>loanni</span> <span class='ocrx_word' id='word_1_209' title='bbox 587 3189 627 3252; x_wconf 90' lang='lat' dir='ltr'>de</span> <span class='ocrx_word' id='word_1_210' title='bbox 646 3189 755 3269; x_wconf 89' lang='lat' dir='ltr'>Borja,</span> <span class='ocrx_word' id='word_1_211' title='bbox 781 3204 841 3267; x_wconf 94' lang='grc'><strong>1131</strong></span> <span class='ocrx_word' id='word_1_212' title='bbox 855 3188 1177 3253; x_wconf 86' lang='lat' dir='ltr'>Reverendissimum</span> <span class='ocrx_word' id='word_1_213' title='bbox 1199 3191 1237 3253; x_wconf 90' lang='lat' dir='ltr'>D.</span> <span class='ocrx_word' id='word_1_214' title='bbox 1263 3192 1586 3256; x_wconf 84' lang='lat' dir='ltr'>vicecancellarium.</span> <span class='ocrx_word' id='word_1_215' title='bbox 1606 3217 1618 3247; x_wconf 74' lang='grc'>1</span> 
     </span>
     <span class='ocr_line' id='line_1_25' title="bbox 296 3289 1621 3371; baseline -0.001 -17"><span class='ocrx_word' id='word_1_216' title='bbox 296 3293 389 3354; x_wconf 80' lang='grc'><strong>113311</strong></span> <span class='ocrx_word' id='word_1_217' title='bbox 404 3290 513 3354; x_wconf 89' lang='lat' dir='ltr'>bulles</span> <span class='ocrx_word' id='word_1_218' title='bbox 529 3289 707 3371; x_wconf 87' lang='lat' dir='ltr'>originales</span> <span class='ocrx_word' id='word_1_219' title='bbox 722 3305 781 3352; x_wconf 90' lang='lat' dir='ltr'>sur</span> <span class='ocrx_word' id='word_1_220' title='bbox 794 3289 984 3368; x_wconf 89' lang='lat' dir='ltr'>parchemin</span> <span class='ocrx_word' id='word_1_221' title='bbox 999 3307 1006 3349; x_wconf 94' lang='lat'><strong>:</strong></span> <span class='ocrx_word' id='word_1_222' title='bbox 1024 3289 1056 3350; x_wconf 89' lang='lat' dir='ltr'>la</span> <span class='ocrx_word' id='word_1_223' title='bbox 1076 3291 1238 3368; x_wconf 78' lang='lat' dir='ltr'>premiere</span> <span class='ocrx_word' id='word_1_224' title='bbox 1253 3307 1412 3354; x_wconf 87' lang='lat' dir='ltr'>conserve</span> <span class='ocrx_word' id='word_1_225' title='bbox 1430 3290 1577 3370; x_wconf 86' lang='lat' dir='ltr'>pendant</span> <span class='ocrx_word' id='word_1_226' title='bbox 1593 3290 1621 3353; x_wconf 88' lang='lat' dir='ltr'>le</span> 
     </span>
     <span class='ocr_line' id='line_1_26' title="bbox 296 3384 1314 3481; baseline 0.005 -32"><span class='ocrx_word' id='word_1_227' title='bbox 296 3403 395 3452; x_wconf 88' lang='grc'><strong>33333</strong></span> <span class='ocrx_word' id='word_1_228' title='bbox 405 3389 446 3452; x_wconf 90' lang='grc'>(13</span> <span class='ocrx_word' id='word_1_229' title='bbox 463 3388 575 3481; x_wconf 89' lang='lat' dir='ltr'>plomb</span> <span class='ocrx_word' id='word_1_230' title='bbox 589 3386 630 3450; x_wconf 95' lang='lat' dir='ltr'>de</span> <span class='ocrx_word' id='word_1_231' title='bbox 647 3387 736 3450; x_wconf 86' lang='lat' dir='ltr'>Sixto</span> <span class='ocrx_word' id='word_1_232' title='bbox 751 3389 789 3450; x_wconf 91' lang='lat' dir='ltr'>lV</span> <span class='ocrx_word' id='word_1_233' title='bbox 807 3386 864 3466; x_wconf 91' lang='lat' dir='ltr'>qui</span> <span class='ocrx_word' id='word_1_234' title='bbox 877 3403 1021 3465; x_wconf 90' lang='lat' dir='ltr'>manque</span> <span class='ocrx_word' id='word_1_235' title='bbox 1039 3384 1058 3450; x_wconf 81' lang='lat' dir='ltr'>a</span> <span class='ocrx_word' id='word_1_236' title='bbox 1072 3387 1104 3451; x_wconf 90' lang='grc'>13</span> <span class='ocrx_word' id='word_1_237' title='bbox 1118 3389 1271 3454; x_wconf 89' lang='lat' dir='ltr'>seconde.</span> <span class='ocrx_word' id='word_1_238' title='bbox 1311 3395 1314 3400; x_wconf 84' lang='grc'><em>“</em></span> 
     </span>
    </p>
   </div>
   <div class='ocr_carea' id='block_1_5' title="bbox 231 3541 1625 5304">
    <p class='ocr_par' dir='ltr' id='par_1_5' title="bbox 231 3541 1625 5304">
     <span class='ocr_line' id='line_1_27' title="bbox 340 3541 1621 3622; baseline 0.002 -16"><span class='ocrx_word' id='word_1_239' title='bbox 340 3569 351 3598; x_wconf 79' lang='grc' dir='ltr'>ι</span> <span class='ocrx_word' id='word_1_240' title='bbox 373 3541 484 3606; x_wconf 83' lang='lat' dir='ltr'>Sixtus</span> <span class='ocrx_word' id='word_1_241' title='bbox 493 3543 675 3622; x_wconf 89' lang='lat' dir='ltr'>Episcopus</span> <span class='ocrx_word' id='word_1_242' title='bbox 698 3542 818 3604; x_wconf 89' lang='lat' dir='ltr'>Servus</span> <span class='ocrx_word' id='word_1_243' title='bbox 837 3542 1013 3604; x_wconf 90' lang='lat' dir='ltr'>Servorum</span> <span class='ocrx_word' id='word_1_244' title='bbox 1027 3544 1098 3618; x_wconf 90' lang='lat' dir='ltr'>Dei,</span> <span class='ocrx_word' id='word_1_245' title='bbox 1110 3545 1153 3606; x_wconf 89' lang='lat' dir='ltr'>ad</span> <span class='ocrx_word' id='word_1_246' title='bbox 1166 3543 1313 3610; x_wconf 87' lang='lat' dir='ltr'>futuram</span> <span class='ocrx_word' id='word_1_247' title='bbox 1331 3547 1377 3610; x_wconf 90' lang='lat' dir='ltr'>rei</span> <span class='ocrx_word' id='word_1_248' title='bbox 1394 3549 1621 3611; x_wconf 88' lang='lat' dir='ltr'>memoriam...</span> 
     </span>
     <span class='ocr_line' id='line_1_28' title="bbox 231 3637 1624 3725; baseline 0.001 -21"><span class='ocrx_word' id='word_1_249' title='bbox 231 3663 235 3672; x_wconf 93' lang='lat'>·</span> <span class='ocrx_word' id='word_1_250' title='bbox 297 3641 429 3705; x_wconf 86' lang='lat' dir='ltr'>Dudum</span> <span class='ocrx_word' id='word_1_251' title='bbox 442 3641 605 3722; x_wconf 90' lang='lat' dir='ltr'>siquidem</span> <span class='ocrx_word' id='word_1_252' title='bbox 620 3639 806 3704; x_wconf 90' lang='lat' dir='ltr'>Venerabili</span> <span class='ocrx_word' id='word_1_253' title='bbox 826 3637 920 3701; x_wconf 82' lang='lat' dir='ltr'>fratri</span> <span class='ocrx_word' id='word_1_254' title='bbox 937 3647 1051 3703; x_wconf 90' lang='lat' dir='ltr'>nostro</span> <span class='ocrx_word' id='word_1_255' title='bbox 1075 3642 1245 3720; x_wconf 70' lang='lat' dir='ltr'>liuderico,</span> <span class='ocrx_word' id='word_1_256' title='bbox 1266 3645 1428 3725; x_wconf 84' lang='lat' dir='ltr'>Episcopo</span> <span class='ocrx_word' id='word_1_257' title='bbox 1453 3646 1624 3709; x_wconf 83' lang='lat' dir='ltr'>Portuensi</span> 
     </span>
     <span class='ocr_line' id='line_1_29' title="bbox 295 3739 1624 3824; baseline 0.002 -20"><span class='ocrx_word' id='word_1_258' title='bbox 295 3745 412 3804; x_wconf 85' lang='lat' dir='ltr'>Sancte</span> <span class='ocrx_word' id='word_1_259' title='bbox 429 3745 574 3806; x_wconf 85' lang='lat' dir='ltr'>Romane</span> <span class='ocrx_word' id='word_1_260' title='bbox 598 3741 741 3804; x_wconf 83' lang='lat' dir='ltr'>Ecclesia</span> <span class='ocrx_word' id='word_1_261' title='bbox 762 3740 836 3802; x_wconf 88' lang='lat' dir='ltr'>Vice</span> <span class='ocrx_word' id='word_1_262' title='bbox 853 3739 1060 3818; x_wconf 86' lang='lat' dir='ltr'>cancellario,</span> <span class='ocrx_word' id='word_1_263' title='bbox 1078 3740 1276 3820; x_wconf 91' lang='lat' dir='ltr'>disponendi</span> <span class='ocrx_word' id='word_1_264' title='bbox 1296 3743 1336 3806; x_wconf 90' lang='lat' dir='ltr'>de</span> <span class='ocrx_word' id='word_1_265' title='bbox 1359 3743 1624 3824; x_wconf 88' lang='lat' dir='ltr'>quibuscumque</span> 
     </span>
     <span class='ocr_line' id='line_1_30' title="bbox 295 3838 1623 3918; baseline 0.002 -16"><span class='ocrx_word' id='word_1_266' title='bbox 295 3839 392 3902; x_wconf 89' lang='lat' dir='ltr'>bonis</span> <span class='ocrx_word' id='word_1_267' title='bbox 408 3857 467 3918; x_wconf 92' lang='lat' dir='ltr'>per</span> <span class='ocrx_word' id='word_1_268' title='bbox 489 3857 578 3915; x_wconf 89' lang='lat' dir='ltr'>eum,</span> <span class='ocrx_word' id='word_1_269' title='bbox 602 3839 701 3902; x_wconf 92' lang='lat' dir='ltr'>etiam</span> <span class='ocrx_word' id='word_1_270' title='bbox 724 3855 783 3917; x_wconf 91' lang='lat' dir='ltr'>per</span> <span class='ocrx_word' id='word_1_271' title='bbox 797 3838 955 3901; x_wconf 87' lang='lat' dir='ltr'>ecclesias</span> <span class='ocrx_word' id='word_1_272' title='bbox 971 3855 1032 3901; x_wconf 92' lang='lat' dir='ltr'>seu</span> <span class='ocrx_word' id='word_1_273' title='bbox 1047 3840 1269 3904; x_wconf 89' lang='lat' dir='ltr'>ecclesiastica</span> <span class='ocrx_word' id='word_1_274' title='bbox 1281 3841 1442 3905; x_wconf 88' lang='lat' dir='ltr'>beneficia</span> <span class='ocrx_word' id='word_1_275' title='bbox 1463 3847 1498 3906; x_wconf 90' lang='grc'>31</span> <span class='ocrx_word' id='word_1_276' title='bbox 1520 3841 1623 3906; x_wconf 84' lang='lat' dir='ltr'>officia</span> 
     </span>
     <span class='ocr_line' id='line_1_31' title="bbox 296 3935 1624 4017; baseline 0 -15"><span class='ocrx_word' id='word_1_277' title='bbox 296 3939 477 4017; x_wconf 86' lang='lat' dir='ltr'>acquisitis,</span> <span class='ocrx_word' id='word_1_278' title='bbox 503 3935 667 4010; x_wconf 91' lang='lat' dir='ltr'>testando,</span> <span class='ocrx_word' id='word_1_279' title='bbox 694 3935 958 4000; x_wconf 87' lang='lat' dir='ltr'>codicillandoet</span> <span class='ocrx_word' id='word_1_280' title='bbox 975 3954 1014 4001; x_wconf 87' lang='grc'>33</span> <span class='ocrx_word' id='word_1_281' title='bbox 1040 3938 1126 4001; x_wconf 88' lang='grc'><strong>13131</strong></span> <span class='ocrx_word' id='word_1_282' title='bbox 1149 3939 1241 4002; x_wconf 89' lang='lat' dir='ltr'>vivos</span> <span class='ocrx_word' id='word_1_283' title='bbox 1265 3945 1298 4003; x_wconf 91' lang='grc'>31</span> <span class='ocrx_word' id='word_1_284' title='bbox 1314 3957 1412 4005; x_wconf 88' lang='grc'><strong>33333</strong></span> <span class='ocrx_word' id='word_1_285' title='bbox 1435 3941 1553 4004; x_wconf 87' lang='grc'><strong>3131113</strong></span> <span class='ocrx_word' id='word_1_286' title='bbox 1571 3940 1624 4004; x_wconf 94' lang='lat' dir='ltr'>do-</span> 
     </span>
     <span class='ocr_line' id='line_1_32' title="bbox 294 4035 1625 4119; baseline 0.003 -21"><span class='ocrx_word' id='word_1_287' title='bbox 294 4035 405 4098; x_wconf 89' lang='lat' dir='ltr'>nando</span> <span class='ocrx_word' id='word_1_288' title='bbox 422 4035 456 4098; x_wconf 92' lang='lat' dir='ltr'>in</span> <span class='ocrx_word' id='word_1_289' title='bbox 474 4051 684 4115; x_wconf 90' lang='lat' dir='ltr'>quorumque</span> <span class='ocrx_word' id='word_1_290' title='bbox 698 4035 797 4096; x_wconf 90' lang='lat' dir='ltr'>etiam</span> <span class='ocrx_word' id='word_1_291' title='bbox 812 4051 904 4098; x_wconf 84' lang='grc'><strong>31133</strong></span> <span class='ocrx_word' id='word_1_292' title='bbox 920 4036 1111 4116; x_wconf 90' lang='lat' dir='ltr'>genitorum</span> <span class='ocrx_word' id='word_1_293' title='bbox 1127 4035 1271 4101; x_wconf 90' lang='lat' dir='ltr'>filiorum</span> <span class='ocrx_word' id='word_1_294' title='bbox 1287 4039 1444 4112; x_wconf 87' lang='lat' dir='ltr'>favorem,</span> <span class='ocrx_word' id='word_1_295' title='bbox 1461 4057 1569 4119; x_wconf 89' lang='lat' dir='ltr'>usque</span> <span class='ocrx_word' id='word_1_296' title='bbox 1587 4039 1625 4102; x_wconf 89' lang='lat' dir='ltr'>ad</span> 
     </span>
     <span class='ocr_line' id='line_1_33' title="bbox 295 4137 1625 4214; baseline 0.004 -18"><span class='ocrx_word' id='word_1_297' title='bbox 295 4150 538 4213; x_wconf 90' lang='lat' dir='ltr'>quamcumque</span> <span class='ocrx_word' id='word_1_298' title='bbox 552 4151 726 4208; x_wconf 90' lang='lat' dir='ltr'>summam,</span> <span class='ocrx_word' id='word_1_299' title='bbox 745 4137 1051 4214; x_wconf 91' lang='lat' dir='ltr'>quantumcumque</span> <span class='ocrx_word' id='word_1_300' title='bbox 1062 4137 1276 4214; x_wconf 89' lang='lat' dir='ltr'>excessivam,</span> <span class='ocrx_word' id='word_1_301' title='bbox 1289 4137 1479 4203; x_wconf 80' lang='lat' dir='ltr'>facultatem</span> <span class='ocrx_word' id='word_1_302' title='bbox 1497 4155 1625 4202; x_wconf 90' lang='lat' dir='ltr'>conces·</span> 
     </span>
     <span class='ocr_line' id='line_1_34' title="bbox 296 4229 1623 4308; baseline 0.004 -14"><span class='ocrx_word' id='word_1_303' title='bbox 296 4232 414 4308; x_wconf 88' lang='lat' dir='ltr'>simus,</span> <span class='ocrx_word' id='word_1_304' title='bbox 433 4237 466 4295; x_wconf 93' lang='lat' dir='ltr'>et</span> <span class='ocrx_word' id='word_1_305' title='bbox 480 4232 618 4296; x_wconf 88' lang='lat' dir='ltr'>dilectos</span> <span class='ocrx_word' id='word_1_306' title='bbox 631 4229 716 4295; x_wconf 91' lang='lat' dir='ltr'>fllios</span> <span class='ocrx_word' id='word_1_307' title='bbox 727 4234 861 4294; x_wconf 90' lang='lat' dir='ltr'>Petrum</span> <span class='ocrx_word' id='word_1_308' title='bbox 872 4233 1071 4296; x_wconf 85' lang='lat' dir='ltr'>Ludoricum</span> <span class='ocrx_word' id='word_1_309' title='bbox 1089 4234 1332 4300; x_wconf 89' lang='lat' dir='ltr'>adolescentem</span> <span class='ocrx_word' id='word_1_310' title='bbox 1343 4242 1376 4301; x_wconf 91' lang='lat' dir='ltr'>et</span> <span class='ocrx_word' id='word_1_311' title='bbox 1390 4237 1576 4301; x_wconf 81' lang='lat' dir='ltr'>iohannem</span> <span class='ocrx_word' id='word_1_312' title='bbox 1586 4236 1623 4299; x_wconf 90' lang='lat' dir='ltr'>de</span> 
     </span>
     <span class='ocr_line' id='line_1_35' title="bbox 296 4332 1623 4414; baseline 0.001 -20"><span class='ocrx_word' id='word_1_313' title='bbox 296 4332 414 4414; x_wconf 83' lang='lat' dir='ltr'>Borgia</span> <span class='ocrx_word' id='word_1_314' title='bbox 431 4333 602 4412; x_wconf 82' lang='lat' dir='ltr'>infantem,</span> <span class='ocrx_word' id='word_1_315' title='bbox 620 4335 694 4414; x_wconf 92' lang='lat' dir='ltr'>ejus</span> <span class='ocrx_word' id='word_1_316' title='bbox 711 4337 819 4410; x_wconf 91' lang='lat' dir='ltr'>natos,</span> <span class='ocrx_word' id='word_1_317' title='bbox 834 4332 877 4396; x_wconf 91' lang='lat' dir='ltr'>ad</span> <span class='ocrx_word' id='word_1_318' title='bbox 892 4333 978 4396; x_wconf 89' lang='lat' dir='ltr'>bona</span> <span class='ocrx_word' id='word_1_319' title='bbox 992 4334 1065 4414; x_wconf 93' lang='lat' dir='ltr'>ipsa</span> <span class='ocrx_word' id='word_1_320' title='bbox 1082 4334 1272 4400; x_wconf 90' lang='lat' dir='ltr'>testamenti</span> <span class='ocrx_word' id='word_1_321' title='bbox 1285 4337 1318 4396; x_wconf 90' lang='lat' dir='ltr'>et</span> <span class='ocrx_word' id='word_1_322' title='bbox 1333 4333 1552 4397; x_wconf 89' lang='lat' dir='ltr'>donationum</span> <span class='ocrx_word' id='word_1_323' title='bbox 1565 4333 1623 4394; x_wconf 92' lang='grc'><strong>113-</strong></span> 
     </span>
     <span class='ocr_line' id='line_1_36' title="bbox 292 4431 1624 4512; baseline 0.002 -19"><span class='ocrx_word' id='word_1_324' title='bbox 292 4431 441 4511; x_wconf 89' lang='lat' dir='ltr'>jusmodi</span> <span class='ocrx_word' id='word_1_325' title='bbox 456 4431 695 4512; x_wconf 88' lang='lat' dir='ltr'>recipiendum,</span> <span class='ocrx_word' id='word_1_326' title='bbox 712 4449 779 4493; x_wconf 92' lang='lat' dir='ltr'>non</span> <span class='ocrx_word' id='word_1_327' title='bbox 801 4431 1011 4496; x_wconf 91' lang='lat' dir='ltr'>obstantibus</span> <span class='ocrx_word' id='word_1_328' title='bbox 1031 4450 1146 4496; x_wconf 91' lang='lat' dir='ltr'>eorum</span> <span class='ocrx_word' id='word_1_329' title='bbox 1166 4435 1328 4497; x_wconf 91' lang='lat' dir='ltr'>natalium</span> <span class='ocrx_word' id='word_1_330' title='bbox 1345 4433 1529 4497; x_wconf 83' lang='lat' dir='ltr'>defectibus</span> <span class='ocrx_word' id='word_1_331' title='bbox 1545 4449 1624 4512; x_wconf 87' lang='lat' dir='ltr'>quos</span> 
     </span>
     <span class='ocr_line' id='line_1_37' title="bbox 297 4529 1625 4611; baseline 0.002 -19"><span class='ocrx_word' id='word_1_332' title='bbox 297 4529 339 4592; x_wconf 90' lang='lat' dir='ltr'>ad</span> <span class='ocrx_word' id='word_1_333' title='bbox 372 4529 406 4592; x_wconf 93' lang='lat' dir='ltr'>id</span> <span class='ocrx_word' id='word_1_334' title='bbox 427 4533 608 4611; x_wconf 92' lang='lat' dir='ltr'>patiuntur,</span> <span class='ocrx_word' id='word_1_335' title='bbox 635 4529 882 4594; x_wconf 86' lang='grc'><strong>11311111131111133</strong></span> <span class='ocrx_word' id='word_1_336' title='bbox 907 4547 966 4609; x_wconf 90' lang='lat' dir='ltr'>per</span> <span class='ocrx_word' id='word_1_337' title='bbox 988 4531 1137 4596; x_wconf 82' lang='lat' dir='ltr'>diversas</span> <span class='ocrx_word' id='word_1_338' title='bbox 1164 4537 1297 4596; x_wconf 90' lang='lat' dir='ltr'>nostras</span> <span class='ocrx_word' id='word_1_339' title='bbox 1322 4533 1460 4608; x_wconf 90' lang='lat' dir='ltr'>litteras,</span> <span class='ocrx_word' id='word_1_340' title='bbox 1487 4549 1625 4610; x_wconf 91' lang='lat' dir='ltr'>quarum</span> 
     </span>
     <span class='ocr_line' id='line_1_38' title="bbox 297 4629 1625 4711; baseline -0.001 -19"><span class='ocrx_word' id='word_1_341' title='bbox 297 4630 410 4710; x_wconf 89' lang='lat' dir='ltr'>vigore</span> <span class='ocrx_word' id='word_1_342' title='bbox 436 4629 583 4710; x_wconf 84' lang='lat' dir='ltr'>prefatus</span> <span class='ocrx_word' id='word_1_343' title='bbox 607 4631 789 4709; x_wconf 89' lang='lat' dir='ltr'>Episcopus</span> <span class='ocrx_word' id='word_1_344' title='bbox 816 4631 849 4689; x_wconf 91' lang='lat' dir='ltr'>et</span> <span class='ocrx_word' id='word_1_345' title='bbox 871 4629 947 4690; x_wconf 85' lang='lat' dir='ltr'>Vico</span> <span class='ocrx_word' id='word_1_346' title='bbox 970 4631 1190 4694; x_wconf 81' lang='lat' dir='ltr'>cancellarius</span> <span class='ocrx_word' id='word_1_347' title='bbox 1213 4631 1270 4711; x_wconf 93' lang='lat' dir='ltr'>qui</span> <span class='ocrx_word' id='word_1_348' title='bbox 1291 4649 1330 4694; x_wconf 86' lang='lat' dir='ltr'>ex</span> <span class='ocrx_word' id='word_1_349' title='bbox 1348 4629 1571 4694; x_wconf 90' lang='lat' dir='ltr'>cardinalatus</span> <span class='ocrx_word' id='word_1_350' title='bbox 1596 4633 1625 4693; x_wconf 91' lang='lat' dir='ltr'>et</span> 
     </span>
     <span class='ocr_line' id='line_1_39' title="bbox 295 4724 1621 4810; baseline 0.003 -24"><span class='ocrx_word' id='word_1_351' title='bbox 295 4724 745 4789; x_wconf 85' lang='lat' dir='ltr'>vicecancellariatusofficiis</span> <span class='ocrx_word' id='word_1_352' title='bbox 757 4725 911 4804; x_wconf 84' lang='lat' dir='ltr'>quaeferc</span> <span class='ocrx_word' id='word_1_353' title='bbox 923 4727 1145 4810; x_wconf 85' lang='lat' dir='ltr'>annisviginti</span> <span class='ocrx_word' id='word_1_354' title='bbox 1157 4729 1621 4809; x_wconf 86' lang='lat' dir='ltr'>quatuorcoutinueexercuit‚</span> 
     </span>
     <span class='ocr_line' id='line_1_40' title="bbox 295 4823 1621 4909; baseline 0.004 -25"><span class='ocrx_word' id='word_1_355' title='bbox 295 4824 380 4886; x_wconf 91' lang='lat' dir='ltr'>ultra</span> <span class='ocrx_word' id='word_1_356' title='bbox 406 4842 582 4888; x_wconf 87' lang='lat' dir='ltr'>numerum</span> <span class='ocrx_word' id='word_1_357' title='bbox 609 4829 742 4887; x_wconf 90' lang='lat' dir='ltr'>centum</span> <span class='ocrx_word' id='word_1_358' title='bbox 764 4823 866 4886; x_wconf 89' lang='lat' dir='ltr'>millia</span> <span class='ocrx_word' id='word_1_359' title='bbox 892 4823 1087 4890; x_wconf 88' lang='lat' dir='ltr'>ducatorum</span> <span class='ocrx_word' id='word_1_360' title='bbox 1110 4829 1267 4909; x_wconf 90' lang='lat' dir='ltr'>percepit,</span> <span class='ocrx_word' id='word_1_361' title='bbox 1292 4831 1407 4893; x_wconf 82' lang='grc'><strong>131333</strong></span> <span class='ocrx_word' id='word_1_362' title='bbox 1434 4829 1476 4893; x_wconf 87' lang='grc'>113</span> <span class='ocrx_word' id='word_1_363' title='bbox 1499 4829 1621 4892; x_wconf 89' lang='lat' dir='ltr'>emolu-</span> 
     </span>
     <span class='ocr_line' id='line_1_41' title="bbox 295 4922 1622 5003; baseline 0.004 -20"><span class='ocrx_word' id='word_1_364' title='bbox 295 4923 416 4985; x_wconf 90' lang='lat' dir='ltr'>mentis</span> <span class='ocrx_word' id='word_1_365' title='bbox 437 4924 598 4987; x_wconf 88' lang='lat' dir='ltr'>dictorum</span> <span class='ocrx_word' id='word_1_366' title='bbox 613 4922 796 4986; x_wconf 86' lang='lat' dir='ltr'>ciliciorum</span> <span class='ocrx_word' id='word_1_367' title='bbox 814 4939 852 4985; x_wconf 91' lang='lat' dir='ltr'>ac</span> <span class='ocrx_word' id='word_1_368' title='bbox 869 4923 1100 5003; x_wconf 87' lang='lat' dir='ltr'>Ecclesiarunr,</span> <span class='ocrx_word' id='word_1_369' title='bbox 1115 4929 1391 4991; x_wconf 88' lang='lat' dir='ltr'>llonasteriorum</span> <span class='ocrx_word' id='word_1_370' title='bbox 1406 4946 1444 4992; x_wconf 93' lang='grc'>33</span> <span class='ocrx_word' id='word_1_371' title='bbox 1459 4928 1622 4992; x_wconf 89' lang='grc'><strong>333133133·</strong></span> 
     </span>
     <span class='ocr_line' id='line_1_42' title="bbox 297 5017 1621 5106; baseline 0.005 -27"><span class='ocrx_word' id='word_1_372' title='bbox 297 5020 435 5083; x_wconf 90' lang='grc'><strong>11331331</strong></span> <span class='ocrx_word' id='word_1_373' title='bbox 459 5022 695 5086; x_wconf 84' lang='lat' dir='ltr'>beneficiorum</span> <span class='ocrx_word' id='word_1_374' title='bbox 719 5039 1006 5102; x_wconf 88' lang='lat' dir='ltr'>quorumcumque</span> <span class='ocrx_word' id='word_1_375' title='bbox 1029 5017 1208 5104; x_wconf 82' lang='lat' dir='ltr'>fructibu&#39;s,</span> <span class='ocrx_word' id='word_1_376' title='bbox 1234 5027 1421 5091; x_wconf 88' lang='lat' dir='ltr'>redditibus</span> <span class='ocrx_word' id='word_1_377' title='bbox 1439 5031 1621 5106; x_wconf 88' lang='grc'><strong>3111131133-</strong></span> 
     </span>
     <span class='ocr_line' id='line_1_43' title="bbox 296 5115 1616 5200; baseline 0.008 -25"><span class='ocrx_word' id='word_1_378' title='bbox 296 5115 383 5178; x_wconf 89' lang='lat' dir='ltr'>tibus</span> <span class='ocrx_word' id='word_1_379' title='bbox 399 5120 543 5199; x_wconf 84' lang='lat' dir='ltr'>aliquam</span> <span class='ocrx_word' id='word_1_380' title='bbox 561 5121 795 5186; x_wconf 89' lang='lat' dir='ltr'>condecentem</span> <span class='ocrx_word' id='word_1_381' title='bbox 811 5123 939 5200; x_wconf 87' lang='lat' dir='ltr'>purtem</span> <span class='ocrx_word' id='word_1_382' title='bbox 953 5123 1039 5185; x_wconf 91' lang='lat' dir='ltr'>inter</span> <span class='ocrx_word' id='word_1_383' title='bbox 1053 5125 1189 5189; x_wconf 90' lang='lat' dir='ltr'>eosdem</span> <span class='ocrx_word' id='word_1_384' title='bbox 1204 5129 1301 5188; x_wconf 90' lang='lat' dir='ltr'>natos</span> <span class='ocrx_word' id='word_1_385' title='bbox 1315 5143 1395 5189; x_wconf 92' lang='lat' dir='ltr'>suos</span> <span class='ocrx_word' id='word_1_386' title='bbox 1414 5125 1616 5194; x_wconf 83' lang='lat' dir='ltr'>distribuere,</span> 
     </span>
     <span class='ocr_line' id='line_1_44' title="bbox 297 5213 1617 5304; baseline 0.007 -31"><span class='ocrx_word' id='word_1_387' title='bbox 297 5213 391 5276; x_wconf 89' lang='lat' dir='ltr'>Petro</span> <span class='ocrx_word' id='word_1_388' title='bbox 411 5215 572 5283; x_wconf 83' lang='lat' dir='ltr'>Ludovico</span> <span class='ocrx_word' id='word_1_389' title='bbox 592 5218 833 5302; x_wconf 86' lang='lat' dir='ltr'>quinquaginta</span> <span class='ocrx_word' id='word_1_390' title='bbox 849 5220 1035 5285; x_wconf 88' lang='grc'><strong>3113113331</strong></span> <span class='ocrx_word' id='word_1_391' title='bbox 1058 5222 1185 5302; x_wconf 82' lang='lat' dir='ltr'>intanti,</span> <span class='ocrx_word' id='word_1_392' title='bbox 1205 5227 1238 5286; x_wconf 92' lang='lat' dir='ltr'>et</span> <span class='ocrx_word' id='word_1_393' title='bbox 1257 5241 1317 5304; x_wconf 90' lang='lat' dir='ltr'>pro</span> <span class='ocrx_word' id='word_1_394' title='bbox 1335 5242 1374 5288; x_wconf 89' lang='lat' dir='ltr'>eo</span> <span class='ocrx_word' id='word_1_395' title='bbox 1391 5223 1558 5288; x_wconf 90' lang='lat' dir='ltr'>nonnullis</span> <span class='ocrx_word' id='word_1_396' title='bbox 1572 5225 1617 5282; x_wconf 89' lang='lat' dir='ltr'>tu·</span> 
     </span>
    </p>
   </div>
   <div class='ocr_carea' id='block_1_6' title="bbox 0 0 1782 6039">
    <p class='ocr_par' dir='ltr' id='par_1_6' title="bbox 0 0 1782 6039">
     <span class='ocr_line' id='line_1_45' title="bbox 0 0 1782 6039; baseline 0 0"><span class='ocrx_word' id='word_1_397' title='bbox 0 0 1782 6039; x_wconf 95' lang='lat' dir='ltr'> </span> 
     </span>
    </p>
   </div>
  </div>
 </body>
</html>
