3520 6036
297 544 351 600 310
753 542 930 619 lOHANNlS
955 543 1177 614 abacelam,
1375 546 1536 612 [Novembro
1553 547 1616 598 15⁰³

347 700 413 776 Die
431 699 840 798 sequenti,postboram
855 698 1068 794 vigesimam
1087 698 1244 796 equitari
1262 699 1308 774 ad
1320 700 1510 798 palatium,
1531 725 1632 776 asso-

297 827 415 900 ciatus
432 827 527 900 inter
545 829 586 898 D.
618 828 766 916 Lucam,
790 828 975 897 oratorem
997 823 1227 922 imperialem
1247 848 1269 898 a
1292 825 1444 914 dextris
1468 830 1506 900 et
1535 827 1632 924 epis-

297 977 430 1050 copum
461 955 690 1026 Castrensem
726 973 747 1024 a
782 949 960 1040 sinistris;
997 956 1033 1024 et
1063 957 1145 1046 post
1173 972 1242 1024 nos
1278 955 1387 1025 erant
1413 953 1627 1042 Saonensis,

296 1076 588 1166 AuximunensiS,
616 1075 805 1164 Pollensis,
837 1074 1091 1149 Asculanensis
1112 1079 1148 1148 et
1172 1075 1356 1164 Sutrinus,
1384 1073 1564 1174 episcopi,
1595 1085 1629 1152 et

296 1201 592 1298 prothonotarius
616 1203 660 1274 de
684 1200 833 1298 Spinula
856 1197 950 1272 inter
967 1199 1156 1272 alumnum
1181 1203 1230 1274 D,
1252 1201 1293 1274 B.
1317 1199 1424 1274 Arest
1453 1205 1491 1274 ot
1514 1205 1631 1276 Geor-

294 1326 395 1422 gium
426 1325 755 1414 Subcr,‘oretores
785 1323 1099 1422 Bambe1·genses;
1132 1324 1381 1398 Bernardinus
1416 1326 1566 1400 Custelli
1595 1336 1630 1399 et

295 1455 378 1524 ante
404 1451 586 1525 lohannes
618 1455 799 1548 Languor,
829 1449 1014 1524 lohannes
1044 1448 1162 1538 Fabri,
1195 1452 1334 1546 Gaspar
1363 1452 1456 1524 Hert
1485 1455 1522 1524 et
1553 1449 1626 1528 alii.

294 1576 400 1650 amici
418 1577 510 1650 mei:
530 1575 681 1672 equitavi
701 1599 766 1672 pcr
783 1575 873 1648 viam
890 1574 1016 1671 Campi
1036 1574 1141 1648 Flore
1167 1579 1270 1649 recta
1293 1574 1350 1648 ria
1370 1576 1416 1650 ad
1433 1576 1626 1673 palatium,

294 1700 353 1774 ubi
372 1701 439 1775 soli
455 1705 551 1798 Papo
572 1700 708 1798 gratias
728 1700 798 1797 egi,
823 1699 1053 1797 presentibus
1077 1703 1325 1774 Recanatense
1346 1708 1382 1782 et
1404 1701 1624 1777 camerario.

294 1802 395 1899 Rodii
412 1825 457 1900 nd
472 1826 623 1898 domum
641 1848 707 1921 per
725 1824 928 1922 parionem,
949 1831 984 1898 et
1005 1847 1076 1897 non
1099 1847 1179 1897 sum
1198 1848 1284 1898 usus
1300 1847 1418 1922 cappe
1439 1827 1627 1922 sequenti-

293 1954 361 2034 bus
387 1951 527 2042 diebus,
551 1974 619 2024 nec
644 1949 776 2025 ceteris
801 1949 1046 2024 cardinalibus
1069 1950 1207 2046 gratias
1232 1950 1289 2047 egi
1316 1950 1383 2023 nisi
1411 1951 1449 2024 in
1475 1975 1626 2026 camera

292 2081 400 2173 Papo.

342 2203 407 2277 Die
435 2201 603 2298 predicta
634 2199 824 2286 mercurii,
855 2204 900 2272 29
931 2200 1151 2289 novembris
1186 2199 1350 2274 custodia
1381 2200 1511 2274 Palatii
1542 2225 1626 2275 cum

292 2328 483 2424 capitaneo
506 2325 569 2397 ivit
592 2324 732 2398 Ostiam
758 2323 803 2398 ad
833 2321 1115 2396 conducendum
1144 2321 1275 2396 ducem
1301 2324 1556 2414 Valentinum,
1582 2327 1626 2398 de

292 2451 391 2525 Ostia
411 2451 445 2523 in
464 2449 569 2547 galea
593 2451 639 2522 ad
659 2449 808 2540 Urbem,
837 2448 1010 2544 adquam
1029 2448 1102 2520 dux
1122 2448 1218 2522 venit
1234 2448 1293 2522 dic
1308 2448 1402 2545 jovis
1414 2447 1544 2522 ultima
1561 2473 1628 2522 no-

290 2576 466 2666 vembris,
486 2576 522 2648 in
542 2574 722 2672 principio
747 2573 876 2663 noetio,
908 2577 943 2646 et
967 2573 1175 2669 hospitatus
1198 2577 1253 2648 est
1280 2575 1317 2646 in
1338 2573 1488 2671 palatiu,
1509 2575 1547 2646 in
1566 2597 1628 2647 ca-

290 2726 394 2776 mera
413 2700 634 2775 salernitani
654 2702 663 2798 (
690 2699 715 2798 ).

340 2827 427 2900 Heri
446 2851 566 2917 mane,
587 2825 708 2922 prima
726 2823 912 2898 dominica
930 2824 1120 2914 adventus
1141 2825 1161 2895 3
1181 2823 1402 2915 decembris,
1426 2831 1626 2922 antequam

291 2959 389 3050 Papa
419 2954 535 3025 exiret
574 2950 722 3047 palutio,
765 2949 946 3023 Sanctitas
981 2971 1046 3021 sua
1082 2949 1127 3022 ad
1164 2947 1473 3046 supplicationem
1503 2973 1627 3022 meam

291 3079 389 3152 dedit
408 3077 498 3149 milri
517 3075 702 3149 licentiam
719 3074 887 3172 portandi
907 3073 1211 3170 superpellicium
1235 3099 1346 3173 super
1364 3076 1571 3150 rochettum
1592 3077 1628 3148 in

292 3203 433 3300 capella
467 3225 580 3299 usque
615 3202 660 3274 ad
696 3200 1013 3274 consecrationem
1047 3225 1195 3274 meam:
1225 3202 1409 3275 commisit
1445 3204 1627 3298 magistro

291 3331 421 3402 domus
441 3353 503 3400 sue
517 3327 614 3423 quod
633 3330 829 3400 annotaret
843 3349 901 3397 me
919 3331 1093 3423 tanquam
1104 3327 1287 3424 prelatum
1302 3326 1431 3400 Palatii
1451 3327 1486 3398 iu
1500 3327 1626 3400 rotulo

291 3479 355 3526 suo
374 3453 605 3541 Sanctitatis3
626 3460 662 3524 et
680 3452 879 3525 familiares
898 3453 970 3525 mei
990 3477 1149 3544 mecum,
1178 3459 1286 3552 prout
1300 3453 1361 3527 alii
1388 3453 1533 3550 prelati,
1556 3453 1624 3526 ha·

292 3581 464 3651 berentur
491 3577 537 3650 ad
561 3576 827 3672 expediendum
847 3578 974 3673 gratio,
1002 3584 1037 3650 ct
1055 3579 1151 3673 quod
1172 3602 1262 3651 unus
1286 3577 1475 3651 familiaris
1503 3601 1621 3666 meus,

291 3705 509 3800 quicumque
538 3704 645 3789 essct,
673 3704 796 3796 posset
818 3703 1053 3774 commedere
1078 3703 1113 3774 in
1143 3703 1281 3790 tinello,
1308 3709 1343 3775 et
1367 3702 1508 3775 remisit
1533 3703 1620 3775 milri

289 3835 459 3902 armatam
477 3829 512 3898 et
527 3825 625 3921 quod
635 3825 797 3922 signaret
809 3827 1020 3900 mandatum
1039 3828 1084 3899 de
1101 3827 1328 3925 expediendo
1348 3827 1488 3901 litteras
1507 3828 1619 3924 gratis

290 3954 529 4029 ecclesiarum
548 3957 584 4023 et
600 3952 867 4026 reservationis.

337 4079 402 4151 bio
429 4079 546 4174 prima
584 4075 766 4150 dominica
791 4079 989 4166 adrentus,
1027 4079 1124 4152 uenit
1160 4077 1206 4150 ad
1228 4077 1408 4174 capellam
1438 4079 1615 4174 majorem

289 4205 347 4277 ubi
381 4204 542 4277 interluit
579 4201 688 4274 misse
737 4227 847 4298 quam
893 4204 1037 4301 publice
1073 4204 1271 4278 celebravit
1318 4203 1615 4300 archiepiscopus

289 4329 539 4404 Potraccnsis:
569 4331 770 4404 orationem
799 4331 885 4404 lecit
911 4337 1130 4428 procurator
1147 4329 1287 4403 ordinis
1316 4328 1612 4426 predicatorum:

287 4456 359 4529 alia
375 4479 474 4528 more
496 4455 616 4530 solito.
638 4455 774 4529 Donavi
802 4459 894 4553 Papo
922 4462 1004 4529 ante
1030 4457 1178 4528 missam
1203 4457 1239 4528 in
1266 4478 1415 4528 camora
1440 4479 1507 4527 sua
1530 4479 1615 4528 coo-

287 4590 428 4678 pertam
455 4583 499 4655 de
531 4582 663 4655 volluto
695 4583 796 4656 viridi
827 4609 935 4680 quam
967 4583 1161 4657 habuimus
1187 4603 1253 4678 per
1283 4579 1423 4652 obitum
1463 4578 1525 4650 Pie
1555 4580 1611 4656 ΙΙΙ,

287 4697 434 4778 mimine
472 4707 560 4780 socii
588 4708 658 4779 mei
696 4715 731 4781 ot
754 4731 859 4790 meo,
896 4709 981 4805 quia
1009 4708 1190 4781 serviebat
1215 4707 1431 4801 paramento
1461 4731 1546 4780 cum
1576 4729 1616 4778 ea

289 4831 395 4903 lacto.

324 5053 348 5106 l.
371 5051 546 5118 liiustiuinni,
562 5059 641 5128 apres
656 5053 730 5110 avoir
745 5054 835 5110 donne
850 5073 880 5111 ce
896 5061 982 5112 meme
1001 5055 1096 5126 detail,
1113 5057 1225 5130 ajoute:
1247 5081 1261 5110 «
1277 5057 1341 5114 Dice
1361 5057 1385 5114 el
1401 5058 1542 5114 Pontefiee
1556 5059 1616 5122 clm,

286 5158 370 5193 arnse
386 5139 408 5192 lo
424 5140 535 5196 lortezze
552 5143 620 5197 delle
637 5151 706 5198 terre
722 5143 789 5196 rlr'el
807 5144 878 5198 liene
893 5145 919 5199 in
937 5164 1027 5214 muno,
1044 5141 1069 5195 ln
1084 5141 1232 5200 licentiori.
1251 5144 1301 5198 Dio
1319 5145 1343 5198 lu
1359 5163 1389 5197 zu
1403 5144 1453 5197 Plu*
1470 5163 1503 5197 ¹¹⁴¹
1515 5152 1588 5200 sur-l!
1603 5171 1614 5190 ¹·

287 5247 312 5298 p.
330 5229 390 5280 flltl.
