3520 6036
71 617 140 676 [Ᾰοοῑ
154 615 224 676 ¹5⁰5]
377 615 505 673 RERUM
524 613 751 672 canendnum
776 614 1040 674 commeantem.
1341 616 1394 671 397

71 765 293 842 homicidium
310 766 498 842 confessus
513 776 568 840 est
591 767 629 840 in
652 769 842 858 examinc3
861 773 1009 866 propter
1032 791 1101 864 que
1126 769 1392 842 condemnatus

72 889 420 966 luerottenaliandus
435 890 568 986 primo,
592 891 723 966 deinde
745 892 873 967 ultimo
895 890 1072 989 supplicio
1098 891 1307 982 tradendus,
1328 892 1394 966 s'cd

73 1016 145 1111 quia
160 1021 235 1088 erat
252 1015 547 1114 consanguineus
566 1019 609 1090 D.
630 1015 768 1092 Camilli
787 1015 1033 1090 Beneimbene
1059 1015 1214 1090 obtinuit
1237 1017 1393 1115 gratiam

75 1138 335 1236 decapitationis
350 1140 542 1237 simplicis

115 1265 279 1353 Sabbato,
302 1269 348 1340 25
362 1265 457 1362 julii,
475 1265 643 1363 suspensi
660 1265 808 1339 luerunt
823 1269 978 1362 quatuor
991 1264 1028 1340 in
1048 1287 1176 1362 campo
1188 1265 1307 1354 Flore,
1327 1289 1392 1363 pro

75 1416 111 1464 eo
126 1391 216 1487 quod
234 1413 330 1464 unus
345 1413 488 1482 eorum,
510 1391 680 1466 stalerius
696 1391 841 1490 Georgii
860 1391 1033 1480 Cesarini,
1063 1391 1183 1465 iratris
1201 1391 1395 1466 cardinalis

77 1515 231 1605 Cesarini,
251 1514 425 1589 conduxit
443 1517 638 1613 quemdam
657 1540 762 1590 suum
773 1516 948 1614 juvenem
975 1515 1162 1591 sodomitis
1190 1539 1259 1612 pro
1284 1539 1396 1613 pecu-

77 1638 139 1726 nia;
157 1637 212 1712 alii
229 1643 307 1714 tres
336 1644 527 1715 tonsorunt
556 1641 736 1732 carlenos,
765 1663 919 1738 quorum
946 1665 1040 1715 unus
1065 1640 1132 1714 luit
1157 1645 1274 1731 sutor,
1301 1640 1395 1714 alter

78 1763 300 1854 tabernarius,
321 1765 454 1839 tertius
476 1765 671 1840 tabernarii
695 1765 792 1838 filius
816 1767 873 1840 vel
897 1765 1066 1856 famulus,
1091 1772 1127 1840 et
1153 1763 1220 1838 suit
1249 1765 1293 1839 de
1317 1769 1397 1840 ton·

79 1913 150 1961 sure
163 1887 395 1964 carlenorum
412 1889 558 1964 circiter
572 1891 727 1964 duarum
745 1889 920 1963 librarum
937 1913 1047 1988 super
1063 1888 1221 1986 quodam
1243 1887 1397 1962 tabulat-

79 2019 119 2100 to,
135 2013 231 2109 juxta
247 2013 383 2106 lurcos,
404 2038 493 2112 quas
504 2015 622 2089 lector
638 2015 880 2090 custodiebat.

119 2138 314 2228 Dominica,
336 2143 380 2211 27
396 2139 491 2236 julii,
509 2139 600 2214 bora
615 2139 788 2238 vigesima
813 2139 985 2230 secunda,
1005 2139 1061 2213 vel
1085 2139 1198 2229 circa,
1221 2136 1317 2214 lacta
1340 2143 1396 2212 est

80 2285 133 2358 per
147 2286 311 2360 campum
330 2263 438 2338 Flore
455 2265 501 2338 ad
517 2288 548 2338 s.
566 2267 713 2338 Petrum
731 2271 894 2340 monstra
903 2265 1065 2361 gentium
1078 2287 1264 2338 armorum
1280 2263 1396 2337 bono-

81 2387 240 2461 ratissime
257 2395 498 2464 armatorum.
515 2389 626 2463 Primi
645 2447 841 2464 .......
861 2390 917 2464 vel
934 2390 1031 2464 circa
1046 2395 1150 2462 erant
1170 2448 1177 2462 .
1201 2446 1209 2461 .
1231 2446 1239 2462 .
1259 2391 1397 2462 Secun-

83 2511 308 2588 donumero.
335 2571 342 2587 .
366 2515 439 2588 ‚vel
456 2513 557 2588 circa
569 2571 697 2588 .....
719 2514 877 2588 Profecti
889 2513 1013 2589 Urbis.
1036 2571 1043 2586 .
1067 2513 1252 2588 .velcirca
1256 2567 1390 2586 .....

92 2635 297 2712 marchionis
330 2639 515 2712 Mantuani
541 2637 602 2738 (t),
626 2697 633 2711 .
657 2697 692 2712 ..
719 2639 779 2736 qui
807 2663 934 2713 omnes
972 2661 1055 2712 cum
1084 2639 1137 2711 eis
1166 2637 1391 2734 equitabant.

118 2761 273 2851 Veneris,
295 2764 415 2859 prima
432 2763 588 2860 augusti,
611 2788 640 2836 e.
661 2763 756 2836 Petri
772 2765 817 2836 ad
833 2761 1002 2852 Vincula,
1015 2785 1084 2861 ego
1101 2761 1284 2836 lohannes
1303 2759 1397 2856 epis·
1459 2803 1463 2812 ·

85 2905 179 2979 copus
204 2888 373 2977 Ortanus,
410 2887 456 2961 ad
480 2895 650 2983 rogatum
677 2911 706 2960 s.
738 2887 834 2960 Petri
862 2887 907 2962 ad
935 2886 1104 2976 Vincula,
1139 2893 1239 2960 stans
1270 2907 1397 2957 versus

86 3009 240 3103 populum
255 3019 365 3108 prout
381 3012 419 3084 in
437 3035 466 3086 s.
488 3015 612 3102 Petro,
633 3011 813 3087 celebravi
836 3012 987 3086 missam
1006 3011 1208 3086 solemnem
1234 3009 1271 3084 in
1293 3007 1398 3084 altari

86 3133 198 3228 maJ'ori
213 3135 380 3210 ecclesie.
398 3136 642 3212 interfuerunt
659 3159 789 3211 novem
805 3137 1026 3226 cardinales,
1051 3135 1219 3210 videlicet
1239 3160 1267 3208 s.
1285 3138 1398 3208 Geor·

88 3253 138 3349 gii,
152 3258 425 3353 Alexandrinus
443 3262 672 3352 cusentinus,
691 3261 880 3336 Cumensis
897 3266 934 3335 et
958 3261 1237 3350 Volaterranus,
1267 3283 1290 3333 a
1315 3261 1402 3332 dex-

89 3381 280 3478 terissedis,
312 3385 488 3461 facientes
513 3390 622 3484 caput
648 3384 745 3484 apud
766 3386 905 3477 sedem,
927 3390 964 3458 et
987 3385 1177 3475 Columna,
1203 3383 1399 3480 Aragonia,

90 3503 234 3582 Elncnsis
249 3518 285 3585 et
301 3517 383 3608 post
405 3535 450 3586 ea
466 3535 497 3584 s.
512 3512 612 3586 Petri
627 3509 855 3598 adVincula;
876 3517 913 3582 et
928 3509 1068 3606 capelle
1094 3512 1262 3582 cantores
1282 3513 1405 3580 canta-

91 3637 214 3706 rerunt.
233 3635 419 3710 celebravi
436 3636 474 3709 in
485 3635 706 3733 paramentis
718 3633 838 3709 rubeis
849 3659 857 3708 :
869 3635 1088 3708 videbantur
1099 3633 1183 3707 alba
1192 3631 1403 3707 convenire.

93 3753 227 3836 Quidam
244 3761 492 3858 cappuccinns
508 3761 625 3834 dictus
644 3761 952 3850 Pedemontanus,
979 3757 1174 3833 familiaris
1192 3782 1222 3830 s.
1243 3755 1344 3830 Petri
1359 3755 1406 3829 ad

93 3877 238 3976 Vincula,
257 3885 326 3960 luit
342 3887 516 3960 assistens
534 3910 655 3978 meus;
673 3885 734 3983 qui
753 3890 790 3959 et
808 3884 865 3960 die
878 3883 1019 3960 sabbati
1030 3882 1194 3981 sequenti
1213 3879 1409 3956 celebravit

95 4001 224 4081 missum
242 4011 420 4107 privatam
438 4011 476 4084 in
494 4011 635 4108 capella
651 4011 818 4108 ejusdcm
842 4008 1038 4083 cardinalis
1055 4013 1251 4104 antequam
1273 4006 1409 4082 laceret

97 4125 312 4227 signaturam,
344 4141 382 4209 et
403 4135 578 4210 mercurii
611 4134 797 4232 sequentis
825 4133 883 4209 vcl
909 4134 1010 4210 circa
1038 4131 1200 4232 sepultus
1227 4156 1270 4206 ex
1289 4138 1407 4230 peste.

97 4249 292 4348 Requiescat
306 4260 344 4334 in
362 4284 466 4358 pace.

137 4377 226 4455 ldem
256 4385 451 4460 cardinalis
479 4411 508 4460 s.
529 4385 626 4460 Petri
657 4385 703 4459 ad
736 4383 904 4476 Vincula,
933 4383 991 4459 dic
1018 4380 1172 4472 sabbati,
1204 4384 1225 4452 2
1252 4377 1408 4476 augusti,

99 4505 232 4581 recessit
247 4532 291 4584 ex
309 4511 407 4586 Urbe
425 4517 462 4586 et
479 4510 651 4608 equitavit
668 4510 715 4584 ad
730 4509 914 4585 abbatiam
932 4531 1036 4584 suam
1057 4506 1284 4594 Farlensem,
1304 4525 1415 4577 causa

101 4632 328 4724 recreationis,
355 4641 391 4709 ct
408 4638 507 4733 Papa
525 4635 624 4710 circa
639 4635 751 4710 finem
770 4635 959 4734 signatore
978 4631 1163 4708 commisit
1189 4630 1413 4728 signaturam

104 4767 229 4828 omnem
243 4757 279 4831 in
293 4759 459 4834 absentia
474 4785 504 4834 s.
519 4759 618 4836 Petri
632 4759 678 4834 ad
688 4759 843 4838 Vincula
859 4759 1031 4857 episcopo
1042 4754 1263 4853 Agennensi,
1277 4751 1412 4828 ibidem

104 4881 255 4972 tresenti,
274 4884 411 4960 taciens
428 4886 474 4959 de
492 4886 646 4960 consilio
663 4889 706 4959 D.
724 4885 821 4959 della
838 4887 959 4973 Porta,
979 4881 1180 4978 Regiensis.

144 5001 246 5096 Luna,
272 5013 310 5082 ll
336 5011 493 5108 augusti,
516 5011 669 5086 recessit
698 5033 743 5084 ex
767 5009 863 5084 Urbe
888 5006 961 5080 dux
989 5005 1118 5100 Urbini
1150 5027 1234 5078 cum
1260 5002 1412 5100 reliquis

107 5123 364 5226 contabescis,
384 5136 470 5232 quia
485 5135 577 5211 alios
594 5135 809 5234 premiserat
826 5134 872 5206 ad
888 5129 1143 5206 Romandiolas
1161 5128 1295 5203 iturus.

137 5271 158 5329 1.
167 5276 256 5372 'the
269 5282 366 5342 lacuna
378 5285 448 5343 dans
463 5291 527 5344 tous
540 5284 581 5342 les
595 5303 664 5343 mss.
