3590 6042
86 557 175 620 [nent
189 557 262 620 taut]
427 555 554 612 RERUM
578 549 805 610 daedaleum
830 551 1093 614 COMMENTARH.
1394 563 1426 620 31

140 717 236 799 Dux,
260 715 414 808 accepta
430 729 540 782 manu
562 709 712 782 dextera
728 729 822 796 rosa,
844 707 1029 782 osculatus
1049 713 1104 782 est
1123 727 1273 784 manum
1293 711 1425 808 primo,

55 865 61 876 ·
89 837 227 912 deinde
247 832 380 935 pedem
398 837 519 932 Papo,
534 838 775 906 surrexerunt
791 833 912 922 ambo,
931 833 1293 930 imposuitbirretum
1311 837 1398 910 conl
1417 879 1431 891 -

88 963 295 1038 loneriutus
317 961 354 1034 in
376 963 487 1058 caput
515 957 630 1047 ducis,
662 957 736 1054 qui,
766 959 833 1030 sub
860 981 903 1032 eo
930 983 1053 1032 rosam
1077 959 1114 1033 in
1141 983 1252 1035 manu
1279 962 1431 1036 dextera

91 1093 263 1186 portans,
293 1087 467 1162 continuo
493 1083 641 1158 incessit
659 1087 743 1156 aute
771 1083 920 1180 Papam.
950 1086 1124 1158 Ostensus
1151 1087 1206 1158 est
1223 1085 1340 1160 rullus
1362 1086 1431 1162 Do

90 1213 183 1286 mini
203 1235 309 1288 more
334 1211 460 1298 solito;
492 1213 528 1283 et
550 1207 752 1282 cardinales
774 1231 856 1281 cum
886 1209 978 1283 duce
1001 1213 1137 1306 Papam
1160 1209 1432 1286 associaverunt

92 1361 212 1434 usquc
231 1337 279 1412 ad
296 1336 451 1424 curiam,
472 1335 533 1408 ubi
553 1333 759 1407 cardinales
779 1333 943 1430 equitare
962 1333 1092 1423 solent,
1113 1335 1158 1408 dc
1177 1356 1248 1433 qua
1267 1337 1431 1411 ascendit
1520 1383 1531 1396 -

91 1468 195 1562 Papa
216 1461 262 1536 ad
280 1459 456 1560 palatium
473 1481 593 1548 suum,
624 1457 825 1532 licenciatis
852 1457 990 1532 ibidem
1009 1460 1101 1534 duce
1131 1463 1167 1533 et
1185 1459 1430 1536 cardinalibus

89 1589 152 1685 qui
172 1587 423 1662 ascenderunt
444 1607 557 1682 equos
580 1607 719 1658 omues.
752 1587 1008 1658 precesserunt
1025 1585 1230 1659 cardinales
1252 1587 1427 1674 seniores,

92 1717 129 1786 et
157 1711 260 1786 inter
290 1715 488 1785 Senensem
516 1712 552 1782 et
580 1708 792 1782 Cesarinum
824 1709 860 1782 in
892 1705 1020 1785 ultimo
1047 1709 1128 1784 loco
1156 1709 1330 1807 equitavit
1362 1707 1434 1786 dux

95 1838 280 1912 birretum
300 1835 390 1910 illud
409 1833 720 1910 confaloneriatus
739 1835 910 1909 continue
932 1839 1078 1936 gestans
1096 1833 1132 1908 in
1150 1835 1281 1934 capite.
1303 1841 1434 1910 Rosam

94 1967 224 2035 autem
241 1983 316 2034 non
334 1958 491 2057 portarit
509 1957 546 2031 in
563 1981 674 2032 manu
692 1957 876 2048 continue,
897 1958 961 2033 sed
978 1981 1046 2056 pro
1065 1961 1206 2061 majore
1226 1965 1331 2059 parte
1355 1985 1434 2035 cam

96 2087 251 2182 portare
284 2083 369 2158 lecit
396 2107 462 2182 per
489 2107 603 2156 uuum
626 2107 670 2156 ex
697 2083 867 2158 stallariis
889 2081 976 2173 suis,
1007 2105 1163 2182 quorum
1189 2111 1251 2159 sex
1275 2085 1330 2160 vel
1353 2091 1435 2160 octo

97 2215 245 2284 tantum
271 2213 377 2282 erant
399 2207 497 2282 circe
520 2231 623 2298 eum;
649 2207 712 2282 alii
739 2231 864 2282 omnes
892 2209 1139 2306 sequebantur
1165 2209 1297 2308 ipsum.
1323 2209 1437 2286 Intera

96 2335 251 2409 luerunt
267 2331 546 2431 quatuordecim
562 2331 780 2423 cardinales,
800 2329 969 2407 videlicet
982 2332 1255 2433 Neapolitanus,
1277 2334 1437 2410 Recens·

97 2460 227 2550 tensis,
244 2459 425 2558 episcopi;
443 2481 472 2531 s.
488 2457 698 2545 Clementis,
717 2459 1006 2548 Beneventanus,
1021 2483 1048 2534 s.
1066 2459 1252 2550 Praxedis,
1267 2459 1431 2538 Ursinus.

95 2583 383 2672 Alexandrinus,
413 2607 443 2656 s.
480 2583 618 2672 Crucis,
646 2581 853 2672 Gurcensis,
883 2588 1089 2681 capuanus,
1120 2585 1344 2684 presbyteri3
1375 2587 1435 2658 Se-

97 2709 239 2800 nensis,
261 2709 453 2783 Cesarinus
473 2713 509 2781 et
531 2707 737 2798 Farnesius,
760 2707 921 2799 diaconi;
943 2710 1069 2807 preter
1085 2731 1176 2807 quos
1196 2709 1307 2784 etiam
1324 2709 1438 2783 intere

97 2837 164 2911 tuit
194 2833 232 2908 in
260 2833 372 2908 missa
400 2837 524 2908 Rmus.
556 2833 752 2908 cardinalis
780 2833 1032 2908 Ulixbouensis
1064 2835 1138 2934 qui,
1174 2831 1285 2910 missa
1316 2835 1431 2926 linita,

98 2961 267 3037 recessit.
290 2959 493 3056 Equitando
516 2957 583 3032 luit
600 2959 812 3033 observatus
836 2961 927 3034 ordo
950 2966 1174 3034 consuetus:
1201 2959 1330 3036 vexilla
1354 2983 1437 3059 por-

54 3077 58 3086 ’
100 3092 179 3161 tata
202 3086 353 3160 fuerunt
376 3084 542 3182 peritios
570 3084 660 3158 duos
688 3083 850 3158 armatos
879 3089 1079 3182 equestres,
1111 3085 1171 3184 qui
1200 3085 1307 3160 ambo
1331 3089 1435 3161 erant

99 3209 253 3310 llispaui
272 3215 308 3283 et
331 3209 436 3283 basse
461 3207 692 3298 conditionis,
717 3209 921 3306 equitantes
944 3215 1027 3308 post
1048 3233 1175 3286 omnes
1198 3217 1379 3302 oratores,
1402 3217 1437 3284 et

98 3343 186 3411 ante
205 3359 269 3410 eos
286 3341 370 3408 octo
389 3333 567 3423 tibicines,
594 3339 678 3408 ante
703 3333 869 3408 tibicines
893 3341 1050 3432 quatuor
1068 3334 1280 3427 tamburini,
1303 3341 1435 3435 etpost

98 3459 274 3536 tibicines
289 3467 365 3535 tres
382 3459 538 3548 haraldi,
562 3464 644 3556 post
661 3457 836 3534 haraldos
855 3459 1052 3535 servientes
1078 3485 1280 3550 armorum,
1306 3457 1437 3535 deinde

98 3609 231 3660 omnes
253 3583 473 3674 cardinales,
497 3583 595 3656 iuter
619 3583 766 3658 ultimos
790 3583 863 3659 dux
881 3607 990 3683 quem
1014 3587 1263 3684 sequebantur
1287 3579 1437 3659 stellarii

99 3715 170 3802 sui,
193 3719 270 3788 tum
289 3711 433 3811 prelati,
456 3715 492 3783 et
511 3713 637 3808 gentes
656 3710 758 3784 ducis
780 3711 858 3785 sine
878 3713 1018 3803 ordine,
1048 3711 1223 3810 quianon
1241 3709 1359 3808 poluit
1376 3709 1440 3784 ali-

102 3837 284 3912 tertiari.
314 3833 561 3934 Equitarimus
593 3833 665 3909 hoc
692 3836 821 3910 ordine
850 3839 1036 3934 usquead
1065 3837 1216 3912 domum
1244 3835 1440 3913 cardinalis

101 3961 326 4052 Parmensis,
349 3963 386 4035 in
404 3985 477 4058 qua
499 3961 571 4058 dux
589 3965 670 4034 erat
688 3961 852 4035 tacturus
869 3961 1077 4061 prandium.
1096 3965 1190 4036 Ante
1209 3959 1341 4036 ostium
1361 3982 1441 4034 car·

101 4085 247 4162 dineles
273 4087 510 4162 firmaverunt
537 4109 574 4156 sc
606 4083 816 4174 hincinde,
848 4089 884 4160 el
915 4087 998 4176 dux,
1028 4085 1149 4184 capito
1176 4087 1333 4175 detecte,
1366 4083 1439 4184 egit

104 4210 244 4310 gratiss
272 4210 423 4310 singulis
451 4234 555 4284 more
587 4215 775 4283 consueto.
805 4212 966 4285 Tandem
992 4212 1102 4286 vertit
1132 4237 1170 4285 se
1198 4215 1281 4284 anto
1309 4209 1440 4285 ostium

104 4336 202 4410 dicte
218 4337 351 4410 domus
369 4332 416 4409 ad
435 4333 643 4409 cardinales
662 4335 722 4432 qui
741 4341 973 4410 recesserunt
992 4359 1132 4416 omnes,

155 4462 266 4534 Faria
281 4459 441 4559 sextatt)
461 4461 597 4534 mensis
616 4459 759 4558 aprilis,
781 4462 848 4536 luit
865 4463 1126 4538 consistorium
1144 4469 1327 4538 secretum
1345 4457 1442 4560 quod

104 4583 251 4662 durarit
269 4608 384 4684 usque
403 4593 485 4684 post
502 4587 631 4660 horam
650 4587 865 4685 vigesimam
881 4589 1055 4686 primam,
1072 4589 1108 4662 in
1127 4611 1198 4687 quo
1218 4591 1282 4665 SS.
1299 4591 1341 4663 D.
1362 4609 1445 4663 nos*

105 4717 162 4786 ter
180 4737 250 4810 per
272 4737 377 4787 suam
400 4713 621 4785 sententiam
642 4711 678 4784 in
698 4711 847 4809 scriptis
867 4713 1121 4811 pronuntiavit
1142 4717 1354 4811 protensum
1373 4737 1449 4787 ma=

140 4969 165 5032 l.
186 4971 210 5028 Α
224 4971 313 5046 partic
327 4969 442 5028 decette
457 4969 530 5039 data,
545 4969 585 5025 les
598 4967 785 5042 paragraphes
795 4975 858 5026 sont
869 4971 1075 5045 precedesd'un
1086 4973 1149 5029 titre
1161 4971 1230 5028 dans
1246 4977 1308 5028 tous
1319 4969 1359 5028 loe
1376 4985 1446 5030 mss.-

106 5061 165 5118 saut
181 5062 208 5118 le
229 5057 332 5118 trees.
348 5057 570 5134 L'interpolation
586 5057 618 5114 de
634 5073 680 5114 ces
700 5063 778 5114 notes
794 5059 958 5135 marginales
975 5061 1045 5134 dans
1063 5061 1087 5121 le
1104 5077 1184 5134 corps
1203 5061 1241 5116 du
1261 5065 1335 5119 texte
1355 5067 1398 5124 est
1417 5059 1443 5120 le

102 5147 148 5207 tait
161 5151 198 5207 du
217 5147 339 5224 coplata,
353 5147 429 5206 aussi
444 5147 572 5205 ont-elles
588 5147 630 5205 ete
646 5146 955 5233 supprimaas.1lpartir
972 5141 1005 5208 de
1021 5151 1126 5208 l'annea
1145 5151 1220 5220 1502,
1232 5149 1271 5207 les
1287 5149 1365 5209 titrss
1379 5157 1445 5210 sont

106 5241 261 5316 supprimes
274 5235 347 5296 dans
362 5245 425 5295 tous
444 5237 483 5294 les
498 5249 566 5293 mse⁴
1346 5245 1350 5254 ·
