3506 6034
353 513 407 568 alo
807 509 983 568 JOHuNNlS
1008 509 1230 574 acuculam,
1519 511 1662 580 [leotrico

355 689 421 762 pro
437 649 736 738 cardinalibusiu
753 663 904 759 quadro.
926 665 1015 760 Ego,
1033 669 1226 760 postquam
1246 663 1327 738 voni
1354 665 1400 738 ad
1417 668 1560 762 Papam,
1581 665 1660 745 indui

355 787 685 887 eomparameutis
704 787 829 861 rubeis
851 788 1021 864 omnibus
1045 788 1090 861 de
1113 788 1309 864 brocatello
1335 795 1371 864 ol
1395 789 1560 887 phanone
1583 789 1661 866 broii

355 919 494 990 tantum
513 921 549 990 et
565 912 715 1010 pulchra
731 912 880 1013 plancta
898 918 932 984 ot
947 912 1093 1011 caligis;
1112 918 1149 990 ot
1165 915 1252 1010 quia
1274 915 1386 990 calcei
1408 937 1482 990 non
1504 914 1661 990 habebant

354 1061 516 1129 crucem,
535 1039 618 1114 loco
636 1037 869 1112 sandalorum
886 1037 1043 1136 imposui
1066 1038 1100 1114 oi
1123 1039 1299 1136 planellos
1318 1039 1547 1136 quotidianas
1563 1039 1602 1116 dc
1615 1065 1662 1114 ro·

353 1165 443 1242 llulo
460 1163 667 1240 cremosino
683 1185 767 1238 cum
783 1187 893 1244 cruce
913 1187 1026 1238 aurea
1044 1167 1197 1256 tantum,
1217 1171 1254 1240 ot
1272 1189 1355 1240 com
1373 1164 1512 1240 duabus
1530 1166 1661 1262 stringis

353 1290 459 1387 ligavi
483 1293 585 1364 retro
602 1289 647 1362 ad
665 1288 873 1378 calcaneos;
895 1288 1027 1364 deiecit
1045 1289 1077 1362 oi
1095 1290 1250 1364 annulus
1269 1313 1377 1386 quom
1396 1313 1464 1386 pro
1488 1311 1532 1364 oo
1549 1290 1661 1364 habore

352 1440 426 1490 non
455 1415 570 1513 potui.
601 1415 665 1488 llis
683 1413 851 1512 peractis,
877 1415 1100 1510 portavimus
1129 1439 1212 1488 oum
1238 1439 1303 1513 por
1336 1416 1425 1490 duas
1453 1439 1609 1490 cameras
1635 1421 1662 1488 ol

352 1541 471 1616 aulam
490 1540 714 1638 pontificiam
730 1545 767 1613 et
784 1561 968 1615 cameram
984 1539 1165 1616 audientie
1190 1542 1236 1614 ad
1255 1541 1488 1640 papagallum
1510 1540 1567 1614 ubi
1581 1559 1662 1637 para-

351 1667 467 1740 vimus
485 1688 650 1740 meusam
666 1665 773 1740 unius
791 1689 906 1740 caune
924 1665 1116 1762 pulchram
1138 1671 1175 1739 ot
1189 1672 1399 1764 coopertam
1417 1668 1463 1741 do
1482 1667 1659 1740 cremosino

351 1796 388 1866 ol
405 1791 537 1866 deindo
558 1815 642 1866 cum
669 1790 822 1888 pulchro
840 1795 975 1887 tapeto,
1002 1798 1036 1864 ol
1053 1791 1263 1888 accepimus
1284 1797 1442 1888 quatuor
1458 1791 1612 1866 cussinos
1624 1791 1659 1862 do

350 1917 524 1992 bruccato
546 1921 581 1990 el
596 1939 707 1990 unum
733 1916 778 1988 do
797 1915 929 1990 velluto
954 1916 1160 1990 cremosino
1177 1939 1276 2005 roso,
1302 1922 1338 1988 ot
1354 1939 1467 1990 unum
1483 1917 1527 1989 do
1551 1914 1659 1988 rolloto

350 2043 555 2116 cremosino
573 2041 721 2138 antiquo
735 2041 952 2116 retinuimus
970 2063 1083 2114 unum
1102 2043 1146 2114 do
1165 2042 1337 2116 broccato
1357 2042 1457 2116 etde
1478 2040 1658 2114 cremosino

348 2191 430 2244 roso
445 2167 633 2264 antiquum
650 2167 838 2263 posuimus
856 2167 924 2240 sub
947 2167 1099 2263 spatulis
1121 2171 1230 2270 Papo,
1251 2173 1289 2242 ot
1308 2168 1381 2242 duo
1397 2167 1503 2265 juxta
1518 2171 1553 2240 ot
1568 2185 1658 2238 unum

348 2293 506 2391 desuper
521 2292 557 2366 in
571 2291 674 2368 initio
693 2292 760 2366 sub
778 2291 895 2389 capito
914 2295 1010 2389 Papo
1030 2297 1067 2366 ot
1081 2292 1237 2390 desuper
1256 2293 1429 2368 comalio
1450 2297 1568 2390 tapete
1584 2289 1658 2364 anti-

347 2441 420 2516 quo
437 2417 499 2500 ubi
517 2417 617 2498 stetit
635 2416 696 2491 illa
714 2425 822 2491 nocto
847 2440 931 2492 cum
955 2417 1096 2492 duobus
1114 2417 1315 2508 intortioiis,
1338 2425 1504 2498 otnomo
1522 2440 1597 2491 cum
1611 2437 1656 2500 oo,

343 2543 431 2618 licet
449 2544 583 2620 luerint
602 2543 720 2618 vocati
743 2543 1012 2640 prothonotarii
1035 2543 1081 2618 ad
1108 2543 1305 2620 dicendum
1331 2543 1498 2618 olliciom
1518 2546 1658 2616 mortuo-

346 2692 441 2742 rum.
462 2668 623 2766 Egoilla
647 2673 754 2742 nocte
777 2667 871 2740 rodii
895 2668 944 2741 'ad
963 2667 1099 2742 Urbem
1122 2673 1204 2765 post
1226 2668 1374 2743 tertiam
1395 2669 1524 2744 horam
1550 2664 1657 2750 noctis,

347 2794 548 2868 associatus
577 2794 623 2870 ab
641 2797 724 2868 octo
741 2793 787 2868 do
816 2793 983 2868 custodia
1000 2793 1136 2890 palatii,
1158 2799 1195 2868 et
1209 2795 1390 2883 mandavi,
1413 2793 1559 2870 nomine
1581 2790 1659 2864 rico-

350 2918 570 3002 cancollarii,
590 2918 719 2994 Carolo
739 2919 880 2994 cursori
898 2919 996 3016 quod
1010 2919 1160 2996 deberet
1179 2943 1262 2993 cum
1288 2919 1395 2994 sociis
1413 2920 1482 2994 sub
1499 2939 1586 3016 pena
1601 2913 1659 3012 prl-

351 3043 505 3120 valionis
522 3043 633 3118 officii
652 3043 822 3126 intimare
840 3043 906 3118 toti
927 3043 1024 3118 clero
1043 3045 1164 3134 Urbis,
1191 3045 1372 3144 religiosis
1387 3049 1425 3118 ot
1443 3041 1657 3128 secularibus,

352 3171 448 3268 quod
476 3193 555 3246 cras
588 3169 806 3250 duodecima
834 3169 940 3260 hora,
969 3176 1090 3246 essent
1116 3171 1153 3244 in
1182 3170 1315 3268 palatio
1348 3175 1445 3267 Papo
1475 3163 1660 3244 associaturi

351 3297 459 3370 sunus
486 3321 508 3370 a
534 3295 671 3394 capella
705 3295 837 3394 majori
868 3295 914 3369 ad
946 3295 1133 3372 basilicam
1167 3321 1198 3372 s.
1229 3296 1339 3370 Petri.
1375 3299 1509 3370 Parata
1529 3294 1660 3369 ‘luerunt

352 3421 513 3498 ducenta
530 3420 712 3494 intorticia
731 3443 799 3518 pro
818 3423 916 3520 Papa
933 3421 1160 3496 associando.

397 3551 438 3624 ln
456 3571 562 3622 mano
579 3546 756 3643 sequenti,
774 3553 815 3622 lu
828 3548 984 3645 augusti,
999 3547 1069 3621 leci
1085 3552 1235 3644 portare
1252 3547 1473 3622 catalectum
1483 3545 1519 3619 in
1534 3559 1660 3616 camora
1732 3589 1733 3616 i

352 3673 550 3772 Papagalli,
568 3677 605 3746 ot
620 3671 724 3769 posui
735 3671 913 3769 dosupor;
926 3672 1169 3748 subdiaconus
1182 3672 1248 3746 luit
1259 3677 1406 3770 paratus
1422 3696 1489 3769 pro
1504 3665 1660 3768 portanda
1732 3729 1733 3734 ,

350 3822 460 3872 cruce
478 3821 562 3872 cum
574 3821 639 3872 sua
653 3821 784 3896 coppa3
808 3797 872 3872 sed
886 3821 960 3872 uon
970 3798 1157 3895 potuimus
1174 3797 1313 3872 habero
1331 3821 1482 3872 crucem
1500 3791 1656 3894 papalem.

350 3922 442 3996 llino
460 3922 608 3999 luerunt
635 3924 752 3998 vocati
777 3923 940 3998 scutilori
967 3923 1172 4020 etquidem
1198 3923 1411 3998 cubicularii
1434 3923 1495 4020 qui
1518 3923 1658 4018 portave—

350 4055 434 4123 runt
452 4047 691 4146 quadraginta
708 4048 777 4122 tria
793 4048 987 4139 intorticia,
1009 4054 1045 4122 et
1061 4054 1218 4145 quatuor
1235 4048 1496 4146 ponitentiarii,
1518 4041 1659 4120 uidelicet

350 4173 542 4270 opiscopus
579 4173 904 4270 Milopotamensis,
940 4177 983 4248 D.
1024 4174 1194 4248 Claudius
1223 4174 1399 4264 Calaloni,
1434 4177 1478 4248 D.
1513 4169 1657 4246 Andreas

348 4298 497 4372 Frisnor
534 4305 569 4374 et
600 4299 785 4374 Aruoldus
815 4300 860 4374 de
893 4298 1072 4390 Bodiotto‚
1108 4299 1245 4374 ordinis
1276 4299 1481 4389 minorum;
1507 4303 1542 4372 ot
1569 4294 1656 4366 nocte

348 4422 515 4498 dixerunt
534 4423 695 4500 cilicium
713 4430 941 4498 mortuorum
964 4424 1133 4498 sedentes
1146 4424 1183 4498 in
1200 4425 1316 4522 gradu
1334 4424 1493 4499 louostro
1511 4425 1545 4495 ol
1561 4435 1656 4514 appo·
1732 4427 1733 4506 3

348 4553 499 4622 suerunt
516 4571 647 4624 manus
667 4547 712 4622 ad
730 4547 906 4634 teretrum
925 4551 1036 4645 Papo,
1057 4549 1154 4645 quod
1175 4555 1413 4646 portaverunt
1431 4548 1482 4622 illi
1498 4559 1655 4644 pauperos

347 4673 406 4770 qui
420 4672 556 4748 ibidem
568 4673 776 4762 adstabant,
795 4676 930 4769 Papam
949 4673 1125 4748 videntes.
1148 4674 1384 4748 Postmodum
1402 4670 1506 4770 posui
1523 4669 1558 4742 in
1575 4667 1656 4750 oola·

344 4796 438 4872 lecto
462 4805 712 4888 ,rnalarazzum
745 4795 968 4894 duplicatum
998 4787 1039 4872 ¹ot
1072 4798 1228 4896 dosupor
1260 4797 1456 4895 pulchrum
1490 4787 1654 4892 palliolum
1732 4859 1733 4904 3

344 4944 478 4996 novum
500 4923 545 4996 do
568 4921 790 4998 broccatello
809 4921 970 4996 violaceo
991 4922 1090 4996 claro
1113 4945 1195 4996 cum
1220 4922 1363 4996 duabus
1379 4917 1569 4996 telisnovis
1583 4927 1652 4984 com

345 5047 455 5119 armis
481 5051 576 5146 Papo
596 5045 806 5135 Alexandri,
835 5055 871 5121 ot
895 5047 1052 5146 desuper
1078 5051 1227 5145 Papam,
1255 5071 1350 5148 oum
1368 5046 1515 5144 antiquo
1532 5039 1649 5134 tapeto,
1732 5119 1733 5122 Ἴ

344 5169 489 5246 cossino
507 5171 656 5270 antiquo
680 5171 746 5246 sub
769 5171 919 5269 spatulis
938 5177 975 5248 el
995 5171 1136 5248 duobus
1155 5172 1199 5245 do
1232 5169 1405 5247 broccato
1431 5169 1495 5246 sub
1521 5161 1648 5260 capilo:
1732 5213 1733 5216 ,
