3590 6042
384 551 420 606 80
838 547 1013 607 JOHANNIS
1037 543 1258 616 BURCHARnt,
1461 547 1635 612 [septumum
1652 551 1709 614 rso]

385 708 481 775 retro
508 703 665 776 bancum
689 705 983 803 presbyterorum
1010 704 1259 794 cardinalium,
1287 700 1414 775 ordine
1443 697 1585 774 debito.
1615 703 1708 786 Quod

385 826 507 900 ridens
522 830 620 924 Papa
632 827 770 902 vocavit
785 851 843 904 me
860 836 896 904 et
911 829 1021 904 voluit
1042 830 1139 926 quod
1155 827 1238 904 novi
1258 825 1463 901 cardinales
1482 824 1652 899 venirent
1671 823 1707 898 ad

381 951 545 1026 osculum
567 952 684 1050 pedis,
707 977 835 1028 manus
857 962 893 1030 et
912 955 987 1029 oris
1011 954 1080 1028 sui.
1104 953 1185 1028 Dixi
1206 957 1303 1051 Pape
1325 952 1423 1049 quod
1449 972 1523 1024 non
1546 949 1709 1023 deberent

381 1077 502 1152 venire
525 1077 594 1150 nisi
617 1084 699 1175 post
721 1078 1008 1155 admonitionem
1028 1103 1093 1178 per
1115 1079 1350 1154 sanctitatem
1376 1099 1481 1150 suam
1497 1074 1552 1148 eis
1569 1073 1703 1158 laetam,

379 1209 483 1299 prout
499 1202 537 1275 in
552 1204 799 1278 ceremoniali.
823 1207 921 1304 Papa
937 1205 1126 1303 respondit
1149 1229 1208 1279 me
1230 1228 1304 1278 non
1324 1203 1416 1278 scire
1437 1200 1523 1299 quid
1541 1200 1704 1274 lacerem.

379 1328 561 1426 Replicavi
582 1351 642 1404 me
658 1329 751 1404 bene
767 1329 860 1405 seire
881 1336 918 1404 et
935 1331 1111 1406 hactenus
1128 1333 1221 1406 bene
1244 1330 1374 1406 lesisse
1402 1335 1438 1404 et
1463 1325 1654 1401 ordinasse
1676 1330 1704 1398 et

378 1475 452 1526 non
478 1477 560 1528 esse
589 1453 697 1530 aliter
725 1454 909 1553 agendum
932 1457 1035 1554 juxta
1061 1456 1227 1532 ordinem
1254 1454 1489 1544 Pontificum,
1513 1458 1553 1526 et
1577 1473 1702 1546 eaque

380 1577 558 1652 Sanctitas
572 1601 640 1652 sua
658 1579 696 1652 in
711 1579 769 1654 die
789 1579 958 1656 mercurii
980 1582 1145 1680 proxime
1159 1579 1333 1678 preterita
1345 1578 1435 1654 mihi
1455 1575 1703 1660 commisera13

380 1703 566 1802 subjunxit
589 1709 707 1803 Papo:
735 1737 752 1774 u
774 1707 826 1780 sic
847 1706 1035 1781 volumus!
1059 1735 1077 1774 a
1100 1705 1188 1781 Siloi
1209 1711 1245 1780 et
1263 1705 1527 1803 obtemperavi.
1555 1707 1704 1778 Fuerunt

379 1837 570 1930 propterea
595 1854 723 1906 omnes
743 1833 824 1905 novi
846 1831 1048 1906 cardinales
1069 1835 1205 1930 aPapa
1224 1831 1365 1929 accepti
1388 1830 1435 1904 ad
1454 1829 1623 1904 osculum
1642 1827 1703 1903 oris

379 1956 425 2030 ab
445 1957 611 2031 omnibus
632 1956 892 2047 cardinalibus,
916 1957 1197 2056 precedentibus
1217 1981 1281 2032 eos
1302 1955 1463 2031 Medicas
1484 1963 1522 2031 et
1541 1953 1702 2028 Farnesio

379 2081 439 2177 qui
468 2105 531 2156 eos
560 2081 671 2156 etiam
696 2081 824 2156 ultimo
850 2089 1091 2182 receperunt;
1119 2105 1247 2158 omnes
1267 2083 1350 2156 novi
1371 2081 1581 2157 cardinales
1607 2079 1701 2154 locati

381 2204 527 2280 luerunt
546 2207 584 2280 in
599 2206 715 2282 banco
731 2207 967 2283 diaconorum
983 2208 1236 2302 cardinalium,
1254 2207 1339 2305 quia
1358 2207 1499 2282 bannus
1523 2205 1700 2306 presbyte-

381 2354 504 2406 rorum
516 2332 659 2430 plenus,
677 2333 842 2410 videlieet
858 2341 940 2432 post
955 2334 1181 2424 Farnesium,
1199 2333 1428 2424 Mutinensis,
1444 2331 1581 2408 deinde
1597 2333 1701 2428 Capu-

381 2458 580 2555 taquensis,
597 2457 856 2550 Salernitanus‚
875 2459 1033 2556 Reginus
1049 2465 1085 2534 et
1101 2459 1228 2533 ultimo
1242 2457 1472 2534 Arboransis.

429 2583 568 2670 Quibus
591 2585 759 2659 omnibus
782 2609 865 2658 cum
888 2585 1046 2682 antiquis
1069 2585 1295 2676 sedentibus,
1316 2587 1357 2658 D.
1379 2581 1603 2682 Burgundus
1624 2603 1698 2678 pro·

378 2709 500 2806 posuit
521 2710 631 2784 aliam
654 2710 968 2802 commissionem;
994 2735 1066 2808 qua
1089 2711 1271 2808 expedita,
1298 2714 1469 2784 cantores
1490 2708 1698 2805 inceperunt.

378 2835 437 2925 Te,
462 2835 596 2926 Deum,
620 2835 821 2926 laudamus,
846 2842 884 2910 et
905 2859 1032 2910 omnes
1056 2836 1262 2910 cardinales
1285 2837 1534 2910 veneruntad
1559 2852 1695 2931 parram

377 2960 572 3056 capellam,
589 2961 748 3058 demptis
763 2961 923 3035 Medicas
935 2966 970 3034 et
984 2961 1158 3036 Farnesio
1174 2962 1236 3059 qui
1255 2967 1470 3036 manserunt
1490 2984 1576 3036 cum
1594 2963 1692 3054 Papa.
1768 2939 1769 3007 l

375 3084 463 3158 Novi
483 3084 633 3159 luerunt
651 3085 821 3160 associati
841 3088 887 3160 ab
905 3087 1043 3160 ultimis
1062 3112 1123 3162 sex
1141 3087 1383 3186 presbyteris,
1404 3087 1575 3162 videlicet
1592 3085 1696 3158 Arbo

373 3209 492 3282 rensis
510 3234 577 3307 per
596 3210 782 3302 Ursinum,
808 3212 967 3311 Reginus
987 3237 1053 3310 per
1072 3213 1374 3304 Alexandrinum,
1399 3213 1620 3286 Cusentinus
1636 3232 1692 3306 per

371 3358 399 3407 s.
422 3335 561 3427 Crucis,
584 3336 838 3412 Salernitanus
857 3363 924 3436 per
941 3341 1180 3430 Guroensem,
1206 3339 1495 3437 Caputaquensis
1516 3363 1584 3436 per
1601 3333 1692 3434 Agri·
1766 3407 1767 3426 ξ

369 3461 572 3558 gentinum,
602 3467 638 3536 et
666 3464 883 3538 Mutinensis
911 3489 977 3562 per
1005 3469 1241 3562 Capuanum3
1271 3470 1307 3539 et
1333 3464 1416 3538 noxi
1448 3460 1689 3539 veneruntad
1766 3437 1767 3481 l

367 3587 535 3662 dextram
558 3589 808 3686 antiquorum,
830 3591 929 3687 quod
948 3590 1014 3665 luit
1035 3593 1146 3682 bene;
1169 3594 1233 3666 sed
1251 3591 1376 3665 nescio
1395 3591 1424 3664 si
1447 3593 1543 3666 bene
1565 3587 1687 3664 luerint

367 3711 418 3783 sic
438 3713 615 3802 ordinati;
641 3737 721 3789 non·
738 3715 825 3811 quia
848 3715 958 3808 male,
980 3717 1043 3790 sed
1063 3741 1109 3790 an
1128 3717 1343 3792 Mutinensis
1366 3716 1518 3790 ultimus
1536 3717 1581 3789 de
1598 3711 1688 3788 noris

365 3858 439 3908 non
457 3837 611 3912 deberet
633 3863 714 3913 esse
740 3863 823 3913 cum
848 3841 993 3933 Ursino,
1015 3843 1303 3940 Caputaqnensis
1325 3867 1410 3918 enm
1431 3839 1683 3922 Alexandrino,

366 3959 621 4036 Salernitanus
646 3987 730 4037 cum
750 3988 779 4038 s.
804 3965 943 4055 Crucis,
964 3968 1181 4042 cusentinus
1204 3992 1288 4043 cum
1312 3971 1512 4057 Gurcense,
1538 3964 1684 4064 Reginus
1764 3939 1765 3955 ἵ

366 4105 449 4156 eum
477 4087 717 4185 Agrigentino
744 4095 780 4163 et
806 4091 1027 4164 Arborensis
1055 4117 1139 4167 cum
1167 4095 1362 4191 Capuano?
1390 4095 1445 4168 lta
1471 4093 1559 4189 quia
1585 4091 1679 4170 bene,
1763 4147 1764 4191 ,

363 4229 447 4280 cum
464 4217 574 4306 caput
592 4236 774 4288 novorum
793 4215 831 4288 in
850 4215 931 4288 aliis
949 4216 1079 4291 ultimo
1097 4217 1179 4292 loco
1200 4219 1362 4315 incipiat.

413 4336 452 4405 ln
469 4335 613 4431 capella
630 4363 743 4435 parva
760 4341 901 4438 antiqui
919 4340 1088 4416 lecerunt
1100 4343 1291 4433 circulum,
1306 4343 1410 4442 cujus
1429 4349 1540 4440 caput
1557 4335 1680 4435 incepit
1762 4345 1763 4427 t

362 4480 518 4532 acornu
536 4461 691 4559 epistole
709 4465 837 4538 altaris
857 4467 894 4538 in
912 4491 984 4564 quo
1003 4467 1104 4542 stelit
1120 4469 1382 4566 Neapolitanus
1400 4494 1407 4542 :
1429 4469 1512 4544 novi
1531 4469 1680 4566 prostra-
1761 4561 1762 4564 Ἴ

362 4590 493 4659 verunt
511 4611 549 4660 se
566 4611 632 4684 per
650 4592 807 4680 terram3
828 4591 1050 4665 Arborensis
1066 4617 1088 4666 a
1103 4616 1219 4666 cornu
1238 4593 1407 4690 predicti,
1428 4594 1474 4666 ad
1493 4593 1572 4690 ejus
1589 4587 1679 4662 sinis·
1761 4571 1762 4663 l

360 4713 457 4784 tram
476 4712 650 4809 Reginus,
671 4720 754 4810 post
772 4715 874 4788 illum
892 4718 1123 4806 Cusentinus,
1146 4718 1412 4810 salernitanus,
1437 4724 1677 4816 caputaquen-
1760 4743 1761 4778 r

360 4835 423 4925 sis,
455 4836 583 4910 ultimo
615 4839 841 4913 Mutinensia.
867 4841 985 4916 Finito
1014 4843 1062 4916 Te
1081 4843 1215 4936 Deum,
1240 4845 1503 4941 Neapolitanus
1531 4850 1626 4916 stans
1645 4833 1675 4907 iu

361 4957 443 5034 loco
461 4963 630 5057 predicto
647 4987 776 5036 versus
795 4971 1001 5061 prostratos
1021 4967 1110 5041 dixit
1130 4969 1239 5042 Pater
1254 4975 1417 5044 nosteret
1436 4971 1507 5043 alia
1526 4970 1628 5066 prout
1644 4962 1674 5034 in

362 5087 624 5178 ceremoniali3
656 5090 788 5186 quibus
821 5091 940 5183 dietis,
976 5117 1103 5168 omnes
1131 5095 1338 5170 cardinales
1368 5097 1507 5170 reuersi
1535 5085 1673 5168 suntad
1758 5173 1759 5194 Χ

360 5211 494 5305 Papam
518 5215 648 5288 eodem
674 5215 803 5290 ordine
827 5241 900 5314 quo
922 5202 1112 5311 uenerant,
1139 5225 1176 5295 et
1199 5221 1338 5318 antiqui
1362 5221 1565 5314 redierunt,
1589 5221 1674 5310 Papa
