3520 6036
112 595 227 676 [Octohre
240 605 310 674 aaut}
433 604 561 664 RERUM
585 601 811 660 URBANARUM
836 602 1095 662 COMMENTARII.
1382 604 1436 659 357

112 759 315 862 paramenti,
333 759 487 856 ingressi
503 761 737 832 accesserunt
751 779 834 830 cum
859 757 974 832 solitis
992 756 1216 846 reverentiis
1244 763 1281 831 et
1306 780 1435 830 manus

113 895 146 962 et
161 886 266 984 pedes
282 883 361 982 ejus
377 889 461 957 sunt
478 882 646 972 osculati,
667 904 734 979 per
753 881 1057 956 inadvertentiam
1075 905 1210 972 meum,
1242 882 1328 979 quia
1349 884 1436 956 satis

112 1011 230 1084 suisset
246 1009 290 1083 de
306 1007 411 1104 pede.
430 1010 470 1080 ln
486 1006 558 1112 fine
588 1005 768 1080 dederunt
786 1005 926 1080 litteras
945 1009 1040 1103 Pape
1061 1015 1097 1080 et
1118 1007 1285 1080 exierunt
1303 1006 1437 1080 consis-

114 1136 201 1211 torio
226 1142 262 1208 et
285 1137 462 1208 exeuntes
490 1155 617 1206 coram
641 1130 775 1206 taciem
799 1131 981 1228 pontificis
1004 1135 1087 1206 sunt
1109 1131 1302 1229 genuflexi,
1331 1137 1366 1205 et
1392 1131 1437 1205 ad

111 1283 229 1334 eorum
265 1258 448 1333 sinistram
478 1261 515 1330 et
546 1263 643 1332 retro
673 1279 736 1329 eos
768 1256 917 1330 circiter
950 1256 1075 1353 viginti
1107 1257 1242 1332 milites
1272 1262 1310 1332 et
1335 1257 1437 1355 prior
1544 1247 1550 1260 '

113 1385 209 1460 Urbis
231 1389 268 1459 et
287 1383 390 1481 prior
417 1381 649 1456 Lombardie.
675 1385 772 1456 luter
799 1381 960 1479 prelatos
983 1387 1149 1458 oratores
1173 1383 1322 1458 suerunt
1340 1381 1436 1480 epis-

112 1534 217 1607 oopus
238 1507 478 1599 Redonensis,
497 1513 621 1601 orator
644 1507 752 1604 Regis
768 1507 937 1596 Francie;
962 1509 1154 1607 episcopus
1173 1507 1433 1606 vigorniensis

112 1643 228 1708 orator
249 1633 345 1731 regis
359 1633 501 1732 Anglie,
519 1637 559 1707 et
582 1631 882 1728 prothonotarius
901 1637 1026 1706 orator
1042 1634 1146 1707 ducis
1165 1633 1341 1708 Ferraria.
1364 1633 1436 1706 lllis

109 1759 318 1858 genuflexio,
344 1763 388 1832 D.
411 1757 664 1854 Sigismundus
693 1757 910 1839 secretarius
938 1765 1037 1832 stans
1064 1758 1110 1832 ad
1133 1759 1317 1834 sinistram
1339 1761 1437 1856 Pape

108 1885 189 1984 legit
223 1885 363 1958 litteras
393 1883 557 1958 missivas
592 1905 657 1980 per
690 1889 871 1956 oratores.
891 1885 987 1980 Pape
1016 1889 1257 1981 presentatus,
1284 1885 1437 1983 scriptas

108 2009 300 2099 tronione,
321 2013 366 2082 18
376 2008 458 2106 julii
476 2007 641 2105 proxime
658 2007 825 2104 preteriti
844 2031 912 2104 per
932 2011 975 2082 o.
997 2009 1205 2086 Emoricum
1223 2011 1268 2084 de
1285 2011 1439 2084 Ambas-

107 2136 169 2224 eia,
191 2133 308 2208 Rhodi
332 2133 559 2230 magistrum,
583 2133 621 2205 in
646 2133 777 2230 quibus
802 2133 979 2207 nominati
1007 2134 1152 2210 luerunt
1172 2136 1283 2211 trater
1308 2139 1439 2210 Beren-

107 2259 238 2359 garius,
266 2259 377 2333 trater
406 2259 630 2356 lanequinus
657 2258 810 2349 Rucelli,
841 2265 1036 2356 preceptor
1063 2262 1194 2334 Montis
1227 2261 1434 2353 Tusculani,

107 2385 215 2460 trater
236 2384 416 2460 Martinus
444 2385 576 2458 Dausie
601 2389 794 2481 preceptor
816 2383 860 2457 de
879 2385 999 2460 Villiel
1023 2386 1237 2462 castellania
1265 2391 1436 2484 Emposte

106 2517 140 2584 ot
160 2510 377 2584 Francisous
399 2509 444 2584 de
463 2509 624 2598 Burdon‚
645 2509 874 2583 decretorum
896 2511 1026 2585 doctor
1048 2511 1110 2608 qui
1130 2512 1216 2586 lecit
1235 2512 1436 2586 orationem

106 2635 210 2708 nimis
226 2635 391 2733 longam,
411 2641 448 2710 et
462 2639 562 2732 Papa
581 2633 739 2709 breviter
762 2643 798 2707 et
820 2636 955 2732 optime
976 2637 1043 2709 sibi
1066 2637 1253 2735 respondit
1276 2636 1323 2737 (t)
1340 2661 1347 2710 :
1363 2660 1436 2712 non

105 2761 306 2858 acceptavit
332 2761 387 2834 in.
403 2761 640 2858 responsione
660 2759 737 2834 fsua
765 2761 1010 2836 obedientiam
1033 2787 1099 2860 per
1132 2764 1214 2838 illos
1243 2763 1433 2862 prestitam

107 2886 190 2982 quia
207 2910 253 2960 ex
277 2910 316 2960 se
341 2885 544 2960 debebatur
566 2885 612 2976 ei,
633 2891 668 2960 et
691 2885 741 2960 ita
761 2886 841 2960 heri
862 2887 1023 2964 dixeram
1049 2889 1236 2964 Sauctitati
1258 2912 1321 2964 sue
1341 2888 1437 2986 quod

106 2989 256 3086 laceret.
282 3015 453 3086 Oratores
468 3011 657 3086 redierunt
690 3013 736 3085 ad
763 3016 899 3110 Papam
928 3038 1012 3088 cum
1045 3039 1171 3091 eorum
1202 3015 1436 3110 familiaque

105 3139 218 3234 pedes
238 3142 335 3236 Pape
353 3146 408 3211 est
426 3137 602 3212 osculata.

153 3262 327 3353 Sabbata
351 3267 394 3336 19
410 3263 582 3352 octobris
597 3263 789 3362 episcopus
801 3265 1039 3356 Tusculanus,
1052 3265 1206 3341 vicarius
1222 3269 1333 3365 Pape,
1346 3265 1439 3342 cele-

106 3387 216 3462 brauit
230 3387 381 3461 missam
393 3411 495 3462 suem
504 3388 688 3486 publicam
700 3389 952 3465 detunctorum
965 3391 1200 3466 anniversarii
1208 3417 1300 3490 pape
1312 3393 1364 3467 Pii
1373 3397 1434 3484 ΙΙΙ,

106 3515 162 3587 cui
177 3518 279 3611 Papa
296 3513 459 3589 interfuit
480 3514 516 3586 iu
533 3514 677 3612 pluviali
706 3515 820 3590 rubeo
846 3522 882 3590 et
905 3517 986 3590 aliis
1010 3519 1232 3616 paramentis
1253 3519 1368 3593 solitis
1398 3509 1436 3592 et

106 3646 186 3736 post
209 3637 359 3712 missam
380 3638 532 3712 absolvit
559 3665 567 3712 ε
596 3639 837 3716 interfuerunt
861 3641 989 3716 decem
1015 3647 1052 3716 et
1077 3647 1217 3742 septem
1234 3642 1437 3717 cardinales

105 3763 274 3838 videlicet
290 3763 561 3861 Neapolitanae,
581 3789 609 3838 s.
633 3765 1111 3860 Praxediartlexandrinus,
1132 3767 1438 3864 s.C1·ucis,Agri-

106 3889 288 3985 gentinuS,
307 3890 513 3982 GrimanuS,
538 3890 739 3988 Regiensis,
766 3892 996 3983 Guseutinus,
1025 3893 1288 3985 salernitanus,
1319 3899 1439 3968 Bono·

105 4014 253 4105 niensis,
273 4015 550 4108 Volaterranos,
574 4016 620 4091 de
641 4017 773 4108 Flisco,
797 4019 991 4111 Adrianus,
1015 4044 1045 4094 s.
1071 4019 1169 4094 Petri
1196 4021 1241 4095 ad
1265 4020 1435 4112 Vincula,

105 4141 278 4230 lledices,
295 4142 479 4239 dragonis
495 4150 530 4216 et
546 4142 725 4217 Einensis.

153 4265 357 4358 Dominim,
393 4271 438 4340 20
464 4267 635 4358 octobris,
662 4268 773 4356 trater
800 4272 997 4347 Zacoharia
1019 4273 1063 4346 de
1091 4277 1222 4365 Saeua,
1253 4269 1437 4371 protessus

106 4392 242 4466 ordinis
268 4391 537 4466 Heremitarum
558 4417 587 4466 s.
613 4394 817 4493 Augustini,
837 4397 990 4472 sacrista
1008 4400 1145 4497 capelle
1171 4401 1232 4474 SS.
1261 4400 1303 4470 D.
1322 4396 1435 4470 nostri

105 4527 188 4591 aute
204 4517 296 4592 duos
312 4541 458 4593 menses
474 4519 529 4592 vel
544 4517 644 4593 circo
659 4520 851 4618 deputatus
862 4546 927 4619 pro
939 4527 1049 4621 Papo,
1061 4525 1158 4599 diem
1175 4523 1305 4598 clausit
1320 4527 1437 4596 extre-

106 4641 1269 4747 mum;etiusero‚cardinalisGurgensisexlegutionenlemanio
1280 4647 1440 4737 rediens,

105 4767 201 4841 venit
214 4767 260 4841 ad
275 4767 466 4866 Populum,
477 4768 537 4844 ubi
551 4769 764 4866 permansit,
786 4793 870 4844 cum
886 4781 982 4846 esset
998 4775 1159 4872 inpratis
1176 4779 1278 4847 extra
1291 4778 1441 4870 pontem

106 4893 290 4986 llitvium;
311 4897 410 4992 Papa
425 4895 591 4992 equitans
607 4895 654 4969 ad
666 4895 838 4970 solatium
852 4899 1011 4972 occurrit
1024 4899 1200 4998 Gurgensi
1217 4898 1437 4996 supradicto.

107 5019 237 5094 Nescio
254 5019 285 5093 si
305 5021 502 5116 Gurgensis
518 5021 706 5097 descendit
727 5047 771 5097 ex
796 5047 889 5121 equo
919 5025 992 5100 sive
1018 5048 1104 5099 non.
1133 5029 1244 5121 Papo,
1274 5023 1440 5121 sequenti

143 5208 168 5264 t.
191 5229 205 5259 u
270 5213 360 5266 orator
371 5207 458 5269 oravit
471 5205 582 5285 longam
604 5209 760 5282 orationem,
776 5209 819 5269 oui
843 5212 917 5288 Papa
936 5211 1077 5288 respondit
1095 5219 1167 5272 reete
1190 5213 1289 5271 secisse
1309 5211 1437 5270 dilectum

108 5297 192 5353 titium
206 5299 367 5373 magistrum
381 5300 562 5358 Rhodiorum.
577 5323 591 5352 o
608 5301 641 5359 P.
657 5301 689 5358 de
706 5303 824 5374 Grossis,
839 5304 858 5362 f.
871 5305 916 5374 51,
930 5323 956 5360 v.
