3520 6036
372 628 425 684 396
827 620 1002 678 JOHANNIS
1030 621 1253 691 abacelam,
1514 627 1694 694 [turlecuso]

421 781 563 869 Martis,
585 785 605 852 8
621 779 714 876 julii,
728 799 796 874 per
813 781 919 872 prata
936 782 972 848 et
984 781 1129 870 portam
1144 775 1328 866 viridarii,
1349 778 1450 850 circa
1465 773 1596 851 horam
1612 779 1696 875 viga-

374 911 504 983 simam
532 905 703 1002 primam,
724 901 870 974 intravit
896 901 1030 974 Urbem
1053 905 1096 974 D.
1118 899 1328 974 Dominicos
1344 900 1510 991 Pisanus
1533 903 1693 1000 patricius

372 1037 546 1118 Venetus,
566 1033 690 1103 orator
706 1029 944 1114 Venetorum,
959 1029 1129 1122 receptus
1148 1046 1170 1096 a
1187 1023 1333 1098 familiis
1357 1029 1452 1122 Papa
1479 1031 1516 1099 et
1541 1027 1692 1102 cardina-

373 1157 475 1244 lium,
496 1159 623 1227 contra
637 1151 753 1224 bonos
771 1171 906 1237 mores,
926 1151 1050 1222 tamen
1068 1146 1152 1245 quia
1171 1147 1268 1221 istud
1297 1147 1364 1222 fuit
1383 1148 1425 1221 'in
1455 1150 1579 1224 multis
1601 1153 1693 1224 annis

373 1278 533 1352 indebite
552 1275 800 1362 observatum
822 1277 905 1371 post
922 1271 1076 1346 familias
1099 1275 1196 1368 Pape
1219 1277 1398 1347 venerunt
1413 1271 1487 1346 dux
1518 1275 1641 1348 Urbini
1664 1285 1693 1348 et

372 1403 555 1502 prefectus
589 1400 623 1475 ei
642 1399 805 1500 obviam,
822 1397 917 1471 inter
939 1421 1031 1492 quos
1053 1397 1241 1494 posuimus
1269 1402 1453 1472 oratorem
1478 1399 1651 1488 medium,
1676 1425 1694 1472 a

373 1527 507 1602 dextris
533 1525 733 1599 habentem
758 1522 889 1598 ducem
915 1521 1050 1609 Urbini,
1079 1544 1101 1595 a
1129 1521 1282 1596 sinistris
1302 1522 1518 1620 prefectum.
1546 1525 1692 1598 Primum

374 1652 493 1725 fuerat
506 1650 602 1723 inter
616 1649 901 1745 gubernatorem
917 1647 1087 1722 adextris
1103 1653 1139 1720 et
1156 1646 1692 1746 archiepiscopumdeNicolints

374 1799 396 1850 a
413 1773 584 1865 sinistris3
603 1773 803 1847 associatus
821 1771 1019 1868 fultusque
1035 1772 1080 1846 ad
1099 1773 1247 1846 domum
1270 1773 1364 1848 bone
1390 1774 1568 1848 memorie
1588 1774 1692 1847 cardi-

374 1897 772 1997 nalisCaputaquensiS,
790 1895 915 1993 inqua
941 1896 1009 1970 fuit
1032 1897 1250 1994 hospitatos.
1277 1903 1408 1996 Magna
1435 1899 1504 1973 fuit
1529 1900 1639 1998 pridie
1660 1905 1692 1974 et

374 2025 455 2099 heri
470 2047 580 2121 super
590 2023 700 2120 hujus
719 2021 874 2096 oratoris
888 2022 1100 2118 receptione
1110 2022 1322 2120 disputatio,
1334 2047 1421 2097 nam
1437 2027 1500 2100 SS.
1515 2030 1556 2099 D.
1568 2033 1688 2115 noster,

376 2146 562 2221 intellecta
585 2146 682 2218 bona
712 2143 945 2218 ordinatione
972 2150 1008 2218 et
1031 2145 1297 2220 consuetudins
1328 2147 1426 2242 quod
1450 2154 1609 2222 oratores
1627 2171 1690 2222 nou

375 2272 560 2346 venientes
577 2293 640 2368 pro
658 2269 867 2344 obedientia
885 2269 1092 2366 prestanda,
1112 2269 1169 2344 vel
1189 2270 1354 2344 videlicet
1378 2295 1446 2368 pro
1469 2273 1565 2347 bono
1590 2275 1689 2370 reipu-

376 2397 469 2471 blice
490 2395 703 2485 christiane,
732 2418 807 2468 nou
834 2393 990 2468 debeant
1009 2417 1075 2492 per
1097 2394 1253 2470 familias
1279 2398 1377 2492 Pape
1404 2401 1441 2470 et
1470 2397 1690 2472 cardinalium

377 2521 504 2618 recipi,
536 2519 671 2594 mansit
697 2517 826 2592 firmus
850 2520 948 2616 quod
978 2518 1036 2592 isti
1062 2543 1137 2594 non
1163 2520 1419 2617 reciperentur
1455 2545 1522 2619 per
1552 2521 1691 2595 familias

375 2644 604 2744 hujusmodi,
624 2645 773 2718 tandem
788 2644 904 2719 victus
921 2644 1218 2741 persuasionibus
1236 2645 1340 2719 ducis
1360 2645 1501 2734 Urbini,
1523 2646 1692 2720 thesaura-

377 2771 434 2862 rii,
452 2769 616 2868 magistri
632 2769 759 2843 domus
776 2775 812 2844 et
829 2769 984 2844 aliorum
1002 2768 1247 2844 asserentium
1267 2769 1363 2844 iuter
1379 2770 1451 2844 alia
1474 2771 1583 2846 etiam
1599 2793 1691 2868 posse
1753 2865 1754 2868 Ἴ

378 2897 506 2970 obesse
526 2893 700 2969 cardinali
718 2919 734 2967 s
772 2893 866 2968 Petri
894 2893 939 2968 ad
958 2893 1113 2970 Vincula
1129 2894 1323 2991 quominus
1345 2902 1600 2992 assequeretur
1618 2917 1691 2990 pos·

378 3019 578 3094 sessionem
593 3018 748 3092 ecclesie
766 3019 1036 3110 Cremonensis,
1057 3019 1242 3094 mandavit
1255 3020 1353 3116 quod
1372 3019 1508 3095 familie
1525 3020 1692 3093 mitteren-

374 3154 451 3234 tur;
468 3148 505 3218 et
519 3143 609 3217 dixit
627 3144 664 3216 in
679 3144 796 3242 primo
822 3144 1039 3220 consistorio
1056 3169 1095 3218 se
1110 3144 1201 3218 velle
1220 3144 1394 3220 ordinare
1409 3146 1511 3242 quod
1535 3145 1691 3240 deinceps

372 3293 446 3343 non
458 3270 667 3344 mitteretur
681 3269 823 3344 obviam
840 3270 1011 3366 cuiquam
1029 3271 1099 3344 nisi
1123 3293 1189 3368 pro
1207 3271 1417 3346 obedientia
1445 3271 1502 3345 vel
1522 3271 1613 3345 bono
1635 3293 1691 3366 pu·
1752 3365 1753 3370 Ἰ

373 3393 469 3469 blico
484 3395 654 3469 venienti.
1752 3395 1753 3422 ³

417 3523 457 3594 ln
472 3525 580 3594 nocte
593 3519 872 3618 sequentidiem
887 3519 972 3594 lune
1001 3525 1042 3593 td
1062 3521 1159 3620 julii,
1188 3521 1284 3595 inter
1304 3523 1396 3596 duos
1416 3522 1542 3619 pulsos
1558 3522 1688 3596 matuti-

371 3668 502 3720 norum
520 3645 678 3735 Araceli,
699 3644 858 3720 furatum
892 3645 957 3718 fuit
973 3645 1063 3720 mihi
1091 3647 1307 3720 mantellum
1331 3671 1415 3721 cum
1434 3646 1627 3746 cappuccio
1650 3645 1686 3718 de

373 3771 493 3867 sargia
511 3771 636 3844 celesti
652 3775 688 3846 et
704 3771 778 3845 duo
793 3769 992 3844 mantelleti
1011 3773 1048 3844 et
1064 3769 1242 3868 diploides
1260 3795 1326 3869 per
1344 3772 1554 3848 fenestram.

418 3894 605 3984 Mercurii,
628 3899 671 3968 16
695 3894 789 3992 julii,
809 3901 891 3970 ante
913 3895 1118 3992 prandium,
1146 3897 1370 3994 decapitatus
1386 3897 1453 3974 fuit
1472 3899 1510 3971 in
1529 3896 1688 3995 Capitolio

370 4019 544 4116 magister
561 4018 605 4092 de
618 4022 777 4094 Persona
794 4019 855 4118 (t),
871 4019 959 4094 civis
978 4024 1174 4104 Romanus,
1195 4023 1293 4096 circa
1307 4021 1454 4120 triginta
1468 4045 1582 4097 annos
1597 4043 1689 4096 cons·

372 4143 511 4234 titulus,
530 4143 710 4220 medicine
726 4146 868 4235 doctor,
889 4145 1053 4220 modicus
1067 4146 1260 4221 cardinalis
1275 4147 1506 4238 Salernitani,
1527 4148 1586 4244 qui
1602 4169 1689 4242 supe

374 4268 464 4341 riori
481 4292 576 4344 anno
595 4293 703 4344 unam
723 4275 871 4368 neptem
898 4295 1014 4361 suam,
1035 4271 1162 4345 fratris
1187 4271 1348 4346 defuncti
1366 4272 1492 4363 filiam,
1516 4271 1690 4347 carnaliter
1750 4317 1751 4358 3

376 4418 442 4491 per
470 4416 555 4469 eum
583 4401 784 4492 stupratam
813 4401 850 4469 et
876 4397 969 4471 forte
996 4395 1275 4494 impregnatam,
1304 4419 1443 4472 veneno
1468 4397 1642 4472 interfecit
1659 4399 1688 4466 et

376 4542 486 4615 super
503 4518 611 4592 aliam
637 4525 783 4616 neptem
800 4520 931 4618 prioris
956 4521 1090 4594 sororis
1117 4521 1225 4596 etiam
1252 4521 1450 4594 carnaliter
1477 4521 1644 4618 stupravit
1660 4523 1687 4589 et

372 4643 504 4716 deinde
528 4644 768 4740 strangulavit
792 4649 829 4718 et
850 4645 890 4718 in
916 4646 1028 4718 linteo
1053 4646 1251 4736 conditam,
1281 4669 1324 4721 ac
1349 4646 1378 4718 si
1411 4671 1456 4719 ex
1482 4653 1583 4744 peste
1610 4647 1687 4718 esset

373 4764 557 4855 defuncta,
575 4765 751 4840 sacchinis
769 4767 994 4864 consignavit
1012 4768 1058 4841 ad
1085 4767 1300 4864 portandam
1328 4769 1373 4842 ad
1395 4771 1570 4866 Campum
1593 4771 1686 4841 Sanc-

373 4895 463 4962 tum.
479 4891 615 4964 lndicio
630 4892 695 4966 Dei
711 4897 898 4988 portantes
918 4893 1100 4967 solverunt
1112 4901 1146 4966 et
1157 4901 1403 4990 cognoverunt
1415 4918 1497 4968 eam
1513 4891 1688 4989 strangula-

373 5021 448 5088 tam
486 5021 522 5089 et
552 5017 788 5112 propalarunt
819 5041 910 5093 rem.
944 5023 1077 5115 Captus
1109 5025 1164 5092 est
1196 5017 1410 5093 malefactor
1442 5029 1478 5092 et
1510 5017 1687 5116 precedens

413 5291 439 5346 l.
459 5290 529 5364 Voy.
547 5293 667 5350 Marini:
684 5294 729 5350 ars
743 5295 878 5351 archiatri
886 5297 976 5363 rona,
992 5301 1012 5351 t.
1030 5295 1051 5364 l,
1066 5295 1200 5368 p.'269at
1214 5295 1284 5356 suiv.
