3502 6036
105 557 209 625 [lauder
221 555 290 616 1812]
419 553 547 612 RERUM
571 553 797 613 URBANARUM
822 555 1084 614 COMMENTARII.
1368 560 1420 614 189

145 715 272 808 Nuper,
291 712 487 804 antequam
510 707 706 782 cardinalis
725 709 885 784 Estensis
902 733 985 783 cum
1003 708 1173 783 comitiva
1192 733 1258 781 sua
1277 707 1416 780 'veniret

104 836 141 910 ad
158 835 299 924 Urbem,
322 835 385 907 SS.
408 837 449 906 b.
469 838 595 906 noster
611 834 734 907 volens
751 833 845 925 illos,
864 834 1025 931 quicum
1043 856 1087 908 eu
1104 837 1228 930 preter
1240 833 1417 906 familiam

103 983 191 1034 suam
208 959 254 1034 ad
273 959 407 1034 Urbem
424 957 618 1032 veniebant
635 963 769 1033 etcum
785 959 934 1033 domina
952 958 1120 1032 Lucretia
1140 963 1259 1048 erant,
1281 959 1415 1030 Ferra-

101 1086 181 1158 riam
193 1084 292 1173 ituri,
307 1082 511 1156 liberaliter
522 1083 722 1170 bonorare,
737 1082 921 1157 distribuit
932 1105 1109 1181 personas
1119 1081 1340 1157 venientium
1355 1082 1421 1155 bu·

99 1209 242 1307 jusmodi
261 1232 345 1281 cum
364 1211 494 1282 eorum
513 1208 728 1303 equitaturis
747 1231 814 1304 per
832 1209 961 1282 domos
979 1208 1219 1282 curialiumet
1234 1208 1420 1305 deputavit

102 1335 237 1408 cuilibet
251 1333 389 1407 clerico
411 1355 557 1406 camere
582 1333 775 1407 duodecim
793 1357 969 1430 personas
989 1357 1071 1406 cum
1090 1332 1282 1407 duodecim
1302 1333 1417 1429 equis,
1440 1425 1442 1431 Ι

102 1459 241 1533 totidem
260 1459 405 1533 clericis
422 1458 567 1555 collegii
585 1463 621 1532 et
644 1458 723 1532 aliis
741 1457 958 1533 officialibus
975 1463 1098 1532 certos
1117 1458 1254 1556 plures,
1277 1463 1418 1531 tantum

102 1583 153 1656 uui
166 1607 273 1680 quam
285 1582 410 1671 olteri;
426 1587 462 1656 et
479 1582 629 1680 quilibet
646 1582 859 1656 babuitsuis
874 1583 1033 1680 propriis
1046 1557 1419 1678 expensisdeputatos

101 1707 158 1781 sibi
175 1707 291 1798 alere,
307 1708 443 1804 absque
464 1730 506 1780 eo
521 1707 619 1802 quod
637 1710 735 1804 Papa
750 1707 804 1779 vel
824 1729 973 1780 camera
991 1706 1193 1804 apostolica
1207 1730 1276 1803 pro
1296 1730 1419 1802 perso-

100 1833 146 1905 nis
159 1832 213 1908 vel
232 1831 450 1906 animalibus
467 1830 504 1903 in
523 1831 644 1927 aliquo
662 1831 730 1904 sibi
746 1831 981 1905 subvenirent
1000 1829 1060 1929 (1).
1082 1834 1258 1905 Pretereo
1275 1831 1413 1905 dictum

101 1957 156 2030 tuit
174 1959 237 2032 SS.
260 1961 302 2030 b.
323 1961 490 2029 nostrum
511 1979 731 2054 prorogasse
753 1956 922 2030 Ferraria
943 1955 1219 2052 carnisprivium
1237 1979 1351 2052 usque
1374 1956 1420 2029 ad

101 2081 310 2156 dominicam
338 2080 480 2170 Letoce,
518 2085 689 2177 quartam
719 2081 1002 2180 quadragesime
1035 2105 1102 2178 pro
1133 2080 1204 2155 boc
1233 2105 1342 2170 anno,
1370 2081 1422 2155 ita

101 2207 188 2302 quud
211 2206 351 2304 possint
372 2205 520 2279 interim
546 2205 644 2280 licite
670 2229 801 2280 carnes
824 2209 1033 2296 comedere,
1058 2213 1094 2281 et
1113 2211 1265 2304 propter
1292 2209 1424 2281 adven-

102 2334 170 2402 tum
186 2329 332 2404 domine
351 2329 517 2402 Lucretio
536 2329 629 2403 festa
642 2329 765 2403 lacere
785 2334 821 2404 et
837 2332 1010 2428 gaudere.

142 2455 247 2528 Faria
264 2455 439 2544 secunda,
461 2458 507 2526 rt
525 2454 610 2528 dicti
635 2455 769 2529 mensis
785 2455 961 2553 januarii,
992 2455 1058 2528 soit
1086 2456 1344 2530 consistorium
1367 2479 1423 2530 se·
1537 2541 1539 2547 ,

103 2584 235 2654 cretum
256 2580 293 2653 in
312 2604 384 2675 quo
407 2583 532 2653 Rmus.
556 2582 599 2652 D.
622 2580 820 2654 cardinalis
844 2580 1122 2677 Ulissiponensis
1145 2585 1181 2655 et
1203 2586 1423 2678 procurator

104 2703 187 2776 llmi.
208 2707 251 2777 b.
270 2703 468 2777 cardinalis
491 2729 520 2776 s
545 2703 642 2778 Petri
667 2705 712 2778 ad
734 2704 903 2794 Vincula,
933 2705 1101 2802 perpetui
1121 2705 1422 2780 commendatarii

104 2850 160 2899 seu
176 2827 481 2902 administratoris
504 2828 658 2902 ecclesie
675 2829 927 2919 Bononiensis,
949 2829 1096 2903 nomine
1115 2831 1278 2927 ejusdem
1302 2830 1423 2905 cardi-

103 2951 184 3024 nalis
202 2955 238 3028 s.
268 2952 367 3026 Petri
396 2953 442 3026 ad
470 2953 637 3041 Vincula,
669 2953 778 3027 cessit
805 2955 1021 3028 commende
1051 2960 1087 3029 et
1112 2955 1420 3030 administrationi
1460 2937 1463 2944 ¹

105 3075 255 3171 predicte
273 3076 445 3164 ecclesie;
465 3101 575 3173 qnam
598 3077 802 3152 cessionem
826 3081 889 3152 SS.
916 3083 960 3152 D.
981 3085 1108 3154 noster
1127 3059 1274 3154 admisit
1291 3085 1327 3154 et
1346 3079 1421 3154 dis-

105 3201 308 3276 membravit
330 3201 403 3276 duo
430 3208 563 3292 castra,
597 3202 768 3278 videlicet
789 3206 946 3278 Centum
971 3204 1015 3303 (2)
1040 3209 1076 3279 et
1099 3208 1267 3284 Castrum
1288 3205 1420 3295 Plebis,

106 3324 144 3396 de
159 3348 282 3399 mensa
294 3325 491 3422 episcopali
510 3325 749 3400 Bononiensis
761 3327 965 3417 existentia,
989 3327 1058 3401 sita
1076 3327 1113 3402 in
1131 3329 1333 3402 confinibus
1351 3334 1424 3402 ter-

106 3449 211 3524 ritorii
239 3450 341 3525 ducis
367 3452 538 3525 Ferraria
564 3457 601 3526 et
628 3476 672 3525 ea
699 3452 844 3526 donavit
867 3453 950 3526 duci
981 3452 1209 3526 Ferrariensi
1236 3476 1304 3550 pro
1332 3453 1418 3527 dote

107 3572 201 3647 etiam
218 3576 426 3672 supradicte
449 3576 595 3650 domine
618 3577 799 3666 Lucretia,
825 3577 957 3650 deinde
976 3577 1129 3674 prefecit
1151 3580 1194 3649 D.
1211 3577 1415 3650 lobaunem

108 3699 332 3795 Stephanum,
355 3700 468 3774 tilium
486 3701 707 3776 thesaurarii
724 3702 822 3799 regis
844 3702 1009 3790 Francia,
1031 3701 1238 3792 Mediolani,
1259 3701 1414 3776 ecclesie

110 3825 324 3916 bononiensi,
345 3849 448 3900 more
467 3827 587 3901 solito.

146 3951 181 4021 ln
196 3949 325 4023 eodem
347 3951 457 4024 ctiam
476 3951 707 4041 consistorio,
729 3955 852 4025 Rmus.
881 3955 922 4058 ll.
949 3952 1106 4044 Felinus,
1133 3953 1325 4051 episcopus
1350 3955 1418 4027 Lu-

109 4091 216 4164 canus,
236 4073 345 4148 cessit
361 4071 666 4150 administrationi
689 4077 928 4152 ecclesiarum
952 4079 1149 4154 Pennensis
1172 4082 1208 4152 et
1228 4078 1418 4154 Adriensis

108 4198 222 4292 quibus
241 4201 425 4298 prefectus
443 4199 549 4276 estin
571 4201 785 4298 episcopum
807 4204 849 4276 D.
876 4201 1056 4292 Nicolaus,
1083 4203 1294 4300 capellanus
1317 4203 1412 4276 Rmi.

110 4322 143 4392 b.
160 4325 353 4400 cardinalis
370 4325 542 4400 Estensis.

146 4449 275 4523 ltadem
293 4449 365 4540 die,
386 4474 483 4541 sero,
508 4450 680 4528 rediitad
704 4451 839 4526 Urbem
860 4455 984 4526 Rmus.
1006 4455 1048 4526 [t.
1068 4451 1264 4528 cardinalis
1279 4456 1415 4525 Cusen⁴

139 4686 159 4742 l·
178 4713 191 4741 u
253 4690 322 4747 Cum
336 4691 397 4764 ejus
417 4688 455 4748 rei
469 4707 553 4748 causa
567 4691 603 4764 (le
618 4690 738 4766 mariage
752 4689 919 4765 d'Alpbonse
933 4708 999 4748 arec
1013 4691 1142 4762 Lucrece)
1157 4693 1271 4750 Romam
1293 4688 1415 4748 venisset

108 4769 247 4850 Hippolitus
261 4779 406 4837 cardinalis
417 4778 526 4837 Sancta
541 4779 634 4837 Maria
647 4780 675 4836 in
690 4778 769 4839 Silice
788 4798 850 4836 cum
866 4780 975 4837 duobus
989 4778 1050 4837 aliis
1066 4780 1124 4837 suis
1136 4780 1273 4855 germanis
1287 4778 1414 4848 batibus,

108 4867 130 4920 u
141 4883 231 4942 magno
244 4876 374 4944 praterea
388 4869 521 4926 nobilium
535 4869 674 4940 comitatu,
686 4887 755 4944 quos
765 4867 928 4939 Alexander,
939 4887 974 4926 ne
984 4877 1124 4944 sumptum
1139 4869 1249 4940 laceret,
1259 4885 1307 4943 per
1321 4867 1418 4923 domos

107 4949 285 5032 Episcoporum
304 4958 507 5032 curialiumque
526 4957 679 5028 distribuit,
695 4966 772 5016 tanto
799 4957 944 5016 Curiatium
966 4958 1087 5032 ipsorum
1105 4959 1285 5029 incommodo,
1300 4958 1414 5015 utetiam

107 5037 170 5112 ipsus
183 5047 357 5106 terrarieuses
372 5049 445 5106 viros
460 5048 566 5105 nobiles
582 5049 642 5124 ejus
660 5049 699 5105 rei
714 5047 842 5124 puderet3
859 5045 991 5120 multique
1010 5048 1044 5103 ad
1064 5048 1202 5105 meritoria
1217 5055 1315 5124 sponte
1329 5047 1420 5103 diver·

107 5130 189 5192 terent.
204 5159 218 5189 a
234 5138 410 5213 sigismundo
421 5139 454 5196 de
464 5136 552 5208 Genti,
562 5141 745 5196 Historiarum
756 5141 800 5194 sui
810 5138 971 5209 ternporis...
986 5135 1030 5194 liv.
1047 5137 1110 5194 XIV
1121 5139 1221 5214 (1883),
1237 5145 1258 5198 t.
1272 5139 1308 5211 ll,
1319 5157 1346 5214 p.
1357 5137 1421 5193 219.

134 5222 157 5276 2·
175 5224 210 5282 Le
225 5227 304 5302 Cbigi
314 5229 406 5286 donne
416 5231 497 5287 uarro
510 5227 530 5289 l.
544 5229 612 5300 367,
627 5247 655 5287 r.
672 5230 809 5286 Dememe
825 5226 938 5296 Eccard,
949 5243 973 5283 c.
990 5228 1072 5286 2136.
