3506 6034
103 525 194 590 [tulltet
208 521 278 592 llll]
422 524 549 584 RERUM
573 524 801 585 URBANARUM
824 525 1084 586 conmmanit.
1369 533 1420 587 211

100 677 259 756 laudabili
278 681 317 753 et
334 677 502 777 religiosa
515 679 588 753 uita
605 679 735 754 tratres
750 680 836 754 dicti
854 689 1052 757 conventus
1071 683 1299 760 testabantur
1312 686 1423 782 pluri·

99 827 213 896 mom;
234 807 271 877 et
286 808 492 878 asserentes
509 827 593 878 eum
613 805 775 892 beatum,
796 812 1000 904 posuerunt
1017 832 1100 882 eum
1121 834 1229 907 super
1244 811 1421 885 teretrum

98 933 320 1004 mortuorum
335 929 372 1002 in
389 929 517 1004 habitu
533 953 599 1004 suo
615 935 699 1004 ante
715 919 828 1004 altare
847 933 965 1030 majus
986 933 1139 1008 ecclesie
1156 935 1244 1008 dicti
1264 959 1421 1010 conven-

99 1053 198 1130 tasin
219 1077 293 1152 quo
314 1055 462 1153 jacebat
477 1057 576 1129 totus
593 1061 786 1145 extensus;
806 1057 871 1130 sed
888 1061 1108 1132 tamencum
1128 1060 1270 1150 viveret,
1292 1061 1421 1136 ambu-

96 1180 185 1254 labat
207 1179 319 1254 dorso
343 1185 381 1252 et
402 1180 506 1253 valde
531 1180 769 1278 curvatusll).
792 1183 899 1256 Stetit
925 1183 961 1256 in
986 1185 1067 1258 loco
1095 1185 1272 1282 predicte,
1292 1187 1420 1260 diebus

95 1307 171 1378 lune
189 1309 225 1378 et
248 1305 381 1379 martis
400 1306 635 1402 sequentibus
655 1331 770 1403 usque
791 1307 837 1380 ad
857 1308 987 1382 horam
1004 1332 1243 1406 vesperarum
1261 1335 1332 1406 qua
1356 1311 1421 1384 luit

95 1429 221 1526 positus
239 1451 353 1527 super
371 1431 486 1504 altare
505 1431 712 1528 predictum
728 1453 811 1504 cum
829 1431 979 1506 feretro.
999 1434 1178 1506 Maximus
1193 1435 1259 1508 luit
1275 1436 1321 1509 ad
1337 1459 1419 1508 oum

95 1554 205 1652 populi
235 1577 440 1629 concursus
466 1560 503 1630 et
537 1556 695 1630 maxime
719 1579 896 1654 pressura
926 1559 1117 1655 gentium:
1150 1559 1255 1633 multi
1285 1560 1420 1632 iratres

95 1679 228 1753 stabant
248 1681 356 1778 juxto
383 1698 467 1754 eum
490 1703 600 1778 super
620 1685 657 1755 et
680 1683 784 1779 juxta
808 1682 923 1756 altare
947 1681 1186 1758 defendentes
1208 1707 1418 1781 pressuram

93 1825 132 1875 ne
146 1825 236 1877 unus
255 1804 369 1878 alium
389 1805 646 1902 supprimeret.
667 1810 742 1904 Ego
761 1807 872 1880 etiam
888 1807 960 1880 vidi
980 1831 1086 1899 eum;
1107 1809 1260 1906 pulcher
1283 1815 1361 1882 erat
1383 1813 1420 1882 et

93 1951 156 2000 non
172 1928 324 2023 ¹fetebat.
343 1929 458 2003 Multa
475 1929 690 2004 dicebantur
708 1956 775 2029 per
798 1955 882 2006 eum
906 1933 1083 2008 miracula
1107 1935 1202 2010 tacta
1219 1935 1262 2008 dc
1282 1931 1419 2008 claudis

93 2058 124 2126 at
147 2051 224 2126 aliis
249 2053 407 2128 infirmis
435 2055 582 2129 sanitati
609 2055 810 2147 restitutis;
840 2080 909 2154 ego
933 2063 1057 2132 tamen
1083 2059 1176 2132 nihil
1202 2059 1304 2156 potui
1332 2083 1418 2132 vere

93 2177 290 2276 concipere.
312 2181 376 2254 SS.
395 2183 438 2254 Ι).
459 2185 599 2271 noster,
619 2203 697 2254 rem
715 2181 934 2280 intelligens
955 2185 1140 2259 mandavit
1158 2208 1241 2257 eum
1257 2183 1295 2256 in
1311 2188 1418 2258 nocte

93 2303 217 2377 dictum
235 2303 336 2379 diem
354 2305 484 2379 martis
508 2311 722 2402 sequentem
746 2308 916 2404 sepeliri3
935 2311 1034 2406 quod
1058 2311 1095 2384 in
1117 2310 1302 2408 presentia
1324 2309 1418 2384 bari*

94 2427 168 2522 gelli
186 2429 294 2503 Urbis
312 2431 447 2522 lactum
467 2433 535 2503 est.
1274 2443 1278 2450 '

134 2553 235 2629 Feria
261 2563 406 2652 quarta,
441 2561 462 2630 6
490 2555 643 2652 predicti
673 2559 808 2632 mensis
829 2557 923 2654 julii,
948 2559 985 2630 ln
1010 2581 1130 2647 mane,
1161 2560 1262 2632 circo
1285 2559 1416 2634 horam

95 2675 353 2772 duodecimam,
380 2680 518 2778 positus
536 2681 604 2754 luit
625 2705 735 2780 super
758 2681 893 2755 scalam
916 2681 1074 2779 ligneam
1098 2683 1332 2780 appodiatam
1357 2708 1418 2758 co·

94 2801 204 2879 tumne
219 2805 488 2881 benedictionis
504 2805 541 2879 in
557 2807 640 2880 loco
662 2807 842 2881 scalarum
858 2831 888 2881 s.
914 2808 1009 2881 Petri
1031 2813 1114 2882 ante
1130 2808 1252 2882 locum
1269 2809 1417 2896 audien-

94 2929 145 3018 tie,
164 2929 332 3005 mitratus
358 2931 614 3030 Hieronymus,
642 2933 796 3007 clericus
822 2933 1031 3008 Basiliensis
1056 2933 1212 3009 diecesis
1240 2935 1300 3030 qui
1327 2959 1416 3010 con·
1450 2979 1466 3006 .

94 3051 197 3128 tessus
219 3055 293 3129 luit
315 3079 354 3131 se
376 3056 545 3131 undecim
569 3057 853 3156 supplicationes
871 3058 937 3134 sub
959 3059 1108 3135 nomine
1126 3059 1366 3134 cardinalium
1382 3085 1412 3134 s.

95 3177 252 3256 lraxedis
290 3189 325 3256 et
356 3181 593 3257 Alexandrini
626 3183 788 3280 signasse
818 3191 853 3258 et
882 3185 1037 3276 dotasse,
1068 3209 1090 3259 e
1116 3189 1222 3283 tergo
1251 3185 1414 3283 posuisse

95 3329 109 3367 u
123 3305 308 3401 repiebatur
324 3335 342 3372 r
363 3309 401 3378 et
421 3329 492 3404 quo
510 3307 604 3380 libro
625 3315 661 3380 et
677 3307 763 3382 lolio
780 3331 848 3406 pro
874 3308 1127 3406 promovendis
1146 3309 1191 3383 ad
1209 3333 1333 3384 sacros
1351 3333 1414 3384 or-

94 3426 194 3519 dines,
216 3435 254 3504 et
272 3429 308 3504 in
327 3430 380 3503 eis
394 3451 530 3505 nomen
547 3431 673 3506 clerici
695 3455 841 3507 camere
860 3433 1072 3530 apposuisse
1093 3457 1135 3506 ac
1156 3433 1185 3506 si
1203 3439 1325 3508 essent
1345 3459 1412 3531 per

95 3571 164 3627 cum
179 3553 224 3630 od
238 3555 389 3631 ordines
404 3556 503 3653 ipsos
518 3556 667 3630 admissi
682 3561 792 3655 prout
804 3557 949 3632 auditor
964 3581 1122 3648 camere,
1143 3559 1271 3631 eodem
1289 3581 1409 3646 mana,

94 3677 169 3752 mihi
193 3687 228 3756 el
244 3681 372 3755 multis
394 3679 471 3755 eliis
495 3681 631 3756 retulit.
658 3683 798 3756 Positus
820 3681 888 3756 luit
908 3682 954 3756 ad
976 3683 1087 3780 pedes
1109 3685 1200 3781 ejus,
1223 3683 1260 3756 in
1284 3681 1411 3757 eadem

95 3803 230 3900 capelle,
254 3806 402 3904 quidam
417 3805 507 3880 alius
524 3809 696 3896 rusticae,
710 3809 815 3881 testis
833 3807 944 3881 lalsus
960 3809 1069 3884 etiam
1087 3809 1270 3900 mitratus,
1291 3812 1328 3882 et
1343 3816 1414 3882 ste·

95 3931 201 4004 terunt
224 3955 341 4028 usque
369 3929 414 4004 ad
440 3930 550 4005 linem
577 3933 785 4007 consistorii
812 3938 849 4008 et
871 3933 1073 4026 audientie3
1102 3933 1199 4030 quod
1223 3933 1288 4007 luit
1311 3932 1412 4008 horis

95 4053 233 4152 quinque
252 4055 309 4130 vel
328 4057 440 4130 circa.

135 4182 354 4273 Feriasexta,
366 4187 388 4256 8
399 4183 535 4256 mensis
546 4183 866 4281 julii,nunciotum
879 4191 934 4258 est
946 4187 1043 4282 Pape
1058 4185 1284 4262 Vitellotium
1296 4183 1413 4261 Vitel-

96 4299 169 4377 lium
191 4306 234 4381 de
260 4307 408 4383 Ciuitate
431 4309 591 4398 Castelli,
609 4307 766 4407 burgum
789 4333 818 4382 s.
844 4309 1048 4408 Sepulchri,
1068 4311 1242 4408 oppidum
1267 4310 1413 4382 Floren-

97 4426 247 4523 tinorum,
262 4432 409 4507 nomine
430 4433 532 4507 ducis
548 4434 819 4510 valentinensis
838 4457 1039 4532 occupasse
1053 4437 1089 4509 et
1100 4433 1331 4532 acquisivisse
1342 4431 1405 4532 (t).

126 4671 145 4726 l.
164 4671 334 4732 Phtnombne
348 4673 561 4749 physiologique
577 4673 642 4731 bien
658 4691 758 4732 connu.
776 4675 817 4731 On
835 4671 887 4732 salt
901 4675 1028 4750 qu'apres
1042 4674 1069 4733 la
1085 4683 1165 4746 mort,
1180 4676 1206 4733 la
1221 4673 1358 4732 deviation
1373 4673 1408 4730 de
1531 4737 1536 4746 ,

97 4755 177 4830 l'epine
190 4763 296 4821 dorsale
310 4780 346 4821 ou
357 4764 395 4821 du
410 4769 532 4821 aternum
546 4763 682 4838 disparatt
695 4771 723 4822 et
740 4781 793 4838 que
808 4765 832 4821 le
847 4781 927 4838 corps
942 4765 1083 4822 redeuient
1096 4765 1177 4822 droit.

123 4848 145 4904 2·
164 4873 177 4902 o
190 4853 333 4910 Vitellozzo
348 4853 385 4910 ha
403 4869 484 4928 prese
500 4853 592 4928 Borgo
607 4853 664 4910 San
685 4851 836 4927 Sepulchra
851 4854 885 4910 ed
899 4851 959 4910 altri
974 4853 1078 4910 castelli
1095 4855 1156 4910 :cio
1179 4853 1344 4927 proverebhe
1358 4855 1408 4910 che

96 4933 298 5011 franciscana,
313 4959 390 4999 corne
400 4941 529 5013 dieerasi,
546 4939 782 4999 inclinatissimcd
797 4939 916 4999 Firenze.
934 4943 1037 5010 Questa
1051 4943 1105 5000 ein
1121 4942 1246 5014 tumulto,
1262 4961 1277 5000 e
1292 4945 1345 5001 r'e
1363 4941 1407 4998 chi

96 5025 146 5082 nuel
159 5029 293 5090 tinetteri
307 5032 422 5090 Mediae.
438 5032 548 5092 aionon
562 5031 640 5106 piace
654 5033 679 5088 al
692 5033 778 5107 Papo,
789 5033 888 5106 perche
904 5033 912 5088 i
927 5032 1026 5091 Medici
1043 5049 1092 5090 son
1106 5032 1212 5108 parenti
1222 5032 1295 5106 degli
1306 5031 1408 5102 Orsini,

96 5115 136 5173 che
147 5137 174 5176 so
192 5139 224 5180 ae
244 5123 533 5198 aavantaggerebbaro
553 5139 568 5180 e
583 5121 607 5180 si
621 5121 762 5180 lorebbero
777 5123 849 5181 forti.
871 5123 967 5181 Pereid
982 5129 1058 5180 tenta
1072 5121 1099 5178 di
1113 5127 1211 5180 matter
1234 5121 1259 5178 in
1282 5125 1405 5195 sospetto

96 5205 116 5260 ai
127 5207 261 5269 venetiani
272 5209 300 5269 lc
313 5209 401 5270 calata
415 5209 459 5269 del
474 5213 515 5270 Re
529 5212 557 5269 in
573 5211 660 5269 ltalia.
678 5235 691 5266 u
708 5211 885 5283 Giustiniani,
902 5219 922 5270 t.
940 5213 961 5281 l,
977 5231 1005 5286 p.
1018 5213 1063 5271 50.
