<?xml version="1.0" encoding="UTF-8"?>
<!DOCTYPE html PUBLIC "-//W3C//DTD XHTML 1.0 Transitional//EN"
    "http://www.w3.org/TR/xhtml1/DTD/xhtml1-transitional.dtd">
<html xmlns="http://www.w3.org/1999/xhtml" xml:lang="en" lang="en">
 <head>
  <title>
</title>
<meta http-equiv="Content-Type" content="text/html;charset=utf-8" />
  <meta name='ocr-system' content='tesseract 3.04.00' />
  <meta name='ocr-capabilities' content='ocr_page ocr_carea ocr_par ocr_line ocrx_word'/>
</head>
<body>
  <div class='ocr_page' id='page_1' title='image "./johannisburchar03burcgoog/johannisburchar03burcgoog_0446.png"; bbox 0 0 3520 6036; ppageno 0'>
   <div class='ocr_carea' id='block_1_1' title="bbox 319 583 1658 658">
    <p class='ocr_par' dir='ltr' id='par_1_1' title="bbox 319 583 1658 658">
     <span class='ocr_line' id='line_1_1' title="bbox 319 583 1658 658; baseline -0.004 -14"><span class='ocrx_word' id='word_1_1' title='bbox 319 587 374 644; x_wconf 80' lang='lat' dir='ltr'><strong>aaa</strong></span> <span class='ocrx_word' id='word_1_2' title='bbox 778 583 953 644; x_wconf 77' lang='lat' dir='ltr'><strong>rouauurs</strong></span> <span class='ocrx_word' id='word_1_3' title='bbox 976 584 1196 658; x_wconf 74' lang='lat' dir='ltr'><strong>soeculum,</strong></span> <span class='ocrx_word' id='word_1_4' title='bbox 1438 587 1567 650; x_wconf 64' lang='lat' dir='ltr'><strong>[osone</strong></span> <span class='ocrx_word' id='word_1_5' title='bbox 1583 590 1658 652; x_wconf 77' lang='lat' dir='ltr'><strong>raon</strong></span> 
     </span>
    </p>
   </div>
   <div class='ocr_carea' id='block_1_2' title="bbox 319 735 1656 1215">
    <p class='ocr_par' dir='ltr' id='par_1_2' title="bbox 319 735 1656 961">
     <span class='ocr_line' id='line_1_2' title="bbox 319 735 1656 835; baseline 0.001 -23"><span class='ocrx_word' id='word_1_6' title='bbox 319 737 378 812; x_wconf 92' lang='lat' dir='ltr'><strong>die</strong></span> <span class='ocrx_word' id='word_1_7' title='bbox 395 737 542 812; x_wconf 84' lang='lat' dir='ltr'><strong>donavit</strong></span> <span class='ocrx_word' id='word_1_8' title='bbox 570 737 602 812; x_wconf 90' lang='lat' dir='ltr'><strong>ei</strong></span> <span class='ocrx_word' id='word_1_9' title='bbox 618 737 756 811; x_wconf 92' lang='lat' dir='ltr'><strong>mulam</strong></span> <span class='ocrx_word' id='word_1_10' title='bbox 780 761 863 812; x_wconf 91' lang='lat' dir='ltr'><strong>cum</strong></span> <span class='ocrx_word' id='word_1_11' title='bbox 890 735 1073 835; x_wconf 78' lang='lat' dir='ltr'>coopertis</span> <span class='ocrx_word' id='word_1_12' title='bbox 1098 742 1135 812; x_wconf 93' lang='lat' dir='ltr'><strong>et</strong></span> <span class='ocrx_word' id='word_1_13' title='bbox 1158 737 1389 814; x_wconf 88' lang='lat' dir='ltr'><strong>luruimentis</strong></span> <span class='ocrx_word' id='word_1_14' title='bbox 1411 739 1533 815; x_wconf 91' lang='lat' dir='ltr'><strong>eidem</strong></span> <span class='ocrx_word' id='word_1_15' title='bbox 1561 743 1656 816; x_wconf 89' lang='lat' dir='ltr'><strong>Gur-</strong></span> 
     </span>
     <span class='ocr_line' id='line_1_3' title="bbox 319 861 1037 961; baseline -0.004 -23"><span class='ocrx_word' id='word_1_16' title='bbox 319 863 422 961; x_wconf 84' lang='lat' dir='ltr'><strong>gensi</strong></span> <span class='ocrx_word' id='word_1_17' title='bbox 439 869 476 938; x_wconf 91' lang='lat' dir='ltr'><strong>et</strong></span> <span class='ocrx_word' id='word_1_18' title='bbox 491 861 591 936; x_wconf 81' lang='lat' dir='ltr'><strong>misit</strong></span> <span class='ocrx_word' id='word_1_19' title='bbox 606 885 687 938; x_wconf 92' lang='lat' dir='ltr'><strong>eam</strong></span> <span class='ocrx_word' id='word_1_20' title='bbox 703 861 771 936; x_wconf 91' lang='lat' dir='ltr'><strong>sibi</strong></span> <span class='ocrx_word' id='word_1_21' title='bbox 788 862 834 937; x_wconf 90' lang='lat' dir='ltr'><strong>ad</strong></span> <span class='ocrx_word' id='word_1_22' title='bbox 846 862 1037 961; x_wconf 88' lang='lat' dir='ltr'>Populum.</span> 
     </span>
    </p>

    <p class='ocr_par' dir='ltr' id='par_1_3' title="bbox 319 987 1654 1215">
     <span class='ocr_line' id='line_1_4' title="bbox 367 987 1654 1088; baseline 0.003 -26"><span class='ocrx_word' id='word_1_23' title='bbox 367 987 548 1078; x_wconf 79' lang='lat' dir='ltr'><strong>Mercurii,</strong></span> <span class='ocrx_word' id='word_1_24' title='bbox 567 993 612 1064; x_wconf 74' lang='lat'><strong>23</strong></span> <span class='ocrx_word' id='word_1_25' title='bbox 629 988 804 1078; x_wconf 89' lang='lat' dir='ltr'><strong>octobris,</strong></span> <span class='ocrx_word' id='word_1_26' title='bbox 828 987 1031 1064; x_wconf 79' lang='lat' dir='ltr'><strong>cardinales</strong></span> <span class='ocrx_word' id='word_1_27' title='bbox 1048 989 1086 1062; x_wconf 93' lang='lat' dir='ltr'><strong>iu</strong></span> <span class='ocrx_word' id='word_1_28' title='bbox 1113 1012 1221 1065; x_wconf 88' lang='lat' dir='ltr'><strong>mane</strong></span> <span class='ocrx_word' id='word_1_29' title='bbox 1241 991 1493 1088; x_wconf 74' lang='lat' dir='ltr'><strong>equitaverunt</strong></span> <span class='ocrx_word' id='word_1_30' title='bbox 1518 993 1568 1068; x_wconf 88' lang='lat' dir='ltr'><strong>ad</strong></span> <span class='ocrx_word' id='word_1_31' title='bbox 1585 997 1654 1068; x_wconf 84' lang='lat' dir='ltr'><strong>Po-</strong></span> 
     </span>
     <span class='ocr_line' id='line_1_5' title="bbox 319 1112 1653 1215; baseline 0.004 -29"><span class='ocrx_word' id='word_1_32' title='bbox 319 1113 454 1210; x_wconf 89' lang='lat' dir='ltr'>pulum,</span> <span class='ocrx_word' id='word_1_33' title='bbox 465 1112 878 1210; x_wconf 86' lang='lat' dir='ltr'><strong>recepturiGurgensem</strong></span> <span class='ocrx_word' id='word_1_34' title='bbox 894 1137 1002 1210; x_wconf 92' lang='lat' dir='ltr'><strong>quem</strong></span> <span class='ocrx_word' id='word_1_35' title='bbox 1013 1115 1281 1189; x_wconf 87' lang='lat' dir='ltr'><strong>associaverunt</strong></span> <span class='ocrx_word' id='word_1_36' title='bbox 1292 1139 1407 1214; x_wconf 91' lang='lat' dir='ltr'><strong>usque</strong></span> <span class='ocrx_word' id='word_1_37' title='bbox 1418 1117 1653 1215; x_wconf 87' lang='lat' dir='ltr'><strong>adpalatium</strong></span> 
     </span>
    </p>
   </div>
   <div class='ocr_carea' id='block_1_3' title="bbox 205 1230 1654 1337">
    <p class='ocr_par' dir='ltr' id='par_1_4' title="bbox 205 1230 1654 1337">
     <span class='ocr_line' id='line_1_6' title="bbox 205 1230 1654 1337; baseline 0.004 -26"><span class='ocrx_word' id='word_1_38' title='bbox 205 1230 210 1243; x_wconf 84' lang='lat'>&#39;</span> <span class='ocrx_word' id='word_1_39' title='bbox 318 1239 416 1335; x_wconf 87' lang='lat' dir='ltr'><strong>apud</strong></span> <span class='ocrx_word' id='word_1_40' title='bbox 432 1263 461 1310; x_wconf 90' lang='lat' dir='ltr'><strong>s.</strong></span> <span class='ocrx_word' id='word_1_41' title='bbox 480 1242 630 1314; x_wconf 90' lang='lat' dir='ltr'><strong>Petrum</strong></span> <span class='ocrx_word' id='word_1_42' title='bbox 648 1245 684 1311; x_wconf 91' lang='lat' dir='ltr'><strong>et</strong></span> <span class='ocrx_word' id='word_1_43' title='bbox 699 1261 846 1336; x_wconf 75' lang='lat' dir='ltr'><strong>paruam</strong></span> <span class='ocrx_word' id='word_1_44' title='bbox 862 1239 1054 1337; x_wconf 87' lang='lat' dir='ltr'><strong>capellam,</strong></span> <span class='ocrx_word' id='word_1_45' title='bbox 1073 1239 1135 1314; x_wconf 91' lang='lat' dir='ltr'><strong>ubi</strong></span> <span class='ocrx_word' id='word_1_46' title='bbox 1146 1247 1357 1315; x_wconf 85' lang='lat' dir='ltr'><strong>manserunt</strong></span> <span class='ocrx_word' id='word_1_47' title='bbox 1371 1265 1455 1315; x_wconf 94' lang='lat' dir='ltr'><strong>cum</strong></span> <span class='ocrx_word' id='word_1_48' title='bbox 1468 1265 1513 1316; x_wconf 92' lang='lat' dir='ltr'><strong>eo</strong></span> <span class='ocrx_word' id='word_1_49' title='bbox 1531 1244 1654 1317; x_wconf 89' lang='lat' dir='ltr'><strong>cardi-</strong></span> 
     </span>
    </p>
   </div>
   <div class='ocr_carea' id='block_1_4' title="bbox 307 1362 1654 3956">
    <p class='ocr_par' dir='ltr' id='par_1_5' title="bbox 312 1362 1654 2952">
     <span class='ocr_line' id='line_1_7' title="bbox 318 1362 1654 1466; baseline 0.004 -30"><span class='ocrx_word' id='word_1_50' title='bbox 318 1363 419 1436; x_wconf 91' lang='lat' dir='ltr'><strong>nales</strong></span> <span class='ocrx_word' id='word_1_51' title='bbox 439 1387 467 1435; x_wconf 91' lang='lat' dir='ltr'><strong>s.</strong></span> <span class='ocrx_word' id='word_1_52' title='bbox 487 1362 582 1438; x_wconf 92' lang='lat' dir='ltr'><strong>Petri</strong></span> <span class='ocrx_word' id='word_1_53' title='bbox 599 1363 644 1438; x_wconf 87' lang='lat' dir='ltr'><strong>ad</strong></span> <span class='ocrx_word' id='word_1_54' title='bbox 659 1362 814 1439; x_wconf 82' lang='lat' dir='ltr'><strong>Vincula</strong></span> <span class='ocrx_word' id='word_1_55' title='bbox 829 1369 866 1438; x_wconf 92' lang='lat' dir='ltr'><strong>et</strong></span> <span class='ocrx_word' id='word_1_56' title='bbox 880 1365 1059 1439; x_wconf 88' lang='lat' dir='ltr'><strong>Elneusis.</strong></span> <span class='ocrx_word' id='word_1_57' title='bbox 1079 1368 1177 1464; x_wconf 88' lang='lat' dir='ltr'><strong>Papa</strong></span> <span class='ocrx_word' id='word_1_58' title='bbox 1191 1367 1290 1440; x_wconf 84' lang='lat' dir='ltr'><strong>venit</strong></span> <span class='ocrx_word' id='word_1_59' title='bbox 1308 1368 1354 1441; x_wconf 89' lang='lat' dir='ltr'><strong>ad</strong></span> <span class='ocrx_word' id='word_1_60' title='bbox 1377 1367 1499 1442; x_wconf 89' lang='lat' dir='ltr'><strong>aulam</strong></span> <span class='ocrx_word' id='word_1_61' title='bbox 1521 1367 1560 1442; x_wconf 92' lang='lat' dir='ltr'><strong>iu</strong></span> <span class='ocrx_word' id='word_1_62' title='bbox 1583 1393 1654 1466; x_wconf 91' lang='lat' dir='ltr'><strong>qua</strong></span> 
     </span>
     <span class='ocr_line' id='line_1_8' title="bbox 318 1487 1653 1587; baseline 0.004 -26"><span class='ocrx_word' id='word_1_63' title='bbox 318 1487 436 1562; x_wconf 92' lang='lat' dir='ltr'><strong>tenuit</strong></span> <span class='ocrx_word' id='word_1_64' title='bbox 466 1487 650 1585; x_wconf 91' lang='lat' dir='ltr'><strong>publicum</strong></span> <span class='ocrx_word' id='word_1_65' title='bbox 685 1487 955 1563; x_wconf 77' lang='lat' dir='ltr'><strong>consistorium.</strong></span> <span class='ocrx_word' id='word_1_66' title='bbox 988 1489 1178 1587; x_wconf 85' lang='lat' dir='ltr'><strong>Proposita</strong></span> <span class='ocrx_word' id='word_1_67' title='bbox 1195 1491 1351 1584; x_wconf 43' lang='lat' dir='ltr'><strong>,luerunt</strong></span> <span class='ocrx_word' id='word_1_68' title='bbox 1374 1493 1445 1566; x_wconf 91' lang='lat' dir='ltr'><strong>due</strong></span> <span class='ocrx_word' id='word_1_69' title='bbox 1475 1492 1653 1566; x_wconf 89' lang='lat' dir='ltr'><strong>commis-</strong></span> 
     </span>
     <span class='ocr_line' id='line_1_9' title="bbox 317 1611 1653 1714; baseline 0.004 -30"><span class='ocrx_word' id='word_1_70' title='bbox 317 1612 439 1685; x_wconf 82' lang='lat' dir='ltr'><strong>aiones</strong></span> <span class='ocrx_word' id='word_1_71' title='bbox 453 1636 460 1684; x_wconf 95' lang='lat'><strong>:</strong></span> <span class='ocrx_word' id='word_1_72' title='bbox 483 1611 639 1707; x_wconf 91' lang='lat' dir='ltr'><strong>primam</strong></span> <span class='ocrx_word' id='word_1_73' title='bbox 657 1612 847 1711; x_wconf 91' lang='lat' dir='ltr'><strong>proposuit</strong></span> <span class='ocrx_word' id='word_1_74' title='bbox 859 1615 902 1686; x_wconf 88' lang='lat' dir='ltr'><strong>D.</strong></span> <span class='ocrx_word' id='word_1_75' title='bbox 917 1617 935 1686; x_wconf 86' lang='lat' dir='ltr'>J</span> <span class='ocrx_word' id='word_1_76' title='bbox 940 1613 1098 1702; x_wconf 91' lang='lat' dir='ltr'><strong>ustinus余</strong></span> <span class='ocrx_word' id='word_1_77' title='bbox 1111 1614 1211 1689; x_wconf 89' lang='lat' dir='ltr'><strong>circa</strong></span> <span class='ocrx_word' id='word_1_78' title='bbox 1225 1615 1303 1714; x_wconf 89' lang='lat' dir='ltr'><strong>ejus</strong></span> <span class='ocrx_word' id='word_1_79' title='bbox 1316 1615 1427 1690; x_wconf 88' lang='lat' dir='ltr'><strong>finem</strong></span> <span class='ocrx_word' id='word_1_80' title='bbox 1442 1617 1516 1690; x_wconf 91' lang='lat' dir='ltr'><strong>duo</strong></span> <span class='ocrx_word' id='word_1_81' title='bbox 1531 1617 1653 1690; x_wconf 91' lang='lat' dir='ltr'><strong>senio-</strong></span> 
     </span>
     <span class='ocr_line' id='line_1_10' title="bbox 317 1735 1651 1838; baseline 0.004 -29"><span class='ocrx_word' id='word_1_82' title='bbox 317 1759 375 1809; x_wconf 88' lang='lat' dir='ltr'><strong>res</strong></span> <span class='ocrx_word' id='word_1_83' title='bbox 394 1735 536 1810; x_wconf 88' lang='lat' dir='ltr'><strong>diaconi</strong></span> <span class='ocrx_word' id='word_1_84' title='bbox 554 1741 731 1812; x_wconf 89' lang='lat' dir='ltr'><strong>venerunt</strong></span> <span class='ocrx_word' id='word_1_85' title='bbox 750 1736 797 1810; x_wconf 89' lang='lat' dir='ltr'><strong>ad</strong></span> <span class='ocrx_word' id='word_1_86' title='bbox 810 1740 1047 1836; x_wconf 81' lang='lat' dir='ltr'><strong>Gurgensem.</strong></span> <span class='ocrx_word' id='word_1_87' title='bbox 1070 1738 1209 1814; x_wconf 89' lang='lat' dir='ltr'><strong>Deinde</strong></span> <span class='ocrx_word' id='word_1_88' title='bbox 1234 1740 1426 1838; x_wconf 87' lang='lat' dir='ltr'><strong>proposuit</strong></span> <span class='ocrx_word' id='word_1_89' title='bbox 1447 1742 1651 1816; x_wconf 86' lang='lat' dir='ltr'><strong>secundam</strong></span> 
     </span>
     <span class='ocr_line' id='line_1_11' title="bbox 317 1859 1648 1963; baseline 0.005 -30"><span class='ocrx_word' id='word_1_90' title='bbox 317 1863 360 1933; x_wconf 89' lang='lat' dir='ltr'><strong>D.</strong></span> <span class='ocrx_word' id='word_1_91' title='bbox 378 1859 562 1935; x_wconf 86' lang='lat' dir='ltr'><strong>lohannes</strong></span> <span class='ocrx_word' id='word_1_92' title='bbox 575 1861 923 1939; x_wconf 84' lang='lat' dir='ltr'><strong>Gomadinus.Venit</strong></span> <span class='ocrx_word' id='word_1_93' title='bbox 937 1863 1256 1954; x_wconf 79' lang='lat' dir='ltr'><strong>CusentinuS,dico</strong></span> <span class='ocrx_word' id='word_1_94' title='bbox 1270 1865 1479 1963; x_wconf 77' lang='lat' dir='ltr'><strong>Gorgoneis,</strong></span> <span class='ocrx_word' id='word_1_95' title='bbox 1489 1873 1526 1940; x_wconf 91' lang='lat' dir='ltr'><strong>et</strong></span> <span class='ocrx_word' id='word_1_96' title='bbox 1538 1889 1648 1940; x_wconf 87' lang='lat' dir='ltr'><strong>oscu-</strong></span> 
     </span>
     <span class='ocr_line' id='line_1_12' title="bbox 315 1983 1649 2085; baseline 0.004 -27"><span class='ocrx_word' id='word_1_97' title='bbox 315 1983 410 2058; x_wconf 88' lang='lat' dir='ltr'><strong>latus</strong></span> <span class='ocrx_word' id='word_1_98' title='bbox 427 1991 481 2060; x_wconf 87' lang='lat' dir='ltr'><strong>est</strong></span> <span class='ocrx_word' id='word_1_99' title='bbox 495 2009 636 2078; x_wconf 87' lang='lat' dir='ltr'><strong>manus,</strong></span> <span class='ocrx_word' id='word_1_100' title='bbox 655 1993 691 2060; x_wconf 91' lang='lat' dir='ltr'><strong>et</strong></span> <span class='ocrx_word' id='word_1_101' title='bbox 706 2011 747 2060; x_wconf 93' lang='lat' dir='ltr'><strong>os</strong></span> <span class='ocrx_word' id='word_1_102' title='bbox 764 1991 860 2085; x_wconf 89' lang='lat' dir='ltr'><strong>Pape</strong></span> <span class='ocrx_word' id='word_1_103' title='bbox 876 2011 884 2060; x_wconf 94' lang='lat'><strong>:</strong></span> <span class='ocrx_word' id='word_1_104' title='bbox 900 1995 1068 2085; x_wconf 90' lang='lat' dir='ltr'><strong>receptus</strong></span> <span class='ocrx_word' id='word_1_105' title='bbox 1086 1988 1131 2063; x_wconf 89' lang='lat' dir='ltr'><strong>ab</strong></span> <span class='ocrx_word' id='word_1_106' title='bbox 1147 1988 1315 2064; x_wconf 90' lang='lat' dir='ltr'><strong>omuibus</strong></span> <span class='ocrx_word' id='word_1_107' title='bbox 1334 1989 1586 2065; x_wconf 87' lang='lat' dir='ltr'><strong>cardinalibus</strong></span> <span class='ocrx_word' id='word_1_108' title='bbox 1603 1990 1649 2064; x_wconf 88' lang='lat' dir='ltr'><strong>ad</strong></span> 
     </span>
     <span class='ocr_line' id='line_1_13' title="bbox 316 2110 1644 2210; baseline 0.002 -27"><span class='ocrx_word' id='word_1_109' title='bbox 316 2110 482 2184; x_wconf 89' lang='lat' dir='ltr'><strong>osculum</strong></span> <span class='ocrx_word' id='word_1_110' title='bbox 502 2111 589 2202; x_wconf 84' lang='lat' dir='ltr'><strong>oris,</strong></span> <span class='ocrx_word' id='word_1_111' title='bbox 611 2111 705 2186; x_wconf 89' lang='lat' dir='ltr'><strong>sedit</strong></span> <span class='ocrx_word' id='word_1_112' title='bbox 718 2111 757 2186; x_wconf 92' lang='lat' dir='ltr'><strong>in</strong></span> <span class='ocrx_word' id='word_1_113' title='bbox 779 2111 860 2187; x_wconf 93' lang='lat' dir='ltr'><strong>loco</strong></span> <span class='ocrx_word' id='word_1_114' title='bbox 878 2135 943 2186; x_wconf 89' lang='lat' dir='ltr'><strong>suo</strong></span> <span class='ocrx_word' id='word_1_115' title='bbox 976 2119 1012 2188; x_wconf 94' lang='lat' dir='ltr'><strong>et</strong></span> <span class='ocrx_word' id='word_1_116' title='bbox 1036 2113 1192 2210; x_wconf 82' lang='lat' dir='ltr'><strong>perfecit</strong></span> <span class='ocrx_word' id='word_1_117' title='bbox 1210 2137 1293 2190; x_wconf 90' lang='lat' dir='ltr'><strong>eam</strong></span> <span class='ocrx_word' id='word_1_118' title='bbox 1316 2115 1644 2190; x_wconf 86' lang='lat' dir='ltr'><strong>commissionem:</strong></span> 
     </span>
     <span class='ocr_line' id='line_1_14' title="bbox 315 2236 1648 2339; baseline 0.005 -31"><span class='ocrx_word' id='word_1_119' title='bbox 315 2259 387 2331; x_wconf 92' lang='lat' dir='ltr'><strong>qua</strong></span> <span class='ocrx_word' id='word_1_120' title='bbox 397 2258 463 2333; x_wconf 90' lang='lat' dir='ltr'><strong>per</strong></span> <span class='ocrx_word' id='word_1_121' title='bbox 477 2239 612 2334; x_wconf 86' lang='lat' dir='ltr'><strong>Papam</strong></span> <span class='ocrx_word' id='word_1_122' title='bbox 627 2236 797 2327; x_wconf 89' lang='lat' dir='ltr'><strong>admissa,</strong></span> <span class='ocrx_word' id='word_1_123' title='bbox 811 2237 917 2312; x_wconf 91' lang='lat' dir='ltr'><strong>rediit</strong></span> <span class='ocrx_word' id='word_1_124' title='bbox 931 2239 1127 2335; x_wconf 82' lang='lat' dir='ltr'><strong>Gurgensis</strong></span> <span class='ocrx_word' id='word_1_125' title='bbox 1140 2239 1186 2314; x_wconf 89' lang='lat' dir='ltr'><strong>ud</strong></span> <span class='ocrx_word' id='word_1_126' title='bbox 1201 2243 1336 2338; x_wconf 88' lang='lat' dir='ltr'><strong>Papam</strong></span> <span class='ocrx_word' id='word_1_127' title='bbox 1346 2263 1430 2314; x_wconf 89' lang='lat' dir='ltr'><strong>cum</strong></span> <span class='ocrx_word' id='word_1_128' title='bbox 1445 2240 1523 2339; x_wconf 90' lang='lat' dir='ltr'><strong>ejus</strong></span> <span class='ocrx_word' id='word_1_129' title='bbox 1539 2240 1648 2314; x_wconf 87' lang='lat' dir='ltr'><strong>lami-</strong></span> 
     </span>
     <span class='ocr_line' id='line_1_15' title="bbox 314 2358 1646 2463; baseline 0.005 -31"><span class='ocrx_word' id='word_1_130' title='bbox 314 2358 363 2433; x_wconf 89' lang='lat' dir='ltr'><strong>lia</strong></span> <span class='ocrx_word' id='word_1_131' title='bbox 376 2365 413 2434; x_wconf 90' lang='lat' dir='ltr'><strong>et</strong></span> <span class='ocrx_word' id='word_1_132' title='bbox 429 2360 611 2435; x_wconf 87' lang='lat' dir='ltr'><strong>osculatus</strong></span> <span class='ocrx_word' id='word_1_133' title='bbox 626 2367 682 2437; x_wconf 89' lang='lat' dir='ltr'><strong>ast</strong></span> <span class='ocrx_word' id='word_1_134' title='bbox 693 2363 804 2462; x_wconf 89' lang='lat' dir='ltr'><strong>pedes</strong></span> <span class='ocrx_word' id='word_1_135' title='bbox 820 2364 916 2461; x_wconf 86' lang='lat' dir='ltr'><strong>ejus余</strong></span> <span class='ocrx_word' id='word_1_136' title='bbox 935 2361 1066 2437; x_wconf 91' lang='lat' dir='ltr'><strong>deinde</strong></span> <span class='ocrx_word' id='word_1_137' title='bbox 1077 2364 1178 2439; x_wconf 91' lang='lat' dir='ltr'><strong>venit</strong></span> <span class='ocrx_word' id='word_1_138' title='bbox 1193 2363 1240 2438; x_wconf 88' lang='lat' dir='ltr'><strong>ad</strong></span> <span class='ocrx_word' id='word_1_139' title='bbox 1252 2387 1436 2440; x_wconf 89' lang='lat' dir='ltr'><strong>cameram</strong></span> <span class='ocrx_word' id='word_1_140' title='bbox 1450 2365 1646 2463; x_wconf 80' lang='lat' dir='ltr'><strong>papagalli,</strong></span> 
     </span>
     <span class='ocr_line' id='line_1_16' title="bbox 314 2484 1649 2587; baseline 0.004 -29"><span class='ocrx_word' id='word_1_141' title='bbox 314 2484 483 2582; x_wconf 87' lang='lat' dir='ltr'><strong>deposuit</strong></span> <span class='ocrx_word' id='word_1_142' title='bbox 506 2509 588 2561; x_wconf 88' lang='lat' dir='ltr'><strong>suas</strong></span> <span class='ocrx_word' id='word_1_143' title='bbox 608 2493 724 2562; x_wconf 88' lang='lat' dir='ltr'><strong>vestes</strong></span> <span class='ocrx_word' id='word_1_144' title='bbox 750 2493 787 2562; x_wconf 86' lang='lat' dir='ltr'><strong>et</strong></span> <span class='ocrx_word' id='word_1_145' title='bbox 810 2487 1029 2585; x_wconf 86' lang='lat' dir='ltr'><strong>dispensavit</strong></span> <span class='ocrx_word' id='word_1_146' title='bbox 1050 2489 1100 2587; x_wconf 85' lang='grc'><strong>(1)</strong></span> <span class='ocrx_word' id='word_1_147' title='bbox 1120 2511 1203 2562; x_wconf 90' lang='lat' dir='ltr'><strong>cum</strong></span> <span class='ocrx_word' id='word_1_148' title='bbox 1231 2490 1474 2564; x_wconf 86' lang='lat' dir='ltr'><strong>cardinalibus</strong></span> <span class='ocrx_word' id='word_1_149' title='bbox 1500 2497 1539 2564; x_wconf 90' lang='lat' dir='ltr'><strong>et</strong></span> <span class='ocrx_word' id='word_1_150' title='bbox 1553 2494 1649 2564; x_wconf 90' lang='lat' dir='ltr'><strong>Gur-</strong></span> 
     </span>
     <span class='ocr_line' id='line_1_17' title="bbox 313 2610 1646 2706; baseline 0.005 -24"><span class='ocrx_word' id='word_1_151' title='bbox 313 2633 424 2705; x_wconf 85' lang='lat' dir='ltr'><strong>gense</strong></span> <span class='ocrx_word' id='word_1_152' title='bbox 438 2610 536 2706; x_wconf 93' lang='lat' dir='ltr'><strong>quod</strong></span> <span class='ocrx_word' id='word_1_153' title='bbox 554 2635 628 2686; x_wconf 93' lang='lat' dir='ltr'><strong>non</strong></span> <span class='ocrx_word' id='word_1_154' title='bbox 653 2618 866 2686; x_wconf 90' lang='lat' dir='ltr'><strong>tenerentur</strong></span> <span class='ocrx_word' id='word_1_155' title='bbox 883 2636 922 2686; x_wconf 91' lang='lat' dir='ltr'><strong>se</strong></span> <span class='ocrx_word' id='word_1_156' title='bbox 953 2619 1079 2688; x_wconf 90' lang='lat' dir='ltr'><strong>mutuo</strong></span> <span class='ocrx_word' id='word_1_157' title='bbox 1110 2613 1283 2689; x_wconf 85' lang='lat' dir='ltr'><strong>visitare:</strong></span> <span class='ocrx_word' id='word_1_158' title='bbox 1316 2621 1438 2690; x_wconf 87' lang='lat' dir='ltr'><strong>tamen</strong></span> <span class='ocrx_word' id='word_1_159' title='bbox 1470 2637 1546 2690; x_wconf 94' lang='lat' dir='ltr'><strong>nou</strong></span> <span class='ocrx_word' id='word_1_160' title='bbox 1579 2615 1646 2688; x_wconf 88' lang='lat' dir='ltr'><strong>luit</strong></span> 
     </span>
     <span class='ocr_line' id='line_1_18' title="bbox 312 2733 1647 2836; baseline 0.003 -28"><span class='ocrx_word' id='word_1_161' title='bbox 312 2733 555 2810; x_wconf 86' lang='lat' dir='ltr'><strong>observatum.</strong></span> <span class='ocrx_word' id='word_1_162' title='bbox 573 2737 781 2812; x_wconf 84' lang='lat' dir='ltr'><strong>Associatus</strong></span> <span class='ocrx_word' id='word_1_163' title='bbox 796 2737 928 2812; x_wconf 94' lang='lat' dir='ltr'><strong>deinde</strong></span> <span class='ocrx_word' id='word_1_164' title='bbox 944 2738 1011 2812; x_wconf 87' lang='lat' dir='ltr'><strong>luit</strong></span> <span class='ocrx_word' id='word_1_165' title='bbox 1030 2739 1227 2836; x_wconf 86' lang='lat' dir='ltr'><strong>Gurgensis</strong></span> <span class='ocrx_word' id='word_1_166' title='bbox 1245 2739 1291 2814; x_wconf 89' lang='lat' dir='ltr'><strong>ad</strong></span> <span class='ocrx_word' id='word_1_167' title='bbox 1306 2739 1455 2814; x_wconf 93' lang='lat' dir='ltr'><strong>domum</strong></span> <span class='ocrx_word' id='word_1_168' title='bbox 1476 2763 1583 2816; x_wconf 85' lang='lat' dir='ltr'><strong>suam</strong></span> <span class='ocrx_word' id='word_1_169' title='bbox 1601 2741 1647 2814; x_wconf 87' lang='lat' dir='ltr'><strong>ab</strong></span> 
     </span>
     <span class='ocr_line' id='line_1_19' title="bbox 312 2860 1006 2952; baseline 0.001 -19"><span class='ocrx_word' id='word_1_170' title='bbox 312 2860 480 2934; x_wconf 89' lang='lat' dir='ltr'><strong>omnibus</strong></span> <span class='ocrx_word' id='word_1_171' title='bbox 495 2860 751 2952; x_wconf 85' lang='lat' dir='ltr'><strong>cardinalibus,</strong></span> <span class='ocrx_word' id='word_1_172' title='bbox 767 2885 869 2936; x_wconf 91' lang='lat' dir='ltr'><strong>more</strong></span> <span class='ocrx_word' id='word_1_173' title='bbox 885 2862 1006 2938; x_wconf 89' lang='lat' dir='ltr'><strong>solito.</strong></span> 
     </span>
    </p>

    <p class='ocr_par' dir='ltr' id='par_1_6' title="bbox 307 2985 1650 3956">
     <span class='ocr_line' id='line_1_20' title="bbox 360 2985 1650 3088; baseline 0.005 -30"><span class='ocrx_word' id='word_1_174' title='bbox 360 2985 441 3058; x_wconf 84' lang='lat' dir='ltr'><strong>Fuit</strong></span> <span class='ocrx_word' id='word_1_175' title='bbox 456 2985 704 3083; x_wconf 89' lang='lat' dir='ltr'><strong>superioribus</strong></span> <span class='ocrx_word' id='word_1_176' title='bbox 722 2986 850 3062; x_wconf 90' lang='lat' dir='ltr'><strong>diebus</strong></span> <span class='ocrx_word' id='word_1_177' title='bbox 865 3013 1000 3088; x_wconf 83' lang='lat' dir='ltr'><strong>magna</strong></span> <span class='ocrx_word' id='word_1_178' title='bbox 1016 2990 1266 3087; x_wconf 62' lang='lat' dir='ltr'><strong>disputationi</strong></span> <span class='ocrx_word' id='word_1_179' title='bbox 1284 2989 1483 3088; x_wconf 81' lang='lat' dir='ltr'><strong>Gurgensis</strong></span> <span class='ocrx_word' id='word_1_180' title='bbox 1494 2989 1650 3066; x_wconf 88' lang='lat' dir='ltr'><strong>deberet</strong></span> 
     </span>
     <span class='ocr_line' id='line_1_21' title="bbox 311 3109 1650 3214; baseline 0.007 -32"><span class='ocrx_word' id='word_1_181' title='bbox 311 3109 422 3206; x_wconf 90' lang='lat' dir='ltr'><strong>recipi</strong></span> <span class='ocrx_word' id='word_1_182' title='bbox 438 3110 491 3183; x_wconf 93' lang='lat' dir='ltr'><strong>uti</strong></span> <span class='ocrx_word' id='word_1_183' title='bbox 504 3111 646 3209; x_wconf 87' lang='lat' dir='ltr'><strong>legatus</strong></span> <span class='ocrx_word' id='word_1_184' title='bbox 661 3111 718 3186; x_wconf 88' lang='lat' dir='ltr'><strong>vel</strong></span> <span class='ocrx_word' id='word_1_185' title='bbox 732 3137 819 3202; x_wconf 92' lang='lat' dir='ltr'><strong>non,</strong></span> <span class='ocrx_word' id='word_1_186' title='bbox 840 3137 924 3187; x_wconf 91' lang='lat' dir='ltr'><strong>cum</strong></span> <span class='ocrx_word' id='word_1_187' title='bbox 940 3117 1039 3214; x_wconf 89' lang='lat' dir='ltr'><strong>Papa</strong></span> <span class='ocrx_word' id='word_1_188' title='bbox 1058 3115 1199 3190; x_wconf 91' lang='lat' dir='ltr'><strong>diceret</strong></span> <span class='ocrx_word' id='word_1_189' title='bbox 1222 3115 1342 3214; x_wconf 92' lang='lat' dir='ltr'><strong>ipsum</strong></span> <span class='ocrx_word' id='word_1_190' title='bbox 1371 3115 1484 3188; x_wconf 89' lang='lat' dir='ltr'><strong>luisse</strong></span> <span class='ocrx_word' id='word_1_191' title='bbox 1509 3117 1650 3190; x_wconf 88' lang='lat' dir='ltr'><strong>consis-</strong></span> 
     </span>
     <span class='ocr_line' id='line_1_22' title="bbox 309 3233 1650 3337; baseline 0.007 -32"><span class='ocrx_word' id='word_1_192' title='bbox 309 3233 488 3308; x_wconf 85' lang='lat' dir='ltr'><strong>torialiter</strong></span> <span class='ocrx_word' id='word_1_193' title='bbox 505 3259 570 3332; x_wconf 91' lang='lat' dir='ltr'><strong>per</strong></span> <span class='ocrx_word' id='word_1_194' title='bbox 583 3236 829 3313; x_wconf 81' lang='lat' dir='ltr'><strong>Alexandrum</strong></span> <span class='ocrx_word' id='word_1_195' title='bbox 846 3243 988 3314; x_wconf 89' lang='lat' dir='ltr'><strong>sextum</strong></span> <span class='ocrx_word' id='word_1_196' title='bbox 1007 3247 1222 3316; x_wconf 88' lang='lat' dir='ltr'><strong>revocatum</strong></span> <span class='ocrx_word' id='word_1_197' title='bbox 1239 3245 1276 3314; x_wconf 92' lang='lat' dir='ltr'><strong>et</strong></span> <span class='ocrx_word' id='word_1_198' title='bbox 1294 3240 1497 3337; x_wconf 89' lang='lat' dir='ltr'><strong>peripsum</strong></span> <span class='ocrx_word' id='word_1_199' title='bbox 1515 3241 1650 3316; x_wconf 88' lang='lat' dir='ltr'><strong>confir-</strong></span> 
     </span>
     <span class='ocr_line' id='line_1_23' title="bbox 310 3360 1650 3462; baseline 0.006 -31"><span class='ocrx_word' id='word_1_200' title='bbox 310 3363 467 3452; x_wconf 87' lang='lat' dir='ltr'><strong>matum余</strong></span> <span class='ocrx_word' id='word_1_201' title='bbox 486 3360 633 3434; x_wconf 89' lang='lat' dir='ltr'><strong>tandem</strong></span> <span class='ocrx_word' id='word_1_202' title='bbox 651 3364 763 3438; x_wconf 91' lang='lat' dir='ltr'><strong>credo</strong></span> <span class='ocrx_word' id='word_1_203' title='bbox 781 3363 1087 3438; x_wconf 89' lang='lat' dir='ltr'><strong>consistorialiter</strong></span> <span class='ocrx_word' id='word_1_204' title='bbox 1098 3365 1287 3440; x_wconf 88' lang='lat' dir='ltr'><strong>decretum</strong></span> <span class='ocrx_word' id='word_1_205' title='bbox 1302 3363 1399 3461; x_wconf 90' lang='lat' dir='ltr'><strong>quod</strong></span> <span class='ocrx_word' id='word_1_206' title='bbox 1418 3363 1650 3462; x_wconf 88' lang='lat' dir='ltr'><strong>reciperetur</strong></span> 
     </span>
     <span class='ocr_line' id='line_1_24' title="bbox 311 3481 1649 3586; baseline 0.004 -30"><span class='ocrx_word' id='word_1_207' title='bbox 311 3481 361 3558; x_wconf 89' lang='lat' dir='ltr'><strong>uti</strong></span> <span class='ocrx_word' id='word_1_208' title='bbox 384 3483 536 3574; x_wconf 91' lang='lat' dir='ltr'><strong>dictum,</strong></span> <span class='ocrx_word' id='word_1_209' title='bbox 556 3485 639 3581; x_wconf 89' lang='lat' dir='ltr'><strong>quia</strong></span> <span class='ocrx_word' id='word_1_210' title='bbox 665 3487 808 3561; x_wconf 89' lang='lat' dir='ltr'><strong>auditor</strong></span> <span class='ocrx_word' id='word_1_211' title='bbox 828 3487 1028 3586; x_wconf 84' lang='lat' dir='ltr'><strong>Gurgensis</strong></span> <span class='ocrx_word' id='word_1_212' title='bbox 1045 3488 1205 3563; x_wconf 89' lang='lat' dir='ltr'><strong>ostendit</strong></span> <span class='ocrx_word' id='word_1_213' title='bbox 1224 3490 1332 3563; x_wconf 88' lang='lat' dir='ltr'><strong>breve</strong></span> <span class='ocrx_word' id='word_1_214' title='bbox 1351 3491 1414 3564; x_wconf 85' lang='lat' dir='ltr'><strong>SS.</strong></span> <span class='ocrx_word' id='word_1_215' title='bbox 1435 3491 1479 3562; x_wconf 87' lang='lat' dir='ltr'><strong>D.</strong></span> <span class='ocrx_word' id='word_1_216' title='bbox 1499 3490 1544 3561; x_wconf 91' lang='lat' dir='ltr'><strong>N.</strong></span> <span class='ocrx_word' id='word_1_217' title='bbox 1561 3488 1649 3562; x_wconf 85' lang='lat' dir='ltr'><strong>Julii</strong></span> 
     </span>
     <span class='ocr_line' id='line_1_25' title="bbox 310 3610 1649 3709; baseline 0.002 -27"><span class='ocrx_word' id='word_1_218' title='bbox 310 3629 417 3706; x_wconf 89' lang='lat' dir='ltr'><strong>pape,</strong></span> <span class='ocrx_word' id='word_1_219' title='bbox 437 3632 504 3706; x_wconf 90' lang='lat' dir='ltr'><strong>per</strong></span> <span class='ocrx_word' id='word_1_220' title='bbox 523 3611 620 3706; x_wconf 91' lang='lat' dir='ltr'><strong>quod</strong></span> <span class='ocrx_word' id='word_1_221' title='bbox 639 3610 758 3708; x_wconf 91' lang='lat' dir='ltr'><strong>ipsum</strong></span> <span class='ocrx_word' id='word_1_222' title='bbox 775 3611 958 3709; x_wconf 86' lang='lat' dir='ltr'><strong>legatione</strong></span> <span class='ocrx_word' id='word_1_223' title='bbox 976 3612 1217 3688; x_wconf 88' lang='lat' dir='ltr'><strong>confirmavit.</strong></span> <span class='ocrx_word' id='word_1_224' title='bbox 1243 3613 1493 3688; x_wconf 83' lang='lat' dir='ltr'><strong>iuterfuerunt</strong></span> <span class='ocrx_word' id='word_1_225' title='bbox 1505 3613 1649 3688; x_wconf 90' lang='lat' dir='ltr'><strong>consis-</strong></span> 
     </span>
     <span class='ocr_line' id='line_1_26' title="bbox 307 3733 1642 3830; baseline 0.004 -25"><span class='ocrx_word' id='word_1_226' title='bbox 307 3733 417 3822; x_wconf 91' lang='lat' dir='ltr'><strong>torio,</strong></span> <span class='ocrx_word' id='word_1_227' title='bbox 443 3757 465 3808; x_wconf 86' lang='lat' dir='ltr'><strong>a</strong></span> <span class='ocrx_word' id='word_1_228' title='bbox 490 3735 620 3830; x_wconf 89' lang='lat' dir='ltr'><strong>quibus</strong></span> <span class='ocrx_word' id='word_1_229' title='bbox 648 3736 860 3826; x_wconf 88' lang='lat' dir='ltr'><strong>associatus,</strong></span> <span class='ocrx_word' id='word_1_230' title='bbox 885 3736 1014 3812; x_wconf 90' lang='lat' dir='ltr'><strong>decem</strong></span> <span class='ocrx_word' id='word_1_231' title='bbox 1038 3743 1076 3812; x_wconf 90' lang='lat' dir='ltr'><strong>et</strong></span> <span class='ocrx_word' id='word_1_232' title='bbox 1097 3743 1181 3814; x_wconf 90' lang='lat' dir='ltr'><strong>octo</strong></span> <span class='ocrx_word' id='word_1_233' title='bbox 1207 3737 1427 3827; x_wconf 88' lang='lat' dir='ltr'><strong>cardinales,</strong></span> <span class='ocrx_word' id='word_1_234' title='bbox 1445 3736 1642 3812; x_wconf 85' lang='lat' dir='ltr'><strong>videlicet:</strong></span> 
     </span>
     <span class='ocr_line' id='line_1_27' title="bbox 309 3858 1647 3956; baseline 0.004 -25"><span class='ocrx_word' id='word_1_235' title='bbox 309 3858 580 3954; x_wconf 87' lang='lat' dir='ltr'><strong>Neapolitanus,</strong></span> <span class='ocrx_word' id='word_1_236' title='bbox 598 3862 872 3952; x_wconf 88' lang='lat' dir='ltr'><strong>Recanatensis,</strong></span> <span class='ocrx_word' id='word_1_237' title='bbox 887 3887 917 3936; x_wconf 90' lang='lat' dir='ltr'><strong>s.</strong></span> <span class='ocrx_word' id='word_1_238' title='bbox 939 3863 1125 3956; x_wconf 88' lang='lat' dir='ltr'><strong>Praxedis,</strong></span> <span class='ocrx_word' id='word_1_239' title='bbox 1140 3863 1419 3953; x_wconf 84' lang='lat' dir='ltr'><strong>Alexandrinus,</strong></span> <span class='ocrx_word' id='word_1_240' title='bbox 1436 3887 1467 3936; x_wconf 91' lang='lat' dir='ltr'><strong>s.</strong></span> <span class='ocrx_word' id='word_1_241' title='bbox 1486 3863 1585 3937; x_wconf 88' lang='lat' dir='ltr'><strong>Petri</strong></span> <span class='ocrx_word' id='word_1_242' title='bbox 1600 3864 1647 3936; x_wconf 88' lang='lat' dir='ltr'><strong>ad</strong></span> 
     </span>
    </p>
   </div>
   <div class='ocr_carea' id='block_1_5' title="bbox 308 3979 1647 4199">
    <p class='ocr_par' dir='ltr' id='par_1_7' title="bbox 308 3979 1647 4199">
     <span class='ocr_line' id='line_1_28' title="bbox 308 3979 1644 4087; baseline 0.001 -29"><span class='ocrx_word' id='word_1_243' title='bbox 308 3979 475 4074; x_wconf 88' lang='lat' dir='ltr'><strong>Vincula,</strong></span> <span class='ocrx_word' id='word_1_244' title='bbox 494 4008 523 4058; x_wconf 88' lang='lat' dir='ltr'><strong>s.</strong></span> <span class='ocrx_word' id='word_1_245' title='bbox 544 3987 682 4077; x_wconf 83' lang='lat' dir='ltr'><strong>Crucis,</strong></span> <span class='ocrx_word' id='word_1_246' title='bbox 700 3987 924 4087; x_wconf 63' lang='lat' dir='ltr'><strong>affligensis</strong></span> <span class='ocrx_word' id='word_1_247' title='bbox 943 3987 1150 4078; x_wconf 88' lang='lat' dir='ltr'><strong>Grimanns,</strong></span> <span class='ocrx_word' id='word_1_248' title='bbox 1175 3989 1406 4078; x_wconf 67' lang='lat' dir='ltr'><strong>arborensis,</strong></span> <span class='ocrx_word' id='word_1_249' title='bbox 1438 3987 1644 4084; x_wconf 78' lang='lat' dir='ltr'><strong>Regiensis,</strong></span> 
     </span>
     <span class='ocr_line' id='line_1_29' title="bbox 308 4099 1647 4199; baseline 0.004 -29"><span class='ocrx_word' id='word_1_250' title='bbox 308 4099 538 4190; x_wconf 84' lang='lat' dir='ltr'><strong>Guseutinus,</strong></span> <span class='ocrx_word' id='word_1_251' title='bbox 557 4103 819 4196; x_wconf 89' lang='lat' dir='ltr'><strong>Salernitanus,</strong></span> <span class='ocrx_word' id='word_1_252' title='bbox 837 4105 1113 4199; x_wconf 83' lang='lat' dir='ltr'><strong>Volaterranos,</strong></span> <span class='ocrx_word' id='word_1_253' title='bbox 1134 4105 1285 4197; x_wconf 89' lang='lat' dir='ltr'><strong>Fliscus,</strong></span> <span class='ocrx_word' id='word_1_254' title='bbox 1307 4105 1504 4196; x_wconf 77' lang='lat' dir='ltr'><strong>Adrianus,</strong></span> <span class='ocrx_word' id='word_1_255' title='bbox 1528 4103 1647 4178; x_wconf 88' lang='lat' dir='ltr'><strong>Medi-</strong></span> 
     </span>
    </p>
   </div>
   <div class='ocr_carea' id='block_1_6' title="bbox 304 4225 1645 5080">
    <p class='ocr_par' dir='ltr' id='par_1_8' title="bbox 309 4225 833 4322">
     <span class='ocr_line' id='line_1_30' title="bbox 309 4225 833 4322; baseline 0.015 -28"><span class='ocrx_word' id='word_1_256' title='bbox 309 4243 383 4315; x_wconf 76' lang='lat' dir='ltr'><strong>ceS,</strong></span> <span class='ocrx_word' id='word_1_257' title='bbox 403 4225 587 4322; x_wconf 79' lang='lat' dir='ltr'><strong>Aragonia</strong></span> <span class='ocrx_word' id='word_1_258' title='bbox 603 4234 639 4301; x_wconf 90' lang='lat' dir='ltr'><strong>et</strong></span> <span class='ocrx_word' id='word_1_259' title='bbox 654 4227 833 4302; x_wconf 89' lang='lat' dir='ltr'><strong>Elneusis.</strong></span> 
     </span>
    </p>

    <p class='ocr_par' dir='ltr' id='par_1_9' title="bbox 304 4346 1645 5080">
     <span class='ocr_line' id='line_1_31' title="bbox 357 4346 1645 4456; baseline 0.006 -38"><span class='ocrx_word' id='word_1_260' title='bbox 357 4346 464 4440; x_wconf 83' lang='lat' dir='ltr'><strong>Joris,</strong></span> <span class='ocrx_word' id='word_1_261' title='bbox 491 4349 618 4426; x_wconf 90' lang='lat' dir='ltr'><strong>ultima</strong></span> <span class='ocrx_word' id='word_1_262' title='bbox 640 4353 814 4446; x_wconf 88' lang='lat' dir='ltr'><strong>octobris,</strong></span> <span class='ocrx_word' id='word_1_263' title='bbox 846 4359 891 4431; x_wconf 87' lang='lat' dir='ltr'><strong>D.</strong></span> <span class='ocrx_word' id='word_1_264' title='bbox 920 4358 1105 4433; x_wconf 87' lang='lat' dir='ltr'><strong>lohannes</strong></span> <span class='ocrx_word' id='word_1_265' title='bbox 1140 4356 1185 4432; x_wconf 93' lang='lat' dir='ltr'><strong>de</strong></span> <span class='ocrx_word' id='word_1_266' title='bbox 1217 4361 1371 4456; x_wconf 85' lang='lat' dir='ltr'><strong>Burgus,</strong></span> <span class='ocrx_word' id='word_1_267' title='bbox 1399 4354 1645 4429; x_wconf 86' lang='lat' dir='ltr'><strong>subdiaconus</strong></span> 
     </span>
     <span class='ocr_line' id='line_1_32' title="bbox 309 4473 1643 4579; baseline 0.004 -35"><span class='ocrx_word' id='word_1_268' title='bbox 309 4473 543 4569; x_wconf 88' lang='lat' dir='ltr'><strong>apostolicus,</strong></span> <span class='ocrx_word' id='word_1_269' title='bbox 579 4477 769 4552; x_wconf 89' lang='lat' dir='ltr'><strong>ordinatus</strong></span> <span class='ocrx_word' id='word_1_270' title='bbox 798 4485 833 4554; x_wconf 90' lang='lat' dir='ltr'><strong>et</strong></span> <span class='ocrx_word' id='word_1_271' title='bbox 859 4481 1084 4579; x_wconf 88' lang='lat' dir='ltr'><strong>participans</strong></span> <span class='ocrx_word' id='word_1_272' title='bbox 1107 4481 1219 4556; x_wconf 88' lang='lat' dir='ltr'><strong>cessit</strong></span> <span class='ocrx_word' id='word_1_273' title='bbox 1244 4481 1326 4556; x_wconf 90' lang='lat' dir='ltr'><strong>loco</strong></span> <span class='ocrx_word' id='word_1_274' title='bbox 1355 4502 1434 4569; x_wconf 91' lang='lat' dir='ltr'><strong>su0,</strong></span> <span class='ocrx_word' id='word_1_275' title='bbox 1464 4477 1503 4550; x_wconf 94' lang='lat' dir='ltr'><strong>in</strong></span> <span class='ocrx_word' id='word_1_276' title='bbox 1532 4501 1643 4574; x_wconf 89' lang='lat' dir='ltr'><strong>quem</strong></span> 
     </span>
     <span class='ocr_line' id='line_1_33' title="bbox 307 4598 1642 4696; baseline 0.003 -26"><span class='ocrx_word' id='word_1_277' title='bbox 307 4598 482 4673; x_wconf 88' lang='lat' dir='ltr'><strong>successit</strong></span> <span class='ocrx_word' id='word_1_278' title='bbox 499 4605 543 4674; x_wconf 96' lang='lat' dir='ltr'><strong>D.</strong></span> <span class='ocrx_word' id='word_1_279' title='bbox 559 4601 721 4676; x_wconf 87' lang='lat' dir='ltr'><strong>Julianus</strong></span> <span class='ocrx_word' id='word_1_280' title='bbox 737 4604 838 4696; x_wconf 87' lang='lat' dir='ltr'><strong>Cibo,</strong></span> <span class='ocrx_word' id='word_1_281' title='bbox 857 4605 1103 4681; x_wconf 89' lang='lat' dir='ltr'><strong>cubicularius</strong></span> <span class='ocrx_word' id='word_1_282' title='bbox 1119 4610 1283 4682; x_wconf 91' lang='lat' dir='ltr'><strong>secretus</strong></span> <span class='ocrx_word' id='word_1_283' title='bbox 1295 4608 1358 4680; x_wconf 90' lang='lat' dir='ltr'><strong>SS.</strong></span> <span class='ocrx_word' id='word_1_284' title='bbox 1370 4609 1413 4679; x_wconf 91' lang='lat' dir='ltr'><strong>D.</strong></span> <span class='ocrx_word' id='word_1_285' title='bbox 1432 4601 1566 4692; x_wconf 90' lang='lat' dir='ltr'><strong>nostri,</strong></span> <span class='ocrx_word' id='word_1_286' title='bbox 1584 4601 1642 4675; x_wconf 91' lang='lat' dir='ltr'><strong>cui</strong></span> 
     </span>
     <span class='ocr_line' id='line_1_34' title="bbox 308 4723 1643 4828; baseline 0.002 -32"><span class='ocrx_word' id='word_1_287' title='bbox 308 4723 437 4799; x_wconf 89' lang='lat' dir='ltr'><strong>eodem</strong></span> <span class='ocrx_word' id='word_1_288' title='bbox 461 4725 571 4800; x_wconf 93' lang='lat' dir='ltr'><strong>modo</strong></span> <span class='ocrx_word' id='word_1_289' title='bbox 598 4727 777 4803; x_wconf 85' lang='lat' dir='ltr'><strong>Sanctitas</strong></span> <span class='ocrx_word' id='word_1_290' title='bbox 803 4753 868 4805; x_wconf 89' lang='lat' dir='ltr'><strong>sua</strong></span> <span class='ocrx_word' id='word_1_291' title='bbox 895 4731 932 4804; x_wconf 91' lang='lat' dir='ltr'><strong>in</strong></span> <span class='ocrx_word' id='word_1_292' title='bbox 959 4738 1218 4822; x_wconf 90' lang='lat' dir='ltr'><strong>camera,ante</strong></span> <span class='ocrx_word' id='word_1_293' title='bbox 1249 4725 1643 4828; x_wconf 90' lang='lat' dir='ltr'><strong>prandium,imposuit</strong></span> 
     </span>
     <span class='ocr_line' id='line_1_35' title="bbox 306 4847 1638 4955; baseline 0.001 -33"><span class='ocrx_word' id='word_1_294' title='bbox 306 4847 472 4924; x_wconf 91' lang='lat' dir='ltr'><strong>habitum</strong></span> <span class='ocrx_word' id='word_1_295' title='bbox 501 4851 812 4948; x_wconf 88' lang='lat' dir='ltr'><strong>subdiaconalem,</strong></span> <span class='ocrx_word' id='word_1_296' title='bbox 837 4855 1043 4932; x_wconf 89' lang='lat' dir='ltr'><strong>rochettum</strong></span> <span class='ocrx_word' id='word_1_297' title='bbox 1062 4863 1098 4932; x_wconf 94' lang='lat' dir='ltr'><strong>et</strong></span> <span class='ocrx_word' id='word_1_298' title='bbox 1125 4853 1446 4955; x_wconf 88' lang='lat' dir='ltr'><strong>cappam余deinde</strong></span> <span class='ocrx_word' id='word_1_299' title='bbox 1473 4851 1572 4926; x_wconf 87' lang='lat' dir='ltr'><strong>dicto</strong></span> <span class='ocrx_word' id='word_1_300' title='bbox 1596 4853 1638 4924; x_wconf 95' lang='lat' dir='ltr'><strong>D.</strong></span> 
     </span>
     <span class='ocr_line' id='line_1_36' title="bbox 304 4973 1639 5080; baseline 0.002 -35"><span class='ocrx_word' id='word_1_301' title='bbox 304 4973 459 5050; x_wconf 83' lang='lat' dir='ltr'><strong>lohanni</strong></span> <span class='ocrx_word' id='word_1_302' title='bbox 475 5001 583 5074; x_wconf 91' lang='lat' dir='ltr'><strong>quem</strong></span> <span class='ocrx_word' id='word_1_303' title='bbox 597 5003 618 5054; x_wconf 90' lang='lat' dir='ltr'><strong>a</strong></span> <span class='ocrx_word' id='word_1_304' title='bbox 633 4980 909 5080; x_wconf 89' lang='lat' dir='ltr'><strong>participatione</strong></span> <span class='ocrx_word' id='word_1_305' title='bbox 922 4983 1069 5076; x_wconf 88' lang='lat' dir='ltr'><strong>amovit,</strong></span> <span class='ocrx_word' id='word_1_306' title='bbox 1084 4987 1121 5058; x_wconf 88' lang='lat' dir='ltr'><strong>et</strong></span> <span class='ocrx_word' id='word_1_307' title='bbox 1132 4981 1189 5058; x_wconf 90' lang='lat' dir='ltr'><strong>cui</strong></span> <span class='ocrx_word' id='word_1_308' title='bbox 1208 4982 1363 5056; x_wconf 88' lang='lat' dir='ltr'><strong>dederat</strong></span> <span class='ocrx_word' id='word_1_309' title='bbox 1380 4978 1415 5052; x_wconf 92' lang='lat' dir='ltr'><strong>in</strong></span> <span class='ocrx_word' id='word_1_310' title='bbox 1428 4999 1639 5074; x_wconf 88' lang='lat' dir='ltr'><strong>recompen-</strong></span> 
     </span>
    </p>
   </div>
   <div class='ocr_carea' id='block_1_7' title="bbox 343 5245 739 5321">
    <p class='ocr_par' dir='ltr' id='par_1_10' title="bbox 343 5245 739 5321">
     <span class='ocr_line' id='line_1_37' title="bbox 343 5245 739 5321; baseline 0.043 -18"><span class='ocrx_word' id='word_1_311' title='bbox 343 5245 369 5307; x_wconf 92' lang='lat' dir='ltr'><strong>l.</strong></span> <span class='ocrx_word' id='word_1_312' title='bbox 389 5246 445 5321; x_wconf 85' lang='lat' dir='ltr'><strong>Sic,</strong></span> <span class='ocrx_word' id='word_1_313' title='bbox 458 5250 527 5312; x_wconf 87' lang='lat' dir='ltr'><strong>daus</strong></span> <span class='ocrx_word' id='word_1_314' title='bbox 541 5261 603 5317; x_wconf 85' lang='lat' dir='ltr'><strong>tous</strong></span> <span class='ocrx_word' id='word_1_315' title='bbox 618 5258 657 5319; x_wconf 90' lang='lat' dir='ltr'><strong>les</strong></span> <span class='ocrx_word' id='word_1_316' title='bbox 672 5279 739 5320; x_wconf 86' lang='lat' dir='ltr'><strong>mss.</strong></span> 
     </span>
    </p>
   </div>
   <div class='ocr_carea' id='block_1_8' title="bbox 0 0 1764 6036">
    <p class='ocr_par' dir='ltr' id='par_1_11' title="bbox 0 0 1764 6036">
     <span class='ocr_line' id='line_1_38' title="bbox 0 0 1764 6036; baseline 0 5"><span class='ocrx_word' id='word_1_317' title='bbox 0 0 1764 6036; x_wconf 95' lang='lat' dir='ltr'><strong> </strong></span> 
     </span>
    </p>
   </div>
  </div>
 </body>
</html>
