3590 6042
328 628 365 684 92
788 623 964 682 JOHANNIS
989 621 1212 695 BURCHARDI,
1457 626 1579 690 [lanvler
1594 627 1667 688 tsot]

380 777 446 854 Dic
468 775 653 867 mercurii,
685 778 898 876 ttjanuarii,
935 777 1029 853 sesto
1055 778 1248 877 epiphanie
1270 779 1429 870 Domini,
1456 780 1525 855 luit
1552 779 1668 854 missa

332 903 505 981 solemnis
521 901 557 974 in
576 901 716 998 capella
743 903 920 999 predicta,
936 927 1045 999 quam
1064 903 1261 978 celebravit
1283 909 1408 980 Rmus.
1428 910 1471 979 ll.
1495 905 1669 978 cardina·

330 1029 375 1104 lis
391 1027 438 1125 (l)
445 1083 517 1102 .....
536 1030 633 1123 Papa
662 1027 775 1101 etiam
802 1032 988 1125 presente.
1012 1025 1091 1104 N'on
1117 1029 1183 1103 luit
1214 1053 1348 1120 sermo,
1371 1054 1481 1128 quem
1508 1029 1670 1104 debebat

332 1152 463 1228 iecisse
482 1155 705 1249 procurator
727 1151 866 1226 ordinis
888 1173 1073 1228 servorum
1091 1153 1127 1228 b.
1147 1154 1274 1244 Mario,
1294 1154 1464 1229 omnibus
1484 1151 1668 1228 molestus

333 1283 369 1352 et
396 1276 556 1351 tediosus
585 1276 706 1350 nimis.
730 1276 822 1362 Quis
846 1281 943 1374 Papa
966 1277 1073 1350 exivit
1101 1278 1220 1369 tarde,
1252 1283 1445 1376 propterea
1476 1278 1669 1352 sollicitavi

334 1402 428 1500 apud
453 1402 691 1476 Smrotitatem
715 1423 817 1476 suam
839 1405 877 1478 cl
899 1405 1053 1476 ltllmos.
1087 1406 1162 1476 llll.
1191 1403 1397 1478 cardinales
1422 1403 1521 1499 quod
1545 1425 1669 1476 sermo

333 1525 542 1623 hujusmodi
564 1527 915 1623 pretermitteretur,
945 1551 1029 1602 cum
1054 1533 1175 1615 assent
1195 1551 1347 1625 vespere
1377 1528 1424 1602 he
1454 1525 1669 1600 ceremonia

334 1651 432 1726 circa
447 1651 654 1726 clausuram
669 1660 857 1748 portarum
885 1651 1063 1728 facienda.
1081 1653 1159 1726 Alia
1176 1675 1279 1727 more
1303 1654 1427 1728 solito.

386 1779 485 1852 Hora
505 1799 754 1873 vesperarum,
782 1777 906 1850 thmi.
931 1780 1007 1852 DD.
1030 1777 1234 1852 cardinales
1263 1779 1482 1852 Cusentinus
1503 1785 1541 1852 et
1564 1778 1671 1850 liuti-

341 1901 464 1976 nensis
488 1901 727 1976 veneruntad
747 1923 917 1999 vesperas
948 1901 994 1977 ad
1010 1901 1197 1976 basilicam
1217 1903 1392 2000 principis
1417 1903 1673 2000 apostolorum

338 2026 469 2123 quibus
495 2025 758 2117 interfuerunt3
786 2025 1010 2100 sederuntin
1028 2027 1144 2101 choro
1171 2028 1346 2126 incapite
1372 2027 1479 2101 banci
1505 2051 1527 2100 a
1556 2051 1672 2100 cornu

339 2150 491 2248 epistole
507 2151 632 2226 altaris
645 2175 755 2249 super
771 2152 911 2225 dnobus
927 2152 1101 2243 cussinis3
1119 2159 1203 2248 post
1219 2175 1283 2228 eos
1294 2154 1332 2226 in
1348 2153 1464 2226 banco
1479 2151 1675 2226 humiliter
1782 2209 1783 2246 ,

339 2276 510 2352 sederunt
532 2277 724 2375 episcopus
749 2276 1006 2364 Cabolicensis,
1032 2277 1226 2375 episcopus
1250 2279 1510 2353 Narniensiset
1526 2278 1673 2376 episco-

339 2426 406 2500 pus
423 2401 611 2477 lmolensis
630 2403 826 2478 canonicus
855 2410 892 2478 et
911 2407 1067 2500 quatuor
1091 2403 1151 2478 alii
1167 2405 1333 2478 canonici
1354 2405 1449 2478 dicto
1470 2403 1620 2478 basilice
1636 2403 1674 2475 in

340 2529 509 2626 opposito
528 2528 783 2619 cardinalium;
801 2529 958 2602 insimili
979 2529 1097 2603 banco
1114 2533 1157 2602 b.
1176 2529 1321 2602 Brutius
1337 2531 1382 2604 de
1402 2533 1540 2617 Monte,
1560 2550 1675 2602 cano·
1782 2585 1783 2634 4

342 2653 442 2726 nicus
464 2653 559 2728 dicte
585 2653 732 2728 basilice
760 2653 795 2726 in
814 2654 959 2750 pluviali
975 2653 1390 2751 officiumvesperarum
1415 2653 1566 2743 taciens,
1590 2659 1674 2749 post
1782 2641 1783 2646 ’

341 2801 424 2850 eum
443 2779 604 2875 episcopi
618 2778 818 2869 Adrieusis,
835 2778 1080 2852 Crotoniensis
1104 2785 1140 2852 et
1157 2779 1284 2853 decem
1301 2779 1360 2852 alii
1381 2779 1558 2854 canonici.
1576 2778 1675 2851 Fini·
1705 2777 1708 2784 '
1782 2835 1783 2866 ,

343 2902 390 2977 tis
410 2903 584 3000 vesperis,
608 2903 801 2976 distributa
824 2902 972 2978 luerunt
998 2903 1239 2978 cardinalibus
1266 2904 1439 3001 predialis
1465 2913 1502 2976 et
1521 2903 1674 2999 singulis
1782 2985 1783 2992 ἵ

345 3027 529 3102 canonicis
546 3028 826 3119 intortitiaalba,
846 3035 882 3102 et
897 3029 1122 3104 beneficiatis
1138 3029 1327 3104 etolericis
1343 3029 1507 3128 ejusdem
1523 3027 1675 3102 basilice
1782 3005 1783 3032 ³

343 3153 461 3228 facule
478 3153 560 3228 albe
578 3154 683 3228 unius
698 3153 790 3227 libre
808 3153 981 3250 quelibet;
1005 3163 1041 3228 et
1057 3155 1223 3229 ordinata
1241 3155 1429 3252 processio
1449 3178 1516 3250 per
1533 3161 1676 3250 portam
1782 3223 1783 3226 ,

343 3279 502 3354 mediam
517 3278 665 3352 basilice
681 3278 857 3375 predicte,
876 3279 1084 3354 cantoribus
1101 3279 1327 3354 cantantibus
1338 3279 1515 3376 hymnum
1528 3303 1535 3351 :
1549 3277 1677 3350 Hostis

344 3401 517 3494 Herodes,
541 3405 659 3500 impie.
685 3406 774 3476 Cum
797 3425 961 3478 essemus
984 3403 1080 3478 circa
1103 3411 1245 3499 portam
1275 3403 1431 3477 mediam
1455 3403 1674 3500 predictam,
1782 3437 1783 3472 1

345 3529 464 3604 adhuc
479 3529 572 3602 intra
587 3527 785 3621 basilicam,
804 3535 971 3603 ostensus
987 3537 1040 3602 est
1056 3528 1191 3626 populo
1208 3527 1324 3602 uultus
1345 3526 1507 3616 Domini3
1525 3549 1598 3622 quo
1614 3549 1677 3598 os·
1782 3603 1783 3606 ,

345 3661 461 3744 tenso,
479 3653 663 3750 prosecuti
680 3677 804 3727 sumus
820 3653 1091 3751 processionem
1107 3659 1353 3748 nostramque
1370 3651 1513 3724 intravit
1533 3659 1678 3748 portam

344 3801 506 3868 auream,
530 3779 627 3853 circa
651 3801 761 3876 quam
776 3778 821 3852 ab
849 3785 952 3852 extra
972 3785 1049 3852 erat
1072 3777 1293 3874 guberuator
1314 3777 1419 3851 Urbis
1439 3799 1523 3852 cum
1552 3776 1678 3849 multis

343 3903 526 4003 peditibus
542 3909 579 3978 et
599 3902 751 4000 guardia
773 3907 868 4000 Pape
885 3902 1171 3978 custodientibus
1184 3909 1220 3978 et
1242 3902 1518 4000 precaveutibus
1534 3924 1580 3974 ue
1597 3901 1681 3997 quis

344 4029 535 4105 hominum
549 4039 632 4126 post
647 4027 849 4102 cardinales
865 4028 1048 4126 predictos
1064 4035 1211 4131 portam
1223 4051 1372 4102 auream
1389 4027 1557 4116 intraret;
1576 4033 1613 4100 et
1634 4025 1681 4100 ab

247 4201 248 4204 =
345 4143 439 4230 iulus
449 4161 485 4228 et
500 4161 603 4228 extra
618 4159 721 4228 erant
734 4153 896 4252 magistri
913 4159 1068 4251 quatuor
1081 4160 1117 4228 et
1130 4153 1317 4228 manuales
1327 4151 1473 4226 circiter
1483 4151 1681 4226 duodecim

344 4281 507 4355 locantes
538 4279 677 4376 lapides
701 4289 736 4354 et
759 4287 967 4356 cementum
987 4279 1085 4353 intus
1108 4287 1145 4352 et
1159 4285 1262 4352 extra
1272 4277 1309 4350 in
1325 4276 1518 4350 sufficienti
1534 4277 1681 4373 quanti-

348 4413 434 4481 tate.
456 4404 671 4479 lntrsvimus
693 4405 802 4502 igitur
828 4405 865 4478 in
888 4405 960 4480 fine
986 4403 1245 4503 processionis,
1268 4407 1391 4476 llmus.
1412 4404 1454 4474 D.
1485 4400 1681 4474 cardinalis

347 4530 561 4607 Mutinensis
578 4529 645 4602 sibi
663 4529 730 4627 ipsi
750 4531 901 4605 caudam
921 4537 1084 4629 portans,
1109 4537 1145 4602 et
1168 4551 1236 4626 ego
1257 4534 1339 4626 post
1355 4550 1453 4617 eum,
1472 4532 1605 4624 etpost
1621 4549 1682 4599 me

348 4657 541 4733 cardinalis
556 4656 773 4731 Cusentinus
789 4655 898 4729 etiam
915 4655 994 4754 ipse
1008 4656 1162 4729 caudam
1178 4677 1292 4752 cappe
1308 4676 1373 4727 sue
1389 4651 1579 4740 delereus;
1598 4657 1682 4748 post

349 4781 583 4858 Cusentinum
597 4779 920 4856 nulluslamiliaris
940 4785 1039 4856 Unus
1056 4804 1100 4855 ex
1116 4781 1190 4853 suis
1206 4779 1374 4876 deposuit
1388 4776 1683 4875 superliminare

349 4915 454 5007 porta
474 4929 586 4981 aurea
608 4907 653 4980 ab
676 4912 777 4980 extra
801 4929 910 4980 unam
931 4906 1066 5003 petiam
1092 4927 1239 4980 auream
1261 4903 1393 4978 valoris
1420 4901 1685 4998 quinquaginta

352 5025 1684 5129 ducatorum,etaliusaliampetiamargenteamvalorisincarlenistrium

389 5309 413 5362 t.
434 5306 475 5362 En
487 5305 568 5362 blano
581 5306 650 5361 dans
666 5311 728 5362 tous
742 5303 783 5362 les
797 5323 883 5366 mss..
