3502 6036
102 608 266 672 [sennen]
428 607 812 666 nmuu‘uamurnuu
835 589 1095 667 connsurnuu.
1382 615 1430 672 rar

105 770 210 838 tatem
233 761 305 859 ipsi
333 761 480 836 domino
500 783 585 836 cum
603 762 709 836 bonis
738 763 811 836 suis
837 771 969 839 elnon
992 773 1186 855 servatam,
1213 765 1274 861 qui
1302 767 1433 840 ductus

105 889 164 962 luit
181 892 350 976 Romam,
368 893 407 962 et
421 887 459 960 in
475 892 597 962 castro
614 912 643 959 s.
662 889 790 984 Angeli
807 889 986 978 detentus,
1005 913 1214 985 quanquam
1230 889 1336 962 etatis
1355 897 1434 964 erat

105 1011 364 1111 septemdecim
382 1021 567 1087 annorum
581 1013 638 1088 vel
659 1013 805 1087 circiter
826 1014 924 1087 idem
946 1014 1116 1088 dominus
1134 1021 1169 1086 et
1188 1013 1433 1111 pulcherrime

103 1162 253 1238 persone
272 1145 309 1214 et
326 1145 494 1237 aspectus
506 1137 567 1236 (t).
584 1139 691 1212 Circa
706 1139 906 1212 secundam
922 1137 1055 1212 borum
1071 1147 1107 1212 et
1122 1139 1280 1212 medium
1298 1140 1429 1229 noctis,

105 1272 134 1340 et
157 1265 270 1338 eliam
287 1265 325 1337 in
343 1285 464 1352 mane,
494 1263 600 1336 tracti
625 1270 708 1336 sunt
732 1261 835 1335 multi
860 1255 1011 1359 sclopeti
1036 1262 1073 1334 in
1095 1268 1214 1337 castro
1239 1289 1268 1336 s.
1289 1263 1430 1362 Angeli.

105 1387 275 1485 Princeps
291 1385 477 1485 Squillaci,
495 1384 609 1460 frater
625 1387 725 1462 ducis
740 1383 936 1478 Valentini,
955 1391 991 1458 et
1006 1388 1155 1463 Carolus
1171 1389 1321 1464 Ursinus
1337 1389 1435 1486 equi-

106 1521 265 1590 taverunt
289 1537 356 1611 per
378 1513 512 1588 Urbem
534 1533 794 1610 permagnam
815 1513 961 1606 partem
986 1512 1118 1603 noctis,
1144 1537 1165 1585 a
1192 1513 1306 1586 multa
1327 1517 1434 1609 gente

105 1639 268 1714 associati
294 1663 378 1714 cum
400 1637 595 1716 intortioiis
619 1643 656 1712 et
681 1635 1026 1728 clamantesDucu,
1058 1638 1161 1728 derce,
1194 1637 1297 1726 Lero,
1327 1637 1431 1711 Urso.

107 1765 198 1839 Paeti
216 1771 303 1839 sunt
320 1765 424 1839 multi
438 1766 541 1865 ignes
559 1787 625 1862 per
644 1766 820 1861 burgum.

148 1889 212 1962 llie
228 1911 315 1963 vero
331 1891 458 1964 martis
474 1889 655 1988 sequenti,
674 1888 944 1986 proclamatum
961 1913 1028 1986 par
1045 1890 1178 1964 Urbem
1192 1890 1289 1987 quod
1306 1890 1436 1964 fierent

107 2013 232 2111 ubique
257 2015 361 2112 ignes
384 2021 533 2114 propter
554 2015 766 2113 hujusmodi
789 2013 977 2088 victoriam
999 2016 1173 2090 habitam.
1195 2019 1235 2089 ln
1259 2038 1331 2112 quo
1354 2039 1435 2089 sero

109 2138 245 2234 pulsata
262 2145 320 2214 cst
339 2141 458 2240 major
476 2163 652 2236 campana
669 2138 835 2236 Capitolii
854 2163 862 2227 ;
882 2139 998 2212 lactus
1017 2140 1111 2237 ignis
1131 2141 1167 2214 in
1187 2140 1309 2238 platea
1331 2139 1436 2236 Capi-

109 2263 200 2354 tulii;
219 2265 338 2362 posite
354 2265 505 2340 candele
523 2265 785 2363 perleneslras
804 2264 1023 2362 palatiorum
1038 2268 1219 2341 senatoris
1235 2271 1271 2339 et
1288 2289 1435 2341 conser-

109 2393 296 2482 vatorum;
325 2391 412 2466 lacti
443 2391 546 2490 ignes
577 2396 662 2465 ante
692 2391 822 2464 domus
852 2390 1090 2466 cardinalium
1117 2393 1249 2465 Montis
1276 2391 1433 2490 Regalis,

113 2518 277 2616 Capuani,
299 2516 488 2617 Regiensis
503 2521 540 2591 et
557 2517 755 2591 multorum
771 2521 1031 2608 Romanorum,
1055 2522 1091 2590 et
1107 2517 1144 2590 in
1164 2541 1294 2615 campo
1313 2517 1434 2605 Flore,

113 2641 263 2741 majores
281 2666 392 2739 quem
411 2642 447 2714 in
464 2643 556 2716 lesto
575 2643 827 2739 apostolorum
846 2644 942 2716 Petri
961 2649 997 2718 et
1015 2643 1116 2716 Pauli
1137 2643 1217 2718 lieri
1238 2666 1437 2717 consueve-

112 2772 186 2840 runt
199 2766 260 2865 (2).

155 2891 431 2967 Annivarsarius
460 2892 566 2966 Urbis
589 2892 736 2966 condite
763 2894 841 2966 dies
868 2899 923 2965 est
951 2898 997 2966 20
1024 2891 1147 2991 aprilis
1169 2893 1216 2992 (3)
1246 2892 1434 2968 consuerit

114 3015 254 3114 singulis
282 3017 388 3091 annis
417 3042 440 3090 a
466 3018 584 3115 poetis
615 3017 722 3091 Urbis
740 3018 944 3109 celebrari;
965 3019 1077 3115 quod,
1102 3019 1130 3092 si
1152 3023 1251 3094 recle
1272 3019 1434 3110 memini,

118 3143 328 3239 Pomponius
352 3146 462 3217 Letus
489 3148 600 3240 poeta
625 3141 823 3232 laureatus,
855 3143 992 3240 primus
1018 3167 1039 3217 a
1066 3146 1192 3241 paucis
1217 3145 1320 3219 arnis
1346 3145 1438 3219 eitra

148 3417 172 3480 l.
192 3417 231 3473 La
243 3416 355 3475 defense
370 3417 404 3476 de
419 3417 523 3476 Faenza
540 3419 581 3476 lut
600 3419 649 3475 des
667 3419 728 3494 plus
742 3417 896 3494 glorieuses
911 3426 938 3476 et
953 3437 988 3475 ne
1002 3421 1044 3475 lut
1058 3419 1171 3478 souillers
1190 3439 1240 3495 par
1258 3440 1365 3480 aucune
1380 3431 1436 3482 tra·

115 3507 195 3566 bisen:
209 3505 295 3583 (Voy.
310 3511 327 3565 e
340 3507 422 3582 l'app.
441 3526 470 3565 n.
490 3509 532 3578 ll,
545 3509 572 3564 la
587 3507 700 3566 relation
719 3509 755 3566 du
771 3507 956 3566 commissaire
972 3509 1098 3566 florentin
1113 3509 1226 3583 Aloysio
1239 3512 1272 3568 de
1285 3513 1393 3570 Stulat
1411 3513 1437 3570 la

115 3599 288 3673 Seigneurie.)
304 3601 340 3658 Ge
356 3598 428 3656 n'est
442 3597 569 3672 qu’apres
591 3597 667 3655 evoir
680 3597 774 3671 epuise
789 3604 851 3656 tous
867 3598 906 3655 les
921 3614 1036 3673 moyeus
1051 3598 1085 3654 de
1100 3599 1250 3655 resistance
1265 3616 1318 3672 que
1337 3599 1365 3655 la
1377 3598 1440 3656 ville

116 3705 141 3743 se
152 3685 242 3746 decide
255 3693 272 3745 e
284 3705 405 3763 enroyer
417 3705 471 3745 uno
484 3685 644 3762 deputation
659 3705 696 3744 au
710 3705 788 3762 camp
802 3688 837 3744 de
850 3685 935 3745 Cesar
949 3704 1018 3760 pour
1030 3687 1068 3743 lui
1082 3686 1148 3743 laire
1161 3704 1191 3744 sa
1200 3686 1376 3754 soumission,
1389 3687 1441 3746 ela

114 3777 241 3836 condition
255 3795 310 3852 que
324 3778 352 3834 la
360 3777 404 3834 vie
414 3783 442 3834 et
449 3777 489 3834 les
501 3773 582 3834 biens
595 3777 644 3833 des
655 3775 796 3834 habitante
806 3783 834 3834 et
847 3777 881 3833 de
892 3777 950 3833 leur
961 3775 1098 3850 Saigneur
1109 3765 1227 3834 seruirent
1241 3782 1391 3850 respectes.
1404 3777 1441 3837 Ce

113 3872 235 3930 trm'tebrt
245 3871 324 3946 signe
331 3868 356 3926 le
370 3868 406 3923 25
415 3865 493 3936 avril,
509 3871 536 3924 et
550 3866 575 3922 le
589 3865 741 3924 lendemain
757 3865 797 3922 les
812 3866 932 3922 enciens
942 3865 1064 3940 juraient
1078 3865 1178 3922 fidelite
1193 3871 1210 3922 a
1224 3866 1308 3924 Cesar
1323 3867 1435 3942 borgia.

115 3960 187 4035 (l'oy.
202 3959 297 4031 Aleisi,
312 3979 341 4036 p.
359 3959 411 4016 171
425 3961 453 4014 et
468 3957 528 4015 doc.
540 3957 585 4025 29,
598 3961 625 4028 et
637 3954 743 4029 el'epp.
755 3966 787 4010 n⁰
801 3957 836 4010 12
846 3961 874 4012 et
884 3956 928 4024 13,
940 3953 981 4012 les
991 3956 1127 4030 depecbes
1137 3955 1277 4030 d'rtlopsio
1291 3957 1325 4014 de
1335 3957 1401 4014 Stul
1418 3960 1437 4028 .)

114 4049 152 4102 Au
165 4049 260 4124 mepris
279 4049 315 4105 da
335 4046 446 4104 l'article
460 4048 478 4102 2
492 4045 529 4102 du
546 4044 625 4102 traite
642 4044 690 4118 qui
710 4043 849 4101 accordait
863 4061 897 4100 au
909 4045 993 4118 jeune
1007 4046 1120 4102 Astorre
1136 4045 1164 4102 la
1180 4045 1274 4102 liberte
1290 4045 1382 4102 d'aller
1402 4052 1438 4104 ob

114 4136 163 4194 bon
178 4137 214 4194 lui
232 4136 399 4206 semblerait‚
415 4135 500 4194 Cesar
514 4133 642 4210 l'enroye
659 4133 812 4208 prisonuier
831 4137 848 4189 1
869 4133 966 4204 Rome,
987 4139 1023 4190 ob
1040 4134 1059 4190 il
1078 4135 1172 4192 deruit
1188 4137 1262 4210 perir
1281 4139 1440 4196 miserable·

114 4233 182 4284 ment
193 4228 297 4284 lennes
313 4225 451 4284 suivante.
468 4224 538 4299 Voy.
557 4224 707 4288 Burcbard,
725 4224 781 4281 ela
793 4223 857 4280 date
871 4224 908 4279 du
916 4223 994 4298 jeudi
1008 4225 1025 4279 9
1039 4224 1099 4295 J'uin
1115 4227 1193 4298 1502.

144 4318 169 4371 2.
187 4317 224 4374 Le
242 4335 315 4392 pepe
334 4332 444 4372 uomma
461 4331 512 4371 son
533 4313 576 4369 fils
598 4313 651 4370 duc
672 4313 706 4369 do
720 4313 863 4386 Romegne
883 4319 911 4369 et
924 4312 963 4368 lui
980 4330 1087 4386 envoya
1106 4313 1133 4369 la
1149 4331 1210 4372 rose
1226 4317 1293 4374 d'or.
1311 4341 1325 4370 «ι
1402 4319 1441 4375 La

115 4400 228 4462 Sanctitl
240 4406 284 4462 del
297 4405 375 4478 Papa
393 4403 429 4460 ba
446 4402 575 4461 mandato
589 4402 616 4458 al
630 4403 707 4459 Duca
719 4400 896 4459 Valentinese
908 4401 927 4458 il
945 4401 1022 4460 titolo
1037 4402 1064 4458 di
1080 4403 1156 4459 Duca
1171 4404 1198 4460 di
1218 4406 1373 4481 Romagnia
1388 4426 1440 4465 con

115 4491 139 4548 la
148 4491 261 4552 terrem
273 4500 301 4551 et
319 4492 407 4567 spada
421 4497 449 4550 et
461 4491 544 4550 etiam
558 4490 577 4548 li
589 4492 625 4550 ba
639 4493 767 4550 mandato
787 4492 814 4547 la
829 4509 893 4549 rosa
907 4491 934 4549 di
949 4498 1047 4566 questo
1069 4510 1151 4564 anno,
1166 4494 1246 4568 quale
1259 4494 1278 4550 il
1294 4495 1371 4569 Papa
1385 4513 1439 4552 non

117 4579 157 4636 uie
168 4589 261 4655 questa
272 4584 439 4658 quarexima,
454 4598 499 4638 ma
518 4580 696 4638 riservossela
711 4580 739 4636 in
754 4598 894 4640 camera...
910 4603 924 4633 »
940 4582 1031 4638 Lettre
1045 4581 1082 4638 du
1103 4586 1135 4637 17
1151 4583 1204 4640 mai
1220 4586 1285 4640 1501
1304 4584 1337 4640 de
1357 4584 1440 4639 Fran.

116 4672 260 4747 uesooPepi
275 4677 292 4730 e
306 4669 333 4728 la
347 4669 519 4744 seigneurie.
537 4669 621 4744 (Clas.
633 4671 668 4740 X,
684 4670 749 4727 dist.
764 4673 791 4740 l,
807 4671 868 4728 fllza
880 4673 926 4740 65,
942 4687 992 4728 ac.
1010 4672 1084 4742 176.)

148 4759 172 4814 3.
188 4761 241 4832 Sic,
256 4761 401 4820 elanstouu
416 4761 456 4817 les
472 4777 551 4829 mss,
567 4777 617 4833 par
627 4777 720 4816 erreur
733 4761 767 4816 de
779 4760 921 4816 Burehurd
937 4778 972 4816 ou
988 4761 1038 4818 des
1054 4761 1195 4835 copistes:
1211 4761 1309 4818 onsait
1324 4779 1357 4818 en
1369 4763 1438 4818 ‘ellat

118 4863 166 4919 que
178 4847 348 4908 lalandalion
360 4850 395 4907 de
410 4849 496 4908 Rome
511 4854 558 4906 aut
571 4848 626 4906 lieu
640 4849 664 4906 le
678 4851 710 4906 21
728 4848 805 4922 arril.
821 4849 933 4906 Fsisant
948 4848 1066 4907 allusion
1080 4869 1114 4907 au
1129 4851 1245 4924 premier
1254 4849 1439 4906 anniversales

118 4934 150 4990 de
161 4933 185 4993 la
197 4938 334 4996 londation
346 4941 380 4996 de
394 4937 481 4996 llome
495 4939 542 5012 qui
557 4938 630 4995 avait
641 4941 684 4995 ete
700 4938 806 4995 celebre
821 4957 868 4994 sur
878 4937 905 4996 le
914 4938 1036 5008 Quirinal
1051 4941 1075 4996 le
1089 4941 1124 4995 20
1138 4939 1204 4996 uvril
1221 4941 1297 5004 1183,
1314 4939 1438 5013 Rupbael

120 5023 151 5079 de
167 5025 283 5085 Volterra
299 5027 408 5086 declere
426 5043 480 5102 que
494 5032 565 5086 cette
580 5027 714 5086 solennite
729 5029 770 5085 lut
790 5050 804 5080 u
823 5027 848 5084 le
868 5035 1099 5086 commencsment
1120 5029 1153 5085 de
1171 5029 1198 5084 la
1217 5027 1385 5085 destruction
1404 5027 1439 5086 de

122 5109 198 5170 hiol-
213 5141 226 5168 r
238 5120 326 5192 ltuplr.
345 5119 484 5176 Volaterr.
503 5119 669 5190 anthropol„
686 5117 760 5186 XXl,
776 5135 804 5192 p.
820 5119 883 5174 492.
900 5118 969 5192 Voy.
986 5119 1062 5176 aussi
1077 5120 1100 5174 le
1116 5120 1237 5175 dtur-ium
1251 5117 1285 5173 de
1299 5117 1384 5174 laceb
1403 5117 1436 5172 de

122 5198 231 5262 Volterra
247 5207 315 5264 dans
336 5205 478 5276 Muratori‚
495 5209 600 5279 script.
623 5210 685 5264 lter.
706 5209 787 5274 ltut.‚
807 5212 827 5265 t.
849 5207 948 5276 Xlllll,
968 5227 995 5281 p.
1018 5210 1085 5268 lel:
1108 5207 1255 5277 lnlessura‚
1276 5206 1326 5287 col.
1351 5207 1435 5272 1163;

124 5285 229 5364 Plaline,
243 5295 284 5353 rie
298 5297 332 5354 de
346 5297 415 5355 Paul
428 5297 469 5367 113
482 5295 650 5366 Trebosohi,
664 5301 720 5355 etc.
1257 5291 1262 5300 '
1378 5295 1381 5304 ’
