<?xml version="1.0" encoding="UTF-8"?>
<!DOCTYPE html PUBLIC "-//W3C//DTD XHTML 1.0 Transitional//EN"
    "http://www.w3.org/TR/xhtml1/DTD/xhtml1-transitional.dtd">
<html xmlns="http://www.w3.org/1999/xhtml" xml:lang="en" lang="en">
 <head>
  <title>
</title>
<meta http-equiv="Content-Type" content="text/html;charset=utf-8" />
  <meta name='ocr-system' content='tesseract 3.04.00' />
  <meta name='ocr-capabilities' content='ocr_page ocr_carea ocr_par ocr_line ocrx_word'/>
</head>
<body>
  <div class='ocr_page' id='page_1' title='image "./johannisburchar03burcgoog/johannisburchar03burcgoog_0168.png"; bbox 0 0 3590 6042; ppageno 0'>
   <div class='ocr_carea' id='block_1_1' title="bbox 329 637 1648 710">
    <p class='ocr_par' dir='ltr' id='par_1_1' title="bbox 329 637 1648 710">
     <span class='ocr_line' id='line_1_1' title="bbox 329 637 1648 710; baseline -0.001 -16"><span class='ocrx_word' id='word_1_1' title='bbox 329 639 364 694; x_wconf 86' lang='lat'>88</span> <span class='ocrx_word' id='word_1_2' title='bbox 788 637 963 696; x_wconf 72' lang='lat' dir='ltr'>iuuentus</span> <span class='ocrx_word' id='word_1_3' title='bbox 987 638 1206 710; x_wconf 73' lang='lat' dir='ltr'>abacelam,</span> <span class='ocrx_word' id='word_1_4' title='bbox 1417 641 1572 704; x_wconf 75' lang='lat' dir='ltr'>[Decembre</span> <span class='ocrx_word' id='word_1_5' title='bbox 1586 644 1648 704; x_wconf 73' lang='lat' dir='ltr'>tuor</span> 
     </span>
    </p>
   </div>
   <div class='ocr_carea' id='block_1_2' title="bbox 331 791 1760 5412">
    <p class='ocr_par' dir='ltr' id='par_1_2' title="bbox 331 791 1647 1006">
     <span class='ocr_line' id='line_1_2' title="bbox 331 791 1647 891; baseline 0.003 -25"><span class='ocrx_word' id='word_1_6' title='bbox 331 792 471 890; x_wconf 87' lang='lat' dir='ltr'>capella</span> <span class='ocrx_word' id='word_1_7' title='bbox 485 791 659 889; x_wconf 88' lang='lat' dir='ltr'>predicta,</span> <span class='ocrx_word' id='word_1_8' title='bbox 678 795 775 888; x_wconf 89' lang='lat' dir='ltr'>Papa</span> <span class='ocrx_word' id='word_1_9' title='bbox 790 793 958 882; x_wconf 89' lang='lat' dir='ltr'>absente;</span> <span class='ocrx_word' id='word_1_10' title='bbox 978 816 1183 868; x_wconf 88' lang='lat' dir='ltr'>sermonem</span> <span class='ocrx_word' id='word_1_11' title='bbox 1200 794 1286 870; x_wconf 87' lang='lat' dir='ltr'>fecit</span> <span class='ocrx_word' id='word_1_12' title='bbox 1298 799 1512 891; x_wconf 88' lang='lat' dir='ltr'>procurator</span> <span class='ocrx_word' id='word_1_13' title='bbox 1524 793 1647 870; x_wconf 79' lang='lat' dir='ltr'>ordinis</span> 
     </span>
     <span class='ocr_line' id='line_1_3' title="bbox 332 917 1596 1006; baseline -0.001 -14"><span class='ocrx_word' id='word_1_14' title='bbox 332 918 603 994; x_wconf 87' lang='lat' dir='ltr'>Carmelitarum</span> <span class='ocrx_word' id='word_1_15' title='bbox 621 917 788 990; x_wconf 91' lang='lat' dir='ltr'>omuibus</span> <span class='ocrx_word' id='word_1_16' title='bbox 806 941 909 991; x_wconf 92' lang='lat' dir='ltr'>more</span> <span class='ocrx_word' id='word_1_17' title='bbox 927 919 1032 992; x_wconf 92' lang='lat' dir='ltr'>solito</span> <span class='ocrx_word' id='word_1_18' title='bbox 1048 919 1227 994; x_wconf 91' lang='lat' dir='ltr'>tediosum</span> <span class='ocrx_word' id='word_1_19' title='bbox 1245 948 1253 1006; x_wconf 91' lang='lat'>;</span> <span class='ocrx_word' id='word_1_20' title='bbox 1276 919 1345 994; x_wconf 90' lang='lat' dir='ltr'>alia</span> <span class='ocrx_word' id='word_1_21' title='bbox 1359 943 1462 994; x_wconf 93' lang='lat' dir='ltr'>more</span> <span class='ocrx_word' id='word_1_22' title='bbox 1479 919 1596 992; x_wconf 90' lang='lat' dir='ltr'>solito.</span> 
     </span>
    </p>

    <p class='ocr_par' dir='ltr' id='par_1_3' title="bbox 333 1040 1757 1506">
     <span class='ocr_line' id='line_1_4' title="bbox 381 1040 1757 1148; baseline 0.002 -31"><span class='ocrx_word' id='word_1_23' title='bbox 381 1044 515 1118; x_wconf 88' lang='lat' dir='ltr'>Eadem</span> <span class='ocrx_word' id='word_1_24' title='bbox 539 1042 596 1116; x_wconf 91' lang='lat' dir='ltr'>die</span> <span class='ocrx_word' id='word_1_25' title='bbox 617 1041 726 1116; x_wconf 79' lang='lat' dir='ltr'>affixa</span> <span class='ocrx_word' id='word_1_26' title='bbox 747 1043 814 1114; x_wconf 91' lang='lat' dir='ltr'>fuit</span> <span class='ocrx_word' id='word_1_27' title='bbox 840 1043 949 1115; x_wconf 88' lang='lat' dir='ltr'>valvis</span> <span class='ocrx_word' id='word_1_28' title='bbox 975 1043 1123 1118; x_wconf 81' lang='lat' dir='ltr'>basilice</span> <span class='ocrx_word' id='word_1_29' title='bbox 1144 1045 1319 1143; x_wconf 88' lang='lat' dir='ltr'>principis</span> <span class='ocrx_word' id='word_1_30' title='bbox 1344 1040 1589 1142; x_wconf 76' lang='lat' dir='ltr'>apostolorum</span> <span class='ocrx_word' id='word_1_31' title='bbox 1612 1045 1650 1120; x_wconf 91' lang='lat' dir='ltr'>de</span> <span class='ocrx_word' id='word_1_32' title='bbox 1756 1141 1757 1148; x_wconf 10' lang='grc' dir='ltr'><strong>ἶ</strong></span> 
     </span>
     <span class='ocr_line' id='line_1_5' title="bbox 333 1161 1757 1266; baseline -0.001 -23"><span class='ocrx_word' id='word_1_33' title='bbox 333 1170 443 1258; x_wconf 88' lang='lat' dir='ltr'>Urbe,</span> <span class='ocrx_word' id='word_1_34' title='bbox 466 1167 565 1241; x_wconf 87' lang='lat' dir='ltr'>bulla</span> <span class='ocrx_word' id='word_1_35' title='bbox 585 1167 849 1264; x_wconf 72' lang='lat' dir='ltr'>prorogationis</span> <span class='ocrx_word' id='word_1_36' title='bbox 870 1167 1000 1266; x_wconf 86' lang='lat' dir='ltr'>jubilei</span> <span class='ocrx_word' id='word_1_37' title='bbox 1020 1191 1085 1265; x_wconf 93' lang='lat' dir='ltr'>pro</span> <span class='ocrx_word' id='word_1_38' title='bbox 1110 1169 1313 1245; x_wconf 80' lang='lat' dir='ltr'>forensibus</span> <span class='ocrx_word' id='word_1_39' title='bbox 1333 1169 1510 1265; x_wconf 90' lang='lat' dir='ltr'>usquead</span> <span class='ocrx_word' id='word_1_40' title='bbox 1529 1169 1651 1244; x_wconf 90' lang='lat' dir='ltr'>festum</span> <span class='ocrx_word' id='word_1_41' title='bbox 1756 1161 1757 1228; x_wconf 58' lang='grc' dir='ltr'>ἶ</span> 
     </span>
     <span class='ocr_line' id='line_1_6' title="bbox 334 1292 1650 1392; baseline 0.002 -26"><span class='ocrx_word' id='word_1_42' title='bbox 334 1293 530 1392; x_wconf 82' lang='lat' dir='ltr'>Epiphania</span> <span class='ocrx_word' id='word_1_43' title='bbox 548 1292 712 1390; x_wconf 89' lang='lat' dir='ltr'>proxime</span> <span class='ocrx_word' id='word_1_44' title='bbox 729 1292 861 1380; x_wconf 89' lang='lat' dir='ltr'>future,</span> <span class='ocrx_word' id='word_1_45' title='bbox 882 1293 985 1390; x_wconf 86' lang='lat' dir='ltr'>cujus</span> <span class='ocrx_word' id='word_1_46' title='bbox 1006 1293 1101 1368; x_wconf 92' lang='lat' dir='ltr'>bulle</span> <span class='ocrx_word' id='word_1_47' title='bbox 1124 1301 1229 1370; x_wconf 91' lang='lat' dir='ltr'>tenor</span> <span class='ocrx_word' id='word_1_48' title='bbox 1246 1295 1408 1392; x_wconf 88' lang='lat' dir='ltr'>sequitur</span> <span class='ocrx_word' id='word_1_49' title='bbox 1423 1294 1469 1370; x_wconf 92' lang='lat' dir='ltr'>de</span> <span class='ocrx_word' id='word_1_50' title='bbox 1492 1295 1599 1369; x_wconf 89' lang='lat' dir='ltr'>verbo</span> <span class='ocrx_word' id='word_1_51' title='bbox 1612 1295 1650 1368; x_wconf 89' lang='lat' dir='ltr'>ad</span> 
     </span>
     <span class='ocr_line' id='line_1_7' title="bbox 334 1417 727 1506; baseline 0.005 -18"><span class='ocrx_word' id='word_1_52' title='bbox 334 1418 494 1506; x_wconf 87' lang='lat' dir='ltr'>verbum,</span> <span class='ocrx_word' id='word_1_53' title='bbox 512 1425 546 1492; x_wconf 89' lang='lat' dir='ltr'>et</span> <span class='ocrx_word' id='word_1_54' title='bbox 563 1426 617 1491; x_wconf 90' lang='lat' dir='ltr'>est</span> <span class='ocrx_word' id='word_1_55' title='bbox 633 1417 727 1490; x_wconf 91' lang='lat' dir='ltr'>talis.</span> 
     </span>
    </p>

    <p class='ocr_par' dir='ltr' id='par_1_4' title="bbox 334 1533 1760 5412">
     <span class='ocr_line' id='line_1_8' title="bbox 386 1533 1653 1642; baseline 0.008 -33"><span class='ocrx_word' id='word_1_56' title='bbox 386 1574 401 1609; x_wconf 78' lang='lat' dir='ltr'>a</span> <span class='ocrx_word' id='word_1_57' title='bbox 426 1543 629 1618; x_wconf 83' lang='lat' dir='ltr'>Alexander</span> <span class='ocrx_word' id='word_1_58' title='bbox 650 1542 855 1642; x_wconf 91' lang='lat' dir='ltr'>episcopus,</span> <span class='ocrx_word' id='word_1_59' title='bbox 890 1568 1011 1620; x_wconf 86' lang='lat' dir='ltr'>servus</span> <span class='ocrx_word' id='word_1_60' title='bbox 1043 1533 1228 1620; x_wconf 91' lang='lat' dir='ltr'>servorum</span> <span class='ocrx_word' id='word_1_61' title='bbox 1253 1546 1331 1636; x_wconf 87' lang='lat' dir='ltr'>Uei,</span> <span class='ocrx_word' id='word_1_62' title='bbox 1357 1547 1403 1620; x_wconf 91' lang='lat' dir='ltr'>ad</span> <span class='ocrx_word' id='word_1_63' title='bbox 1426 1547 1587 1620; x_wconf 90' lang='lat' dir='ltr'>futuram</span> <span class='ocrx_word' id='word_1_64' title='bbox 1609 1545 1653 1620; x_wconf 89' lang='lat' dir='ltr'>rei</span> 
     </span>
     <span class='ocr_line' id='line_1_9' title="bbox 334 1670 1654 1768; baseline -0.002 -22"><span class='ocrx_word' id='word_1_65' title='bbox 334 1670 563 1746; x_wconf 83' lang='lat' dir='ltr'>memoriam.</span> <span class='ocrx_word' id='word_1_66' title='bbox 576 1670 819 1744; x_wconf 81' lang='lat' dir='ltr'>Commissum</span> <span class='ocrx_word' id='word_1_67' title='bbox 833 1671 937 1745; x_wconf 90' lang='lat' dir='ltr'>nobis</span> <span class='ocrx_word' id='word_1_68' title='bbox 954 1672 1081 1746; x_wconf 90' lang='lat' dir='ltr'>celitus</span> <span class='ocrx_word' id='word_1_69' title='bbox 1097 1671 1294 1768; x_wconf 86' lang='lat' dir='ltr'>apostolice</span> <span class='ocrx_word' id='word_1_70' title='bbox 1309 1672 1490 1748; x_wconf 81' lang='lat' dir='ltr'>servitutis</span> <span class='ocrx_word' id='word_1_71' title='bbox 1504 1671 1654 1745; x_wconf 89' lang='lat' dir='ltr'>officium</span> 
     </span>
     <span class='ocr_line' id='line_1_10' title="bbox 335 1796 1758 1895; baseline -0.003 -24"><span class='ocrx_word' id='word_1_72' title='bbox 335 1805 421 1871; x_wconf 89' lang='lat' dir='ltr'>tunc</span> <span class='ocrx_word' id='word_1_73' title='bbox 436 1796 543 1892; x_wconf 87' lang='lat' dir='ltr'>digne</span> <span class='ocrx_word' id='word_1_74' title='bbox 566 1819 742 1893; x_wconf 86' lang='lat' dir='ltr'>peragere</span> <span class='ocrx_word' id='word_1_75' title='bbox 767 1818 840 1870; x_wconf 93' lang='lat' dir='ltr'>non</span> <span class='ocrx_word' id='word_1_76' title='bbox 863 1797 1095 1894; x_wconf 80' lang='lat' dir='ltr'>ambigimus,</span> <span class='ocrx_word' id='word_1_77' title='bbox 1123 1797 1151 1870; x_wconf 93' lang='lat' dir='ltr'>si</span> <span class='ocrx_word' id='word_1_78' title='bbox 1177 1797 1223 1870; x_wconf 92' lang='lat' dir='ltr'>ad</span> <span class='ocrx_word' id='word_1_79' title='bbox 1245 1821 1289 1872; x_wconf 87' lang='lat' dir='ltr'>ea</span> <span class='ocrx_word' id='word_1_80' title='bbox 1312 1797 1414 1872; x_wconf 93' lang='lat' dir='ltr'>solite</span> <span class='ocrx_word' id='word_1_81' title='bbox 1430 1797 1654 1895; x_wconf 68' lang='lat' dir='ltr'>benignitatis</span> <span class='ocrx_word' id='word_1_82' title='bbox 1757 1825 1758 1884; x_wconf 54' lang='lat' dir='ltr'>p</span> 
     </span>
     <span class='ocr_line' id='line_1_11' title="bbox 335 1921 1657 2020; baseline -0.002 -24"><span class='ocrx_word' id='word_1_83' title='bbox 335 1922 504 1996; x_wconf 88' lang='lat' dir='ltr'>affectum</span> <span class='ocrx_word' id='word_1_84' title='bbox 521 1921 764 2012; x_wconf 71' lang='lat' dir='ltr'>extendimus,</span> <span class='ocrx_word' id='word_1_85' title='bbox 781 1945 847 2018; x_wconf 91' lang='lat' dir='ltr'>per</span> <span class='ocrx_word' id='word_1_86' title='bbox 861 1946 931 2020; x_wconf 91' lang='lat' dir='ltr'>que</span> <span class='ocrx_word' id='word_1_87' title='bbox 951 1922 1137 1996; x_wconf 88' lang='lat' dir='ltr'>christiani</span> <span class='ocrx_word' id='word_1_88' title='bbox 1163 1922 1289 1997; x_wconf 81' lang='lat' dir='ltr'>fideles</span> <span class='ocrx_word' id='word_1_89' title='bbox 1305 1922 1509 1995; x_wconf 89' lang='lat' dir='ltr'>animarum</span> <span class='ocrx_word' id='word_1_90' title='bbox 1523 1944 1657 1994; x_wconf 92' lang='lat' dir='ltr'>suarum</span> 
     </span>
     <span class='ocr_line' id='line_1_12' title="bbox 337 2046 1658 2146; baseline -0.003 -24"><span class='ocrx_word' id='word_1_91' title='bbox 337 2047 490 2122; x_wconf 89' lang='lat' dir='ltr'>salutem</span> <span class='ocrx_word' id='word_1_92' title='bbox 506 2071 571 2145; x_wconf 94' lang='lat' dir='ltr'>pro</span> <span class='ocrx_word' id='word_1_93' title='bbox 587 2069 714 2122; x_wconf 92' lang='lat' dir='ltr'>eorum</span> <span class='ocrx_word' id='word_1_94' title='bbox 730 2046 910 2122; x_wconf 90' lang='lat' dir='ltr'>desiderio</span> <span class='ocrx_word' id='word_1_95' title='bbox 925 2047 1069 2122; x_wconf 88' lang='lat' dir='ltr'>valeant</span> <span class='ocrx_word' id='word_1_96' title='bbox 1086 2048 1299 2146; x_wconf 90' lang='lat' dir='ltr'>promereri.</span> <span class='ocrx_word' id='word_1_97' title='bbox 1318 2050 1406 2120; x_wconf 88' lang='lat' dir='ltr'>Cum</span> <span class='ocrx_word' id='word_1_98' title='bbox 1423 2048 1559 2144; x_wconf 88' lang='lat' dir='ltr'>itaque,</span> <span class='ocrx_word' id='word_1_99' title='bbox 1578 2046 1658 2119; x_wconf 91' lang='lat' dir='ltr'>sicut</span> 
     </span>
     <span class='ocr_line' id='line_1_13' title="bbox 337 2173 1658 2270; baseline -0.003 -24"><span class='ocrx_word' id='word_1_100' title='bbox 337 2174 557 2270; x_wconf 88' lang='lat' dir='ltr'>accepimus,</span> <span class='ocrx_word' id='word_1_101' title='bbox 576 2173 816 2270; x_wconf 86' lang='lat' dir='ltr'>quamplures</span> <span class='ocrx_word' id='word_1_102' title='bbox 827 2173 1012 2270; x_wconf 88' lang='lat' dir='ltr'>utriusque</span> <span class='ocrx_word' id='word_1_103' title='bbox 1030 2197 1136 2248; x_wconf 84' lang='lat' dir='ltr'>sexus</span> <span class='ocrx_word' id='word_1_104' title='bbox 1152 2173 1337 2248; x_wconf 89' lang='lat' dir='ltr'>christiani</span> <span class='ocrx_word' id='word_1_105' title='bbox 1354 2173 1482 2247; x_wconf 82' lang='lat' dir='ltr'>fideles</span> <span class='ocrx_word' id='word_1_106' title='bbox 1494 2173 1572 2246; x_wconf 93' lang='lat' dir='ltr'>fore</span> <span class='ocrx_word' id='word_1_107' title='bbox 1586 2193 1658 2246; x_wconf 89' lang='lat' dir='ltr'>uos·</span> 
     </span>
     <span class='ocr_line' id='line_1_14' title="bbox 338 2297 1657 2396; baseline -0.003 -24"><span class='ocrx_word' id='word_1_108' title='bbox 338 2304 467 2372; x_wconf 90' lang='lat' dir='ltr'>cantur</span> <span class='ocrx_word' id='word_1_109' title='bbox 479 2298 557 2395; x_wconf 77' lang='lat' dir='ltr'>qui,</span> <span class='ocrx_word' id='word_1_110' title='bbox 574 2298 634 2394; x_wconf 87' lang='lat' dir='ltr'>pia</span> <span class='ocrx_word' id='word_1_111' title='bbox 647 2297 838 2374; x_wconf 88' lang='lat' dir='ltr'>devotione</span> <span class='ocrx_word' id='word_1_112' title='bbox 860 2299 971 2388; x_wconf 91' lang='lat' dir='ltr'>ducti,</span> <span class='ocrx_word' id='word_1_113' title='bbox 995 2298 1149 2396; x_wconf 90' lang='lat' dir='ltr'>propriis</span> <span class='ocrx_word' id='word_1_114' title='bbox 1165 2298 1332 2372; x_wconf 91' lang='lat' dir='ltr'>domibus</span> <span class='ocrx_word' id='word_1_115' title='bbox 1349 2297 1498 2388; x_wconf 87' lang='lat' dir='ltr'>relictis,</span> <span class='ocrx_word' id='word_1_116' title='bbox 1518 2297 1657 2370; x_wconf 84' lang='lat' dir='ltr'>adhunc</span> 
     </span>
     <span class='ocr_line' id='line_1_15' title="bbox 339 2421 1657 2522; baseline -0.005 -24"><span class='ocrx_word' id='word_1_117' title='bbox 339 2424 473 2498; x_wconf 88' lang='lat' dir='ltr'>almam</span> <span class='ocrx_word' id='word_1_118' title='bbox 489 2424 622 2498; x_wconf 90' lang='lat' dir='ltr'>Urbem</span> <span class='ocrx_word' id='word_1_119' title='bbox 639 2448 704 2520; x_wconf 91' lang='lat' dir='ltr'>pro</span> <span class='ocrx_word' id='word_1_120' title='bbox 720 2424 979 2521; x_wconf 89' lang='lat' dir='ltr'>consequenda</span> <span class='ocrx_word' id='word_1_121' title='bbox 998 2425 1107 2522; x_wconf 89' lang='lat' dir='ltr'>hujus</span> <span class='ocrx_word' id='word_1_122' title='bbox 1129 2424 1220 2498; x_wconf 90' lang='lat' dir='ltr'>sacri</span> <span class='ocrx_word' id='word_1_123' title='bbox 1236 2423 1321 2496; x_wconf 91' lang='lat' dir='ltr'>anni</span> <span class='ocrx_word' id='word_1_124' title='bbox 1335 2423 1462 2520; x_wconf 88' lang='lat' dir='ltr'>jubilei</span> <span class='ocrx_word' id='word_1_125' title='bbox 1481 2421 1657 2496; x_wconf 87' lang='lat' dir='ltr'>centesimi</span> 
     </span>
     <span class='ocr_line' id='line_1_16' title="bbox 338 2547 1660 2646; baseline -0.003 -24"><span class='ocrx_word' id='word_1_126' title='bbox 338 2551 446 2646; x_wconf 91' lang='lat' dir='ltr'>plena</span> <span class='ocrx_word' id='word_1_127' title='bbox 461 2549 685 2645; x_wconf 86' lang='lat' dir='ltr'>indulgentia</span> <span class='ocrx_word' id='word_1_128' title='bbox 698 2550 899 2639; x_wconf 85' lang='lat' dir='ltr'>venientes,</span> <span class='ocrx_word' id='word_1_129' title='bbox 918 2552 965 2623; x_wconf 93' lang='lat' dir='ltr'>ob</span> <span class='ocrx_word' id='word_1_130' title='bbox 981 2550 1261 2646; x_wconf 76' lang='lat' dir='ltr'>magnanimum</span> <span class='ocrx_word' id='word_1_131' title='bbox 1279 2549 1504 2636; x_wconf 88' lang='lat' dir='ltr'>discrimina,</span> <span class='ocrx_word' id='word_1_132' title='bbox 1523 2547 1660 2620; x_wconf 90' lang='lat' dir='ltr'>malam-</span> 
     </span>
     <span class='ocr_line' id='line_1_17' title="bbox 338 2675 1658 2772; baseline 0.002 -25"><span class='ocrx_word' id='word_1_133' title='bbox 338 2699 408 2771; x_wconf 88' lang='lat' dir='ltr'>que</span> <span class='ocrx_word' id='word_1_134' title='bbox 425 2675 587 2772; x_wconf 93' lang='lat' dir='ltr'>ipsorum</span> <span class='ocrx_word' id='word_1_135' title='bbox 614 2675 906 2772; x_wconf 90' lang='lat' dir='ltr'>dispositionem,</span> <span class='ocrx_word' id='word_1_136' title='bbox 932 2675 978 2748; x_wconf 88' lang='lat' dir='ltr'>ad</span> <span class='ocrx_word' id='word_1_137' title='bbox 1002 2675 1137 2748; x_wconf 89' lang='lat' dir='ltr'>dictam</span> <span class='ocrx_word' id='word_1_138' title='bbox 1158 2675 1306 2762; x_wconf 88' lang='lat' dir='ltr'>Urbem,</span> <span class='ocrx_word' id='word_1_139' title='bbox 1336 2680 1471 2747; x_wconf 89' lang='lat' dir='ltr'>statuto</span> <span class='ocrx_word' id='word_1_140' title='bbox 1490 2681 1658 2768; x_wconf 84' lang='lat' dir='ltr'>tempore.</span> 
     </span>
     <span class='ocr_line' id='line_1_18' title="bbox 339 2800 1661 2898; baseline -0.005 -24"><span class='ocrx_word' id='word_1_141' title='bbox 339 2801 525 2898; x_wconf 85' lang='lat' dir='ltr'>pervenire</span> <span class='ocrx_word' id='word_1_142' title='bbox 542 2824 614 2874; x_wconf 92' lang='lat' dir='ltr'>non</span> <span class='ocrx_word' id='word_1_143' title='bbox 625 2807 837 2897; x_wconf 90' lang='lat' dir='ltr'>potuerunt,</span> <span class='ocrx_word' id='word_1_144' title='bbox 857 2824 924 2875; x_wconf 86' lang='lat' dir='ltr'>uos</span> <span class='ocrx_word' id='word_1_145' title='bbox 937 2800 1164 2875; x_wconf 87' lang='lat' dir='ltr'>indemnitati</span> <span class='ocrx_word' id='word_1_146' title='bbox 1178 2800 1405 2886; x_wconf 90' lang='lat' dir='ltr'>eorumdem,</span> <span class='ocrx_word' id='word_1_147' title='bbox 1420 2823 1464 2871; x_wconf 90' lang='lat' dir='ltr'>nc</span> <span class='ocrx_word' id='word_1_148' title='bbox 1477 2805 1661 2896; x_wconf 89' lang='lat' dir='ltr'>propterea</span> 
     </span>
     <span class='ocr_line' id='line_1_19' title="bbox 340 2924 1661 3023; baseline -0.003 -27"><span class='ocrx_word' id='word_1_149' title='bbox 340 2925 472 3000; x_wconf 89' lang='lat' dir='ltr'>effectu</span> <span class='ocrx_word' id='word_1_150' title='bbox 503 2925 728 3023; x_wconf 88' lang='lat' dir='ltr'>indulgentie</span> <span class='ocrx_word' id='word_1_151' title='bbox 754 2932 904 3000; x_wconf 86' lang='lat' dir='ltr'>careant</span> <span class='ocrx_word' id='word_1_152' title='bbox 928 2931 1129 3000; x_wconf 90' lang='lat' dir='ltr'>memorate</span> <span class='ocrx_word' id='word_1_153' title='bbox 1157 2924 1359 3022; x_wconf 85' lang='lat' dir='ltr'>providere,</span> <span class='ocrx_word' id='word_1_154' title='bbox 1393 2924 1661 3017; x_wconf 88' lang='lat' dir='ltr'>animarumque</span> 
     </span>
     <span class='ocr_line' id='line_1_20' title="bbox 341 3024 1760 3147; baseline -0.004 -25"><span class='ocrx_word' id='word_1_155' title='bbox 341 3073 487 3124; x_wconf 90' lang='lat' dir='ltr'>suarum</span> <span class='ocrx_word' id='word_1_156' title='bbox 505 3051 623 3136; x_wconf 81' lang='lat' dir='ltr'>saluti,</span> <span class='ocrx_word' id='word_1_157' title='bbox 647 3051 843 3147; x_wconf 90' lang='lat' dir='ltr'>penitentie</span> <span class='ocrx_word' id='word_1_158' title='bbox 870 3058 907 3124; x_wconf 89' lang='lat' dir='ltr'>et</span> <span class='ocrx_word' id='word_1_159' title='bbox 926 3050 1093 3126; x_wconf 88' lang='lat' dir='ltr'>charitati</span> <span class='ocrx_word' id='word_1_160' title='bbox 1115 3051 1306 3125; x_wconf 87' lang='lat' dir='ltr'>consulere</span> <span class='ocrx_word' id='word_1_161' title='bbox 1327 3049 1532 3146; x_wconf 88' lang='lat' dir='ltr'>cupientes,</span> <span class='ocrx_word' id='word_1_162' title='bbox 1549 3047 1661 3120; x_wconf 90' lang='lat' dir='ltr'>habitu</span> <span class='ocrx_word' id='word_1_163' title='bbox 1759 3024 1760 3108; x_wconf 55' lang='lat' dir='ltr'>l</span> 
     </span>
     <span class='ocr_line' id='line_1_21' title="bbox 341 3171 1760 3272; baseline -0.004 -24"><span class='ocrx_word' id='word_1_164' title='bbox 341 3197 451 3272; x_wconf 92' lang='lat' dir='ltr'>super</span> <span class='ocrx_word' id='word_1_165' title='bbox 476 3175 546 3249; x_wconf 92' lang='lat' dir='ltr'>hoc</span> <span class='ocrx_word' id='word_1_166' title='bbox 576 3201 659 3250; x_wconf 90' lang='lat' dir='ltr'>cum</span> <span class='ocrx_word' id='word_1_167' title='bbox 693 3176 960 3250; x_wconf 85' lang='lat' dir='ltr'>venerabilibus</span> <span class='ocrx_word' id='word_1_168' title='bbox 996 3177 1165 3250; x_wconf 86' lang='lat' dir='ltr'>iratribus</span> <span class='ocrx_word' id='word_1_169' title='bbox 1192 3175 1327 3248; x_wconf 91' lang='lat' dir='ltr'>nostris</span> <span class='ocrx_word' id='word_1_170' title='bbox 1362 3183 1489 3248; x_wconf 87' lang='lat' dir='ltr'>sancte</span> <span class='ocrx_word' id='word_1_171' title='bbox 1520 3171 1661 3246; x_wconf 83' lang='lat' dir='ltr'>ecclesie</span> <span class='ocrx_word' id='word_1_172' title='bbox 1759 3181 1760 3190; x_wconf 76' lang='grc'>’</span> 
     </span>
     <span class='ocr_line' id='line_1_22' title="bbox 342 3295 1661 3390; baseline -0.006 -16"><span class='ocrx_word' id='word_1_173' title='bbox 342 3304 503 3375; x_wconf 85' lang='lat' dir='ltr'>Romane</span> <span class='ocrx_word' id='word_1_174' title='bbox 528 3301 771 3376; x_wconf 87' lang='lat' dir='ltr'>cardinalibus</span> <span class='ocrx_word' id='word_1_175' title='bbox 801 3301 1076 3390; x_wconf 89' lang='lat' dir='ltr'>deliberatione,</span> <span class='ocrx_word' id='word_1_176' title='bbox 1110 3308 1251 3374; x_wconf 88' lang='lat' dir='ltr'>maturo</span> <span class='ocrx_word' id='word_1_177' title='bbox 1277 3300 1322 3374; x_wconf 93' lang='lat' dir='ltr'>de</span> <span class='ocrx_word' id='word_1_178' title='bbox 1347 3299 1491 3374; x_wconf 92' lang='lat' dir='ltr'>illorum</span> <span class='ocrx_word' id='word_1_179' title='bbox 1520 3295 1661 3372; x_wconf 87' lang='lat' dir='ltr'>oonsilio</span> 
     </span>
     <span class='ocr_line' id='line_1_23' title="bbox 341 3419 1661 3524; baseline -0.006 -25"><span class='ocrx_word' id='word_1_180' title='bbox 341 3426 477 3523; x_wconf 86' lang='lat' dir='ltr'>pariter</span> <span class='ocrx_word' id='word_1_181' title='bbox 492 3431 528 3500; x_wconf 86' lang='lat' dir='ltr'>et</span> <span class='ocrx_word' id='word_1_182' title='bbox 549 3450 713 3518; x_wconf 88' lang='lat' dir='ltr'>assensu,</span> <span class='ocrx_word' id='word_1_183' title='bbox 737 3426 999 3524; x_wconf 89' lang='lat' dir='ltr'>indulgentiam</span> <span class='ocrx_word' id='word_1_184' title='bbox 1017 3426 1101 3498; x_wconf 88' lang='lat' dir='ltr'>anui</span> <span class='ocrx_word' id='word_1_185' title='bbox 1120 3425 1247 3522; x_wconf 91' lang='lat' dir='ltr'>jubilei</span> <span class='ocrx_word' id='word_1_186' title='bbox 1268 3423 1476 3522; x_wconf 83' lang='lat' dir='ltr'>hujusmodi</span> <span class='ocrx_word' id='word_1_187' title='bbox 1496 3428 1533 3500; x_wconf 89' lang='lat' dir='ltr'>el</span> <span class='ocrx_word' id='word_1_188' title='bbox 1551 3419 1661 3519; x_wconf 92' lang='lat' dir='ltr'>quoad</span> 
     </span>
     <span class='ocr_line' id='line_1_24' title="bbox 342 3549 1662 3651; baseline -0.008 -25"><span class='ocrx_word' id='word_1_189' title='bbox 342 3553 480 3626; x_wconf 87' lang='lat' dir='ltr'>litteras</span> <span class='ocrx_word' id='word_1_190' title='bbox 496 3577 607 3651; x_wconf 94' lang='lat' dir='ltr'>super</span> <span class='ocrx_word' id='word_1_191' title='bbox 622 3576 666 3626; x_wconf 91' lang='lat' dir='ltr'>eo</span> <span class='ocrx_word' id='word_1_192' title='bbox 678 3552 876 3642; x_wconf 78' lang='lat' dir='ltr'>confectaS,</span> <span class='ocrx_word' id='word_1_193' title='bbox 895 3575 978 3624; x_wconf 87' lang='lat' dir='ltr'>cum</span> <span class='ocrx_word' id='word_1_194' title='bbox 995 3551 1164 3624; x_wconf 91' lang='lat' dir='ltr'>omnibus</span> <span class='ocrx_word' id='word_1_195' title='bbox 1180 3559 1216 3623; x_wconf 90' lang='lat' dir='ltr'>et</span> <span class='ocrx_word' id='word_1_196' title='bbox 1233 3549 1385 3646; x_wconf 89' lang='lat' dir='ltr'>singulis</span> <span class='ocrx_word' id='word_1_197' title='bbox 1401 3549 1438 3622; x_wconf 93' lang='lat' dir='ltr'>in</span> <span class='ocrx_word' id='word_1_198' title='bbox 1454 3549 1508 3622; x_wconf 90' lang='lat' dir='ltr'>eis</span> <span class='ocrx_word' id='word_1_199' title='bbox 1522 3555 1662 3622; x_wconf 90' lang='lat' dir='ltr'>couten-</span> 
     </span>
     <span class='ocr_line' id='line_1_25' title="bbox 343 3675 1663 3777; baseline -0.008 -25"><span class='ocrx_word' id='word_1_200' title='bbox 343 3678 387 3752; x_wconf 92' lang='lat' dir='ltr'>tis</span> <span class='ocrx_word' id='word_1_201' title='bbox 404 3678 575 3752; x_wconf 89' lang='lat' dir='ltr'>clausulis</span> <span class='ocrx_word' id='word_1_202' title='bbox 596 3678 674 3777; x_wconf 91' lang='lat' dir='ltr'>(pro</span> <span class='ocrx_word' id='word_1_203' title='bbox 695 3677 764 3750; x_wconf 91' lang='lat' dir='ltr'>illis</span> <span class='ocrx_word' id='word_1_204' title='bbox 788 3679 965 3752; x_wconf 83' lang='lat' dir='ltr'>duntaxat</span> <span class='ocrx_word' id='word_1_205' title='bbox 991 3677 1066 3773; x_wconf 88' lang='lat' dir='ltr'>qui,</span> <span class='ocrx_word' id='word_1_206' title='bbox 1095 3682 1134 3750; x_wconf 91' lang='lat' dir='ltr'>ut</span> <span class='ocrx_word' id='word_1_207' title='bbox 1159 3675 1391 3771; x_wconf 90' lang='lat' dir='ltr'>premittitur,</span> <span class='ocrx_word' id='word_1_208' title='bbox 1416 3675 1513 3750; x_wconf 91' lang='lat' dir='ltr'>dicto</span> <span class='ocrx_word' id='word_1_209' title='bbox 1542 3678 1663 3746; x_wconf 89' lang='lat' dir='ltr'>statuto</span> 
     </span>
     <span class='ocr_line' id='line_1_26' title="bbox 343 3779 1663 3900; baseline -0.009 -22"><span class='ocrx_word' id='word_1_210' title='bbox 343 3805 839 3900; x_wconf 86' lang='lat' dir='ltr'>temporeadipsamUrbem</span> <span class='ocrx_word' id='word_1_211' title='bbox 853 3799 1340 3900; x_wconf 87' lang='lat' dir='ltr'>pervenirenonpotuerunt)</span> <span class='ocrx_word' id='word_1_212' title='bbox 1354 3779 1528 3896; x_wconf 87' lang='lat' dir='ltr'>usquead</span> <span class='ocrx_word' id='word_1_213' title='bbox 1542 3799 1663 3872; x_wconf 89' lang='lat' dir='ltr'>festum</span> 
     </span>
     <span class='ocr_line' id='line_1_27' title="bbox 345 3925 1665 4032; baseline -0.011 -26"><span class='ocrx_word' id='word_1_214' title='bbox 345 3933 551 4032; x_wconf 83' lang='lat' dir='ltr'>Epiphanio.</span> <span class='ocrx_word' id='word_1_215' title='bbox 567 3930 710 4006; x_wconf 87' lang='lat' dir='ltr'>Domini</span> <span class='ocrx_word' id='word_1_216' title='bbox 731 3929 901 4031; x_wconf 70' lang='lat' dir='ltr'>proxime</span> <span class='ocrx_word' id='word_1_217' title='bbox 913 3933 1105 4000; x_wconf 80' lang='lat' dir='ltr'>venturum</span> <span class='ocrx_word' id='word_1_218' title='bbox 1126 3925 1311 4016; x_wconf 79' lang='lat' dir='ltr'>inclusive,</span> <span class='ocrx_word' id='word_1_219' title='bbox 1338 3927 1553 4000; x_wconf 88' lang='lat' dir='ltr'>auctoritate</span> <span class='ocrx_word' id='word_1_220' title='bbox 1569 3943 1665 4020; x_wconf 91' lang='lat' dir='ltr'>apos-</span> 
     </span>
     <span class='ocr_line' id='line_1_28' title="bbox 346 4051 1666 4153; baseline -0.015 -19"><span class='ocrx_word' id='word_1_221' title='bbox 346 4059 467 4150; x_wconf 87' lang='lat' dir='ltr'>toliea,</span> <span class='ocrx_word' id='word_1_222' title='bbox 492 4065 618 4132; x_wconf 91' lang='lat' dir='ltr'>tenore</span> <span class='ocrx_word' id='word_1_223' title='bbox 643 4055 879 4153; x_wconf 90' lang='lat' dir='ltr'>presentium,</span> <span class='ocrx_word' id='word_1_224' title='bbox 907 4054 953 4127; x_wconf 93' lang='lat' dir='ltr'>de</span> <span class='ocrx_word' id='word_1_225' title='bbox 978 4052 1155 4126; x_wconf 90' lang='lat' dir='ltr'>uberioris</span> <span class='ocrx_word' id='word_1_226' title='bbox 1183 4051 1280 4125; x_wconf 93' lang='lat' dir='ltr'>dono</span> <span class='ocrx_word' id='word_1_227' title='bbox 1301 4053 1417 4147; x_wconf 89' lang='lat' dir='ltr'>gratie</span> <span class='ocrx_word' id='word_1_228' title='bbox 1437 4067 1666 4148; x_wconf 86' lang='lat' dir='ltr'>prorogamus</span> 
     </span>
     <span class='ocr_line' id='line_1_29' title="bbox 346 4169 1665 4284; baseline -0.016 -23"><span class='ocrx_word' id='word_1_229' title='bbox 346 4186 481 4284; x_wconf 88' lang='lat' dir='ltr'>pariter</span> <span class='ocrx_word' id='word_1_230' title='bbox 496 4189 533 4258; x_wconf 91' lang='lat' dir='ltr'>et</span> <span class='ocrx_word' id='word_1_231' title='bbox 554 4181 795 4270; x_wconf 90' lang='lat' dir='ltr'>extendimus,</span> <span class='ocrx_word' id='word_1_232' title='bbox 818 4179 979 4254; x_wconf 85' lang='lat' dir='ltr'>volentes</span> <span class='ocrx_word' id='word_1_233' title='bbox 998 4184 1032 4251; x_wconf 91' lang='lat' dir='ltr'>et</span> <span class='ocrx_word' id='word_1_234' title='bbox 1050 4178 1292 4250; x_wconf 91' lang='lat' dir='ltr'>decernentes</span> <span class='ocrx_word' id='word_1_235' title='bbox 1313 4177 1411 4272; x_wconf 92' lang='lat' dir='ltr'>quod</span> <span class='ocrx_word' id='word_1_236' title='bbox 1427 4176 1455 4248; x_wconf 93' lang='lat' dir='ltr'>si</span> <span class='ocrx_word' id='word_1_237' title='bbox 1472 4176 1553 4271; x_wconf 93' lang='lat' dir='ltr'>quis</span> <span class='ocrx_word' id='word_1_238' title='bbox 1566 4196 1608 4248; x_wconf 86' lang='lat' dir='ltr'>ex</span> <span class='ocrx_word' id='word_1_239' title='bbox 1621 4169 1665 4242; x_wconf 89' lang='lat' dir='ltr'>eis</span> 
     </span>
     <span class='ocr_line' id='line_1_30' title="bbox 345 4300 1663 4408; baseline -0.015 -23"><span class='ocrx_word' id='word_1_240' title='bbox 345 4313 465 4408; x_wconf 92' lang='lat' dir='ltr'>aliquo</span> <span class='ocrx_word' id='word_1_241' title='bbox 482 4334 525 4385; x_wconf 86' lang='lat' dir='ltr'>ex</span> <span class='ocrx_word' id='word_1_242' title='bbox 541 4308 685 4382; x_wconf 89' lang='lat' dir='ltr'>casibus</span> <span class='ocrx_word' id='word_1_243' title='bbox 707 4307 744 4379; x_wconf 90' lang='lat' dir='ltr'>in</span> <span class='ocrx_word' id='word_1_244' title='bbox 762 4305 893 4380; x_wconf 90' lang='lat' dir='ltr'>litteris</span> <span class='ocrx_word' id='word_1_245' title='bbox 909 4303 1092 4378; x_wconf 81' lang='lat' dir='ltr'>facultatis</span> <span class='ocrx_word' id='word_1_246' title='bbox 1111 4326 1176 4400; x_wconf 93' lang='lat' dir='ltr'>per</span> <span class='ocrx_word' id='word_1_247' title='bbox 1197 4325 1261 4376; x_wconf 92' lang='lat' dir='ltr'>uos</span> <span class='ocrx_word' id='word_1_248' title='bbox 1278 4301 1375 4376; x_wconf 91' lang='lat' dir='ltr'>dicto</span> <span class='ocrx_word' id='word_1_249' title='bbox 1394 4323 1490 4374; x_wconf 93' lang='lat' dir='ltr'>anno</span> <span class='ocrx_word' id='word_1_250' title='bbox 1507 4300 1663 4378; x_wconf 87' lang='lat' dir='ltr'>durante,</span> 
     </span>
     <span class='ocr_line' id='line_1_31' title="bbox 346 4419 1666 4529; baseline -0.017 -17"><span class='ocrx_word' id='word_1_251' title='bbox 346 4438 520 4514; x_wconf 89' lang='lat' dir='ltr'>duntaxat</span> <span class='ocrx_word' id='word_1_252' title='bbox 534 4434 674 4508; x_wconf 88' lang='lat' dir='ltr'>dilectis</span> <span class='ocrx_word' id='word_1_253' title='bbox 695 4433 776 4506; x_wconf 90' lang='lat' dir='ltr'>filiis</span> <span class='ocrx_word' id='word_1_254' title='bbox 796 4429 1061 4529; x_wconf 89' lang='lat' dir='ltr'>penitentiariis</span> <span class='ocrx_word' id='word_1_255' title='bbox 1080 4428 1116 4500; x_wconf 93' lang='lat' dir='ltr'>in</span> <span class='ocrx_word' id='word_1_256' title='bbox 1140 4427 1290 4500; x_wconf 89' lang='lat' dir='ltr'>basilica</span> <span class='ocrx_word' id='word_1_257' title='bbox 1305 4425 1475 4523; x_wconf 89' lang='lat' dir='ltr'>principis</span> <span class='ocrx_word' id='word_1_258' title='bbox 1494 4419 1666 4522; x_wconf 90' lang='lat' dir='ltr'>apostolo·</span> 
     </span>
     <span class='ocr_line' id='line_1_32' title="bbox 346 4542 1664 4650; baseline -0.02 -12"><span class='ocrx_word' id='word_1_259' title='bbox 346 4586 426 4638; x_wconf 91' lang='lat' dir='ltr'>rum</span> <span class='ocrx_word' id='word_1_260' title='bbox 443 4561 599 4636; x_wconf 86' lang='lat' dir='ltr'>dedicta</span> <span class='ocrx_word' id='word_1_261' title='bbox 615 4559 710 4633; x_wconf 89' lang='lat' dir='ltr'>Urbe</span> <span class='ocrx_word' id='word_1_262' title='bbox 731 4579 906 4632; x_wconf 88' lang='lat' dir='ltr'>concesse</span> <span class='ocrx_word' id='word_1_263' title='bbox 927 4577 998 4650; x_wconf 94' lang='lat' dir='ltr'>que</span> <span class='ocrx_word' id='word_1_264' title='bbox 1022 4554 1057 4626; x_wconf 93' lang='lat' dir='ltr'>in</span> <span class='ocrx_word' id='word_1_265' title='bbox 1082 4553 1154 4626; x_wconf 88' lang='lat' dir='ltr'>frne</span> <span class='ocrx_word' id='word_1_266' title='bbox 1176 4550 1264 4624; x_wconf 87' lang='lat' dir='ltr'>dicti</span> <span class='ocrx_word' id='word_1_267' title='bbox 1284 4550 1367 4622; x_wconf 91' lang='lat' dir='ltr'>anui</span> <span class='ocrx_word' id='word_1_268' title='bbox 1384 4547 1513 4646; x_wconf 87' lang='lat' dir='ltr'>jubilei</span> <span class='ocrx_word' id='word_1_269' title='bbox 1529 4542 1664 4621; x_wconf 92' lang='lat' dir='ltr'>omniuo</span> 
     </span>
     <span class='ocr_line' id='line_1_33' title="bbox 346 4666 1666 4786; baseline -0.018 -22"><span class='ocrx_word' id='word_1_270' title='bbox 346 4687 533 4786; x_wconf 84' lang='lat' dir='ltr'>expiravit,</span> <span class='ocrx_word' id='word_1_271' title='bbox 550 4693 657 4784; x_wconf 91' lang='lat' dir='ltr'>prout</span> <span class='ocrx_word' id='word_1_272' title='bbox 672 4685 804 4758; x_wconf 90' lang='lat' dir='ltr'>harum</span> <span class='ocrx_word' id='word_1_273' title='bbox 820 4681 913 4755; x_wconf 90' lang='lat' dir='ltr'>serie</span> <span class='ocrx_word' id='word_1_274' title='bbox 935 4687 1021 4754; x_wconf 88' lang='lat' dir='ltr'>tuuc</span> <span class='ocrx_word' id='word_1_275' title='bbox 1039 4678 1203 4775; x_wconf 86' lang='lat' dir='ltr'>expirare</span> <span class='ocrx_word' id='word_1_276' title='bbox 1219 4675 1463 4762; x_wconf 87' lang='lat' dir='ltr'>declaramus,</span> <span class='ocrx_word' id='word_1_277' title='bbox 1479 4666 1666 4770; x_wconf 90' lang='lat' dir='ltr'>quomodo-</span> 
     </span>
     <span class='ocr_line' id='line_1_34' title="bbox 344 4789 1664 4911; baseline -0.022 -23"><span class='ocrx_word' id='word_1_278' title='bbox 344 4815 432 4890; x_wconf 90' lang='lat' dir='ltr'>libet</span> <span class='ocrx_word' id='word_1_279' title='bbox 447 4813 548 4911; x_wconf 89' lang='lat' dir='ltr'>ligati</span> <span class='ocrx_word' id='word_1_280' title='bbox 564 4812 619 4885; x_wconf 90' lang='lat' dir='ltr'>vel</span> <span class='ocrx_word' id='word_1_281' title='bbox 635 4809 762 4884; x_wconf 91' lang='lat' dir='ltr'>irretiti</span> <span class='ocrx_word' id='word_1_282' title='bbox 780 4807 926 4896; x_wconf 84' lang='lat' dir='ltr'>fuerint,</span> <span class='ocrx_word' id='word_1_283' title='bbox 950 4804 996 4878; x_wconf 88' lang='lat' dir='ltr'>ad</span> <span class='ocrx_word' id='word_1_284' title='bbox 1013 4803 1188 4876; x_wconf 91' lang='lat' dir='ltr'>dilectum</span> <span class='ocrx_word' id='word_1_285' title='bbox 1211 4801 1327 4874; x_wconf 88' lang='lat' dir='ltr'>lilium</span> <span class='ocrx_word' id='word_1_286' title='bbox 1348 4797 1566 4872; x_wconf 84' lang='lat' dir='ltr'>Ludoriuum</span> <span class='ocrx_word' id='word_1_287' title='bbox 1582 4789 1664 4866; x_wconf 88' lang='lat' dir='ltr'>dello</span> 
     </span>
     <span class='ocr_line' id='line_1_35' title="bbox 346 4926 1665 5029; baseline -0.02 -15"><span class='ocrx_word' id='word_1_288' title='bbox 346 4944 471 5029; x_wconf 94' lang='lat' dir='ltr'>Turre,</span> <span class='ocrx_word' id='word_1_289' title='bbox 501 4937 636 5012; x_wconf 91' lang='lat' dir='ltr'>ordinis</span> <span class='ocrx_word' id='word_1_290' title='bbox 666 4936 817 5008; x_wconf 87' lang='lat' dir='ltr'>fratrum</span> <span class='ocrx_word' id='word_1_291' title='bbox 840 4932 1022 5004; x_wconf 88' lang='lat' dir='ltr'>minorum</span> <span class='ocrx_word' id='word_1_292' title='bbox 1052 4929 1097 5002; x_wconf 91' lang='lat' dir='ltr'>de</span> <span class='ocrx_word' id='word_1_293' title='bbox 1134 4926 1366 5001; x_wconf 85' lang='lat' dir='ltr'>observantia</span> <span class='ocrx_word' id='word_1_294' title='bbox 1386 4930 1665 5019; x_wconf 86' lang='lat' dir='ltr'>nuncupatorum</span> 
     </span>
     <span class='ocr_line' id='line_1_36' title="bbox 346 5041 1666 5163; baseline -0.015 -25"><span class='ocrx_word' id='word_1_295' title='bbox 346 5065 605 5163; x_wconf 83' lang='lat' dir='ltr'>professorem,</span> <span class='ocrx_word' id='word_1_296' title='bbox 625 5066 661 5135; x_wconf 91' lang='lat' dir='ltr'>et</span> <span class='ocrx_word' id='word_1_297' title='bbox 677 5059 763 5134; x_wconf 90' lang='lat' dir='ltr'>dicti</span> <span class='ocrx_word' id='word_1_298' title='bbox 786 5056 920 5130; x_wconf 91' lang='lat' dir='ltr'>ordinis</span> <span class='ocrx_word' id='word_1_299' title='bbox 935 5056 1026 5130; x_wconf 88' lang='lat' dir='ltr'>citra</span> <span class='ocrx_word' id='word_1_300' title='bbox 1048 5059 1191 5128; x_wconf 93' lang='lat' dir='ltr'>montes</span> <span class='ocrx_word' id='word_1_301' title='bbox 1206 5051 1379 5125; x_wconf 86' lang='lat' dir='ltr'>ricarium</span> <span class='ocrx_word' id='word_1_302' title='bbox 1396 5048 1617 5148; x_wconf 86' lang='lat' dir='ltr'>generalem.</span> <span class='ocrx_word' id='word_1_303' title='bbox 1634 5041 1666 5111; x_wconf 85' lang='lat' dir='ltr'>in</span> 
     </span>
     <span class='ocr_line' id='line_1_37' title="bbox 348 5175 1663 5276; baseline -0.018 -12"><span class='ocrx_word' id='word_1_304' title='bbox 348 5191 456 5264; x_wconf 92' lang='lat' dir='ltr'>domo</span> <span class='ocrx_word' id='word_1_305' title='bbox 472 5187 611 5262; x_wconf 73' lang='lat' dir='ltr'>Araceli</span> <span class='ocrx_word' id='word_1_306' title='bbox 628 5188 673 5260; x_wconf 94' lang='lat' dir='ltr'>de</span> <span class='ocrx_word' id='word_1_307' title='bbox 690 5185 788 5258; x_wconf 88' lang='lat' dir='ltr'>dicta</span> <span class='ocrx_word' id='word_1_308' title='bbox 801 5183 895 5258; x_wconf 89' lang='lat' dir='ltr'>Urbe</span> <span class='ocrx_word' id='word_1_309' title='bbox 913 5181 1050 5254; x_wconf 91' lang='lat' dir='ltr'>ordinis</span> <span class='ocrx_word' id='word_1_310' title='bbox 1063 5178 1228 5276; x_wconf 89' lang='lat' dir='ltr'>ejusdem</span> <span class='ocrx_word' id='word_1_311' title='bbox 1240 5177 1286 5250; x_wconf 93' lang='lat' dir='ltr'>ad</span> <span class='ocrx_word' id='word_1_312' title='bbox 1298 5199 1450 5274; x_wconf 91' lang='lat' dir='ltr'>presens</span> <span class='ocrx_word' id='word_1_313' title='bbox 1466 5175 1663 5270; x_wconf 87' lang='lat' dir='ltr'>degentem,</span> 
     </span>
     <span class='ocr_line' id='line_1_38' title="bbox 347 5293 1660 5412; baseline -0.021 -24"><span class='ocrx_word' id='word_1_314' title='bbox 347 5338 470 5412; x_wconf 90' lang='lat' dir='ltr'>quem,</span> <span class='ocrx_word' id='word_1_315' title='bbox 489 5314 535 5386; x_wconf 93' lang='lat' dir='ltr'>ad</span> <span class='ocrx_word' id='word_1_316' title='bbox 553 5315 624 5386; x_wconf 89' lang='lat' dir='ltr'>hoc</span> <span class='ocrx_word' id='word_1_317' title='bbox 647 5320 684 5384; x_wconf 89' lang='lat' dir='ltr'>et</span> <span class='ocrx_word' id='word_1_318' title='bbox 702 5309 877 5383; x_wconf 88' lang='lat' dir='ltr'>nonnulla</span> <span class='ocrx_word' id='word_1_319' title='bbox 900 5307 972 5382; x_wconf 89' lang='lat' dir='ltr'>alia</span> <span class='ocrx_word' id='word_1_320' title='bbox 996 5305 1148 5379; x_wconf 91' lang='lat' dir='ltr'>salutem</span> <span class='ocrx_word' id='word_1_321' title='bbox 1169 5303 1375 5377; x_wconf 92' lang='lat' dir='ltr'>animarum</span> <span class='ocrx_word' id='word_1_322' title='bbox 1401 5293 1660 5376; x_wconf 88' lang='lat' dir='ltr'>concernentia.</span> 
     </span>
    </p>
   </div>
   <div class='ocr_carea' id='block_1_3' title="bbox 0 0 1822 6042">
    <p class='ocr_par' dir='ltr' id='par_1_5' title="bbox 0 0 1822 6042">
     <span class='ocr_line' id='line_1_39' title="bbox 0 0 1822 6042; baseline 0 0"><span class='ocrx_word' id='word_1_323' title='bbox 0 0 1822 6042; x_wconf 95' lang='lat' dir='ltr'> </span> 
     </span>
    </p>
   </div>
  </div>
 </body>
</html>
