3590 6042
86 570 163 632 [11111
179 569 248 631 151111]
424 567 550 624 RERUM
576 568 802 626 URBANARUM
826 569 1090 628 COlllllENTAllll.
1381 573 1415 626 35

85 731 217 798 suaset
240 725 377 796 ducem
405 723 587 819 cepissent
610 747 694 798 cum
718 725 841 798 multis
865 724 1046 798 nobilibus
1073 723 1194 812 ltalie;
1223 723 1415 796 Suicenses

86 856 203 923 autem
238 853 278 922 et
311 853 455 922 ceteros
490 855 685 922 extraneos
718 849 839 922 illesos
866 849 1050 940 habuisse,
1090 853 1125 921 et
1149 849 1184 921 id
1221 849 1414 946 contigisse

87 975 235 1063 veneris,
262 980 308 1048 10
330 974 441 1070 hujus
463 973 611 1061 mensis,
637 974 737 1047 circa
761 974 894 1048 horam
916 997 1155 1070 vesperarum
1184 977 1269 1046 ante
1295 973 1416 1056 ciuita-

89 1105 157 1172 tem
183 1099 464 1186 Novaniensem,
491 1121 535 1170 ex
562 1123 633 1194 quo
658 1104 739 1194 post
762 1105 932 1194 quarlam
955 1099 1072 1172 noctis
1101 1098 1215 1171 auditi
1239 1103 1323 1170 sunt
1350 1121 1416 1194 per

91 1231 197 1296 totam
225 1230 377 1298 noctem
401 1224 583 1298 clamores
605 1229 641 1295 et
659 1224 835 1319 jubilatus
859 1249 925 1321 per
952 1210 1102 1314 Urbem,
1128 1256 1143 1292 «
1171 1225 1275 1314 Urso,
1304 1224 1417 1297 Ursa!

88 1349 249 1438 Francia,
271 1349 451 1421 Francia!
466 1379 482 1414 1
503 1373 585 1422 cum
605 1349 726 1421 sonitu
752 1350 954 1422 multarum
978 1351 1163 1424 tubarum.
1196 1355 1294 1447 Papa
1322 1350 1419 1423 dice-

89 1474 168 1546 bat:
189 1474 326 1547 Darcd
344 1476 370 1547 il
381 1476 530 1548 nautia?
553 1475 624 1546 Cat
641 1474 808 1548 decanea
826 1476 958 1566 artata,
979 1488 1118 1550 centana
1135 1477 1278 1550 ducatos
1293 1481 1305 1547 l
1323 1475 1370 1574 (1)

133 1600 272 1689 llartis,
298 1600 479 1696 presentis
500 1605 556 1687 11,
578 1605 705 1673 orator
722 1605 949 1676 Venetorum
967 1601 1096 1675 habuit
1112 1602 1255 1674 litteras
1273 1601 1318 1674 de
1338 1625 1419 1698 pre-

90 1725 202 1798 missis
224 1749 301 1820 que
329 1725 365 1798 in
383 1724 530 1823 triginta
556 1729 640 1798 octo
668 1724 769 1798 horis
797 1750 840 1798 ex
868 1727 1030 1800 Venetiis
1061 1727 1128 1798 sibi
1156 1731 1348 1800 venerunt.
1379 1731 1418 1799 In

92 1857 207 1924 monte
224 1851 404 1938 Jordano,
428 1850 553 1922 Platea
571 1851 752 1939 Rotunda,
774 1857 858 1924 ante
875 1852 1025 1924 domum
1043 1851 1171 1926 iacobi
1188 1851 1233 1925 de
1253 1877 1282 1924 s.
1302 1855 1418 1925 Gruco

92 1983 123 2047 ct
145 1975 270 2050 multis
296 1976 375 2048 aliis
399 1975 491 2050 locis
514 1997 535 2047 a
560 1975 779 2072 partialibus
808 1975 1023 2050 Ursinorum
1048 1977 1150 2075 ignes
1177 1976 1419 2074 triumphales

93 2101 181 2175 tacti.

136 2225 240 2300 Fer-ia
264 2229 400 2321 quarta
417 2224 649 2300 hebdomade
668 2231 806 2314 sancte,
831 2227 982 2301 1111111
1006 2229 1141 2301 mensis
1165 2227 1303 2325 aprilis,
1325 2229 1420 2302 inter

92 2351 302 2449 vigesimam
320 2357 356 2425 et
373 2351 585 2450 vigesimam
604 2353 762 2449 primam
784 2353 930 2441 horam,
955 2357 1052 2449 Papa
1070 2355 1168 2427 venit
1186 2355 1356 2451 pedester
1375 2351 1420 2427 ad

92 2478 269 2573 capellam
293 2479 473 2575 majorem
496 2479 622 2574 palatii
648 2477 716 2567 sui,
746 2477 805 2550 ubi
831 2478 1422 2553 1111111111111111111111111111-

93 2627 182 2690 rum,
203 2607 241 2676 et
258 2603 371 2675 hodie
397 2603 494 2676 venit
516 2605 563 2676 ad
589 2603 769 2700 capellam
795 2608 837 2676 D.
867 2603 1046 2676 Antonius
1075 2607 1247 2677 Gorsetus
1272 2605 1420 2678 auditor

94 2751 212 2802 novus.
229 2727 357 2801 Finitis
369 2728 569 2818 matutinis,
590 2733 690 2826 Papa
705 2734 919 2826 reportatus
931 2729 996 2802 luit
1010 2731 1052 2803 ad
1067 2753 1254 2803 cameram
1267 2729 1303 2802 in
1320 2729 1417 2806 sede.

94 2853 127 2924 in
143 2877 259 2951 cappa
281 2878 289 2925 :
311 2854 367 2926 his
387 2853 576 2926 matutinis
595 2857 693 2950 Papa
710 2854 890 2927 interluit.
1448 2857 1450 2863 ’

137 2982 173 3052 11
190 2985 301 3054 nocte
320 2979 499 3076 sequenti,
521 2979 621 3052 circa
644 2981 843 3052 secundam
868 2981 998 3053 horam
1025 2981 1122 3053 venit
1140 3005 1184 3054 111
1202 2981 1421 3055 Lombardia

96 3127 181 3177 unus
209 3129 254 3178 ex
280 3104 448 3204 gentibus
470 3105 590 3178 Caroli
609 3105 728 3178 Ursini
753 3105 814 3201 qui
833 3105 922 3178 dixit
942 3108 1004 3179 SS.
1020 3110 1061 3178 D.
1083 3113 1223 3196 nostro,
1245 3107 1274 3179 si
1294 3132 1421 3180 verum

95 3229 177 3301 mihi
191 3230 352 3304 relatum
370 3233 437 3318 est,
452 3235 597 3303 Rmum.
613 3233 654 3303 l).
670 3231 895 3304 cardinalem
908 3231 1104 3304 Ascanium
1116 3231 1224 3305 luisse
1237 3256 1303 3329 per
1314 3236 1423 3306 Caro-

95 3353 164 3427 lum
181 3355 353 3430 Ursinum
370 3360 531 3452 captum,
546 3355 604 3427 die
623 3355 806 3430 dominica
825 3357 1035 3429 Palmarum
1049 3357 1213 3454 proxime
1228 3358 1418 3454 preterita,

95 3479 127 3552 in
151 3481 312 3577 quodam
338 3487 459 3555 castro
490 3481 763 3554 communitatis
783 3481 856 3554 sive
884 3482 1072 3555 districtus
1097 3482 1312 3569 Placentini,
1338 3505 1421 3554 cum

95 3611 186 3678 esset
204 3607 243 3680 in
264 3607 351 3704 luga
377 3631 460 3680 cum
479 3606 581 3703 equis
610 3606 758 3679 circiter
788 3609 981 3695 sexcentis
1002 3613 1038 3680 et
1062 3606 1186 3680 omniu
1208 3606 1304 3678 illius
1326 3605 1421 3678 bona

96 3728 177 3804 data
202 3731 314 3806 luisse
338 3731 374 3805 in
392 3724 559 3830 predam,
582 3755 652 3829 que
670 3733 913 3807 ascenderent
933 3732 1158 3805 advolarem
1178 3731 1421 3804 ducentorum

96 3855 245 3928 millium
268 3857 499 3946 ducatorum,
523 3863 558 3930 11
580 3859 751 3931 eumdem
774 3857 1000 3930 cardinalem
1029 3881 1113 3929 cum
1137 3855 1315 3929 tredecim
1340 3879 1422 3951 per-

96 3980 188 4052 sonis
207 3979 264 4054 vel
282 3983 381 4056 circu
401 3982 721 4080 principalioribus
743 3983 816 4054 suis
835 3982 944 4054 luisse
963 4006 1030 4078 per
1053 3981 1225 4054 eumdem
1248 3979 1421 4053 Carolum

96 4103 242 4178 ductum
274 4107 462 4195 Venetias,
494 4131 536 4180 uc
566 4107 727 4180 dominio
763 4106 1032 4204 consignatum,
1065 4105 1125 4178 ubi
1157 4105 1223 4178 sub
1256 4103 1423 4176 custodia

17 4241 19 4256 ’
97 4225 359 4320 detinerentur;
378 4231 463 4303 huic
481 4235 517 4303 ct
533 4235 632 4328 Papa
650 4230 785 4304 dicitur
801 4236 949 4303 contum
968 4231 1121 4303 ducatos
1132 4253 1198 4326 pro
1210 4225 1421 4326 hujusmodi

98 4351 332 4429 bononuntio
352 4355 554 4430 donavisse.

143 4477 206 4552 Dic
219 4481 311 4577 jovis
331 4487 471 4571 sancta,
496 4487 539 4556 16
558 4482 645 4556 dicti
657 4483 792 4555 mensis
811 4482 950 4578 aprilis,
973 4483 1035 4554 SS.
1051 4483 1092 4553 D.
1109 4483 1166 4570 N.,
1189 4502 1321 4576 parum
1340 4482 1422 4574 post
1490 4491 1492 4496 '

98 4601 224 4677 horam
250 4607 617 4702 quartamdecimam,
636 4609 734 4682 venit
753 4609 798 4680 ad
821 4607 1001 4704 capellam
1026 4607 1208 4703 majorem
1227 4603 1366 4700 palatii,
1387 4601 1421 4672 in
1508 4589 1513 4602 '

98 4751 166 4822 qua
188 4733 309 4804 ltmus.
334 4735 375 4805 D.
402 4733 597 4830 cardinalis
621 4733 772 4807 Ursinus
792 4731 990 4805 celebravit
1018 4731 1165 4803 missam
1196 4727 1419 4810 solemnem3

98 4876 165 4946 qua
191 4855 305 4946 smila,
330 4857 548 4933 ministravit
569 4862 666 4955 Papo
690 4858 844 4932 calicem
874 4881 957 4930 cum
981 4860 1227 4941 sacramento,
1254 4829 1315 4946 'qui
1340 4873 1423 4946 por·
1448 4839 1457 4854 ⁸

131 5077 154 5138 1,
176 5075 660 5149 1111111111111111111111.5522.
677 5080 703 5136 l.
720 5079 737 5134 l.
753 5080 798 5136 61.
815 5079 852 5134 Le
872 5077 962 5152 Clrigi,
979 5078 1003 5134 11
1020 5079 1070 5134 150
1089 5083 1116 5133 et
1135 5075 1158 5130 le
1175 5075 1244 5129 1516
1261 5073 1383 5129 donnent
1396 5072 1423 5128 la

101 5165 194 5238 phrase
210 5169 376 5243 legerement
399 5167 545 5225 modifica:
565 5170 670 5243 «Papa
689 5167 830 5225 dicebatur
849 5168 969 5246 donasse
988 5166 1087 5222 nuncio
1107 5164 1154 5238 qui
1171 5165 1242 5219 hanc
1259 5180 1359 5220 novam
1379 5168 1422 5219 11·
1519 5194 1522 5206 ·
1564 5219 1568 5226 ,

101 5255 160 5312 tulit
170 5263 275 5314 centum
289 5259 415 5315 ducatos.
431 5281 445 5308 >v
