3506 6034
354 570 406 625 254
810 565 984 622 lOllANNlS
1011 561 1234 629 cuncutitur,
1527 559 1677 624 {dodtlttttl

357 721 458 796 ducis
483 719 703 817 algentium
731 743 893 809 suarum,
915 723 951 791 et
973 719 1120 792 t'ueruut
1149 721 1326 814 concepta
1353 715 1515 812 capitula
1537 715 1678 813 desuper

358 847 453 920 inter
478 845 673 941 collegium
695 853 731 918 et
749 869 845 918 eum.
875 845 1033 916 Dur-aute
1061 842 1356 940 congregatione,
1386 839 1531 938 perdidi
1557 842 1675 915 mulam

359 995 480 1046 meam
496 994 605 1067 quam
629 969 815 1043 familiaris
836 969 1034 1056 dimiserat,
1053 973 1089 1040 et
1112 967 1217 1042 exivit
1233 967 1279 1042 de
1299 967 1399 1040 curia
1423 973 1462 1040 et
1485 965 1595 1040 domo
1611 990 1677 1038 car·
1726 989 1727 1020 ÷

359 1095 488 1170 dinalis
501 1094 726 1192 Neapolitani
744 1095 802 1168 ubi
819 1093 966 1190 quidam
983 1117 1026 1164 ex
1040 1093 1202 1168 Saburra
1214 1092 1376 1166 Leouina
1391 1115 1474 1165 eam
1492 1091 1678 1188 apprehen-

360 1222 413 1294 dit
429 1244 493 1316 per
515 1221 623 1294 retias
641 1225 676 1292 et
696 1219 796 1294 duxit
814 1219 920 1316 plane
947 1241 1018 1314 quo
1048 1215 1170 1290 voluit.
1201 1221 1280 1290 Duo
1310 1217 1411 1292 Judei
1444 1215 1676 1290 indicaverunt

359 1369 438 1419 esse
454 1346 491 1418 in
509 1347 643 1442 Burgo.
1727 1319 1728 1354 ³

410 1469 545 1544 Eadem
563 1470 634 1559 die,
662 1471 698 1543 iu
724 1493 819 1558 sero,
845 1470 941 1544 veuit
965 1469 1011 1544 ad
1037 1471 1170 1544 Urbem
1185 1467 1380 1544 cardinalis
1403 1467 1676 1556 Vullerranus,a

360 1595 433 1668 suis
452 1595 727 1692 particularibus
752 1595 878 1668 amicis
903 1594 1126 1668 associatus:
1147 1595 1244 1668 veuit
1259 1594 1302 1668 de
1322 1597 1444 1668 Monte
1472 1590 1634 1664 Rotunda
1649 1599 1674 1664 et

360 1719 561 1816 hospitatus
588 1721 624 1792 in
650 1720 758 1796 domo
786 1725 829 1794 u.
856 1720 980 1793 lecobi
1010 1719 1054 1794 de
1076 1721 1343 1816 Fidelibusque
1371 1725 1427 1793 est
1450 1716 1622 1792 heredum
1640 1719 1673 1788 u.

362 1846 457 1918 Petri
473 1845 518 1919 de
535 1848 643 1936 Luca,
660 1867 734 1918 nou
747 1845 854 1942 louge
871 1845 1015 1920 adomo
1028 1845 1220 1920 cardinalis
1237 1871 1265 1918 s.
1286 1844 1462 1920 Severini.
1729 1914 1730 1974 p

412 1969 476 2042 Bie
491 1969 584 2066 jovis
608 1975 648 2044 31
673 1971 828 2066 augusti,
856 1970 923 2042 luit
942 1971 1176 2067 congregatio
1201 1971 1238 2043 in
1258 1971 1368 2044 domo
1391 1965 1613 2066 Neapolitani
1628 1965 1674 2062 qui
1729 1979 1730 2022 f

322 2197 327 2206 Ι
362 2093 446 2168 lecit
463 2095 607 2191 pulsare
626 2119 840 2192 campanam
862 2119 979 2186 suurn,
1002 2102 1038 2169 el
1054 2095 1116 2168 luit
1134 2096 1169 2168 iu
1187 2095 1371 2186 mantello,
1393 2103 1432 2168 ut
1449 2094 1560 2168 alias:
1579 2092 1674 2164 iuter-

253 2257 258 2272 ·
361 2220 506 2293 luerunt
528 2219 802 2318 quatuordecim
828 2221 1040 2310 cardinales,
1064 2221 1254 2296 videlicet:
1279 2221 1551 2318 Neapolitanus,
1577 2221 1672 2291 Beca-

360 2345 534 2435 nateusis,
551 2371 580 2419 s.
598 2346 782 2436 praxedis,
800 2346 1077 2436 Alexandrinus,
1099 2371 1127 2418 s.
1153 2347 1291 2436 Crucis,
1315 2347 1523 2435 Grimanus,
1545 2348 1673 2441 Caputa-

361 2471 521 2568 quensis,
543 2471 794 2561 Bononiensis,
810 2472 854 2544 de
873 2472 1004 2562 Flise0,
1018 2472 1190 2562 ltlediceS,
1204 2497 1233 2546 s.
1248 2473 1422 2562 Severini,
1443 2468 1671 2569 Legionensis.

362 2595 556 2672 Cesaribus
587 2604 622 2672 et
657 2599 703 2672 de
726 2599 912 2672 Barnesio.
948 2599 1085 2685 Quibus
1111 2599 1356 2696 congregatis,
1393 2597 1611 2695 propositum
1630 2601 1671 2666 est
1731 2648 1732 2722 t

363 2727 505 2796 Bmum.
524 2727 565 2796 ll.
583 2723 840 2799 Vulterrauum
855 2725 996 2798 venisse
1015 2725 1060 2798 ad
1079 2725 1224 2814 Urbem,
1244 2729 1280 2798 et
1296 2748 1335 2797 se
1353 2724 1499 2796 cumis.
1523 2721 1670 2796 Domina-
1731 2723 1732 2788 t

366 2847 523 2922 tionibus
542 2849 616 2921 suis
632 2851 859 2924 committere
883 2857 916 2923 et
938 2857 1129 2948 expectare
1148 2849 1360 2923 mandatum
1379 2845 1672 2923 reverendissima·

362 2996 445 3046 rum
462 2973 755 3048 Dominationum
771 2999 918 3050 suarum
938 2975 1024 3072 quid
1039 2976 1084 3049 sit
1101 2983 1257 3049 aeturus.
1282 2974 1407 3050 Bltmi.
1425 2973 1564 3049 Domini
1581 2970 1669 3046 iutel—
1732 3014 1733 3100 p

361 3097 785 3175 lexeruutamesibinon
801 3125 881 3174 esse
893 3103 1113 3176 manendum
1124 3101 1221 3174 domi
1234 3101 1298 3174 sed
1308 3125 1415 3199 posse
1431 3125 1502 3198 pro
1516 3098 1670 3174 libitusuo
1732 3109 1733 3120 ¹

363 3222 484 3297 venire
503 3225 548 3296 ad
567 3225 888 3322 congregationem
908 3233 943 3302 et
958 3227 1047 3300 alios
1065 3233 1167 3301 actus
1184 3252 1191 3299 :
1211 3227 1476 3301 commiserunt
1490 3225 1598 3313 nobis,
1615 3245 1668 3295 uo-

364 3347 1397 3450 mineeorum,quodB01niuatiosuaveniretproarbitrio
1411 3377 1490 3442 suo,
1501 3349 1555 3447 qui
1565 3369 1668 3422 asceu-

364 3473 416 3546 dit
436 3473 482 3548 ad
502 3485 741 3576 congregatos
762 3477 799 3552 in
822 3502 937 3578 cappa
952 3479 989 3552 in
1006 3505 1077 3576 qua
1096 3479 1163 3551 luit
1178 3479 1216 3550 in
1233 3477 1356 3551 locum
1379 3501 1520 3564 eorum,
1541 3481 1668 3558 struas

363 3597 689 3699 siugulisreceptus
705 3602 831 3676 adoris
850 3605 1034 3690 osculum;
1053 3601 1200 3675 taudem
1214 3602 1382 3675 exuimus
1396 3623 1546 3699 cappam
1559 3592 1668 3672 elteri-

365 3746 445 3796 mus
458 3747 543 3798 eum
555 3726 681 3803 sedere
694 3728 729 3800 in
744 3729 825 3802 loeo
838 3754 903 3802 suo
919 3727 1222 3802 irrtercurdinales
1242 3728 1511 3802 Bononiensem
1523 3724 1603 3798 etde
1611 3719 1668 3793 Bli-

367 3871 442 3922 seo.
453 3853 581 3924 Vocati
598 3852 744 3926 luerunt
755 3859 918 3927 oratores
937 3859 974 3928 et
987 3853 1132 3928 cumeis
1149 3859 1339 3928 tractatum
1356 3857 1401 3928 de
1414 3875 1555 3929 recessu
1570 3845 1664 3922 duris.

413 3975 479 4048 bie
497 3976 641 4050 veneris
663 3984 676 4050 l
700 3978 931 4076 septembris,
949 3981 1016 4054 luit
1034 3979 1270 4080 congregatio
1282 3979 1319 4054 iu
1335 3983 1445 4054 domo
1464 3984 1504 4052 Ι).
1524 3967 1667 4069 Neapoli-

364 4097 439 4172 tani
464 4100 526 4195 qui
548 4103 703 4200 pulsavit
725 4129 951 4202 campanam.
983 4107 1151 4181 luterlnit
1174 4105 1454 4204 congregationi
1483 4125 1560 4180 cum
1582 4117 1667 4172 mau-

365 4222 463 4310 tello‚
483 4231 524 4301 ut
541 4229 656 4325 prius,
676 4229 733 4304 cui
747 4231 857 4304 etiam
874 4231 1119 4306 interfuerunt
1131 4235 1260 4309 decern
1274 4238 1311 4307 et
1328 4255 1458 4308 novem
1474 4221 1663 4305 cardinales,

362 4351 548 4427 videlicet:
572 4355 846 4452 Neapolitanus,
868 4357 1134 4450 Ulixboneusis,
1156 4359 1431 4448 Recurrateusis,
1451 4384 1481 4432 s.
1503 4345 1662 4429 Prauedis.

362 4477 640 4570 Alexandrinus,
661 4504 690 4553 s.
722 4481 861 4573 Crucis,
881 4483 1085 4573 Grimauus,
1116 4483 1349 4574 arborensis,
1379 4481 1596 4563 Comminus,
1617 4473 1665 4542 St·

362 4602 582 4694 lernitanus‚
603 4609 903 4704 Caputaqnensis,
933 4609 1181 4700 Bononiensis,
1210 4609 1467 4696 vulterranus,
1491 4607 1533 4680 de
1555 4599 1662 4674 Flisrn.

363 4729 583 4838 lledices,s.
603 4732 780 4823 Severini,
800 4734 1005 4826 Cesaribus,
1027 4736 1072 4809 de
1090 4736 1263 4810 Furuesio
1282 4735 1380 4810 etde
1398 4735 1576 4809 Alibrrtto.
1593 4727 1663 4796 Corr-

365 4853 466 4928 clusa
484 4855 633 4930 luerunt
656 4858 778 4932 omnia
804 4860 963 4958 capitula
988 4861 1032 4935 de
1049 4885 1198 4936 recessu
1217 4862 1319 4936 ducis
1341 4870 1378 4935 et
1402 4861 1483 4949 alia,
1503 4847 1661 4930 videlieet:

366 5003 509 5055 sacrum
522 4981 716 5080 collegium
730 4985 897 5081 promisit
912 4987 998 5060 dare
1013 4987 1097 5060 duci
1110 4987 1269 5062 liberum
1281 4987 1474 5062 transitum
1490 5003 1550 5082 per
1560 4987 1662 5050 omnes

370 5109 485 5180 terras
499 5131 653 5183 romane
672 5109 832 5186 Ecclesie
851 5134 934 5185 eum
952 5113 1025 5187 suis
1049 5113 1244 5188 artellariis
1263 5121 1298 5189 et
1314 5111 1439 5189 salmis
1459 5100 1660 5211 pererrem

375 5233 542 5328 promisit
566 5237 677 5312 etiam
701 5236 857 5336 populus
873 5261 1048 5316 romanus
1066 5240 1110 5317 de
1126 5264 1200 5318 non
1218 5239 1376 5317 ledendo
1391 5239 1516 5315 ducam
1534 5227 1581 5304 vel
1596 5235 1663 5295 suus
