3502 6036
104 631 178 696 ruas
193 629 264 691 rar]
434 625 562 686 neuun
586 625 812 684 unouuanuu
836 626 1099 688 uouuaursnu.
1378 611 1432 688 111

106 781 239 871 oensis,
268 779 488 880 presbyteri3
523 780 707 870 Senensis,
738 781 910 872 Medicas,
933 782 1124 858 Cesariuus
1156 789 1192 858 ot
1223 782 1428 875 Farnesius,

109 905 256 984 diaconi.
750 897 754 910 '

149 1029 337 1106 Dominica
357 1029 573 1128 palmarum,
598 1031 772 1106 tmensis
790 1033 925 1130 aprilis,
954 1034 1018 1108 SS.
1042 1036 1084 1108 D.
1100 1037 1224 1108 noster
1247 1033 1433 1108 benedixit

105 1158 233 1256 palmas
249 1156 289 1230 in
301 1155 439 1254 capella
454 1155 582 1255 maj0ri
598 1157 732 1254 palatii,
748 1181 850 1234 more
862 1159 980 1234 solito.
999 1159 1090 1234 Dedi
1105 1159 1227 1234 locum
1239 1159 1283 1234 ad
1299 1159 1432 1256 gradus

105 1282 176 1358 solii
194 1285 291 1378 Papa
312 1287 394 1378 post
410 1287 682 1356 conservatores
700 1305 844 1358 camere
864 1284 968 1359 Urbis
982 1283 1125 1358 cuidam
1145 1283 1256 1360 nobili
1274 1283 1429 1358 lohanni

105 1407 244 1484 Nicolao
265 1406 540 1482 Radziwilowicz
556 1406 616 1506 (1),
639 1409 855 1484 marescallo
871 1410 995 1507 magni
1011 1408 1114 1482 ducis
1132 1409 1336 1499 Lithuanie,
1354 1409 1430 1482 filio
1472 1431 1476 1442 ·

105 1533 202 1631 primi
229 1531 432 1606 consiliarii
457 1531 622 1629 ejusdem
643 1532 746 1608 ducis
764 1540 800 1608 et
818 1541 902 1631 post
921 1557 1005 1608 eum
1026 1533 1171 1608 cuidam
1190 1534 1294 1608 alteri
1318 1533 1430 1608 nobili

105 1658 261 1736 servitori
290 1655 457 1756 ejusdem
484 1659 735 1756 protonotarii.
767 1661 897 1733 Orator
910 1659 1062 1757 predicti
1077 1658 1179 1734 ducis
1195 1659 1304 1733 etiam
1322 1659 1432 1734 inter-

106 1782 165 1857 iuit
183 1783 220 1856 iu
241 1781 370 1856 habitu
389 1783 625 1880 protonotarii
649 1789 685 1858 et
710 1783 858 1881 prelatis
883 1792 1097 1882 paramenta
1122 1783 1347 1874 tenentibus3
1366 1783 1432 1860 luit

105 1907 234 2006 primus
251 1907 293 1981 in
311 1907 427 1982 banco
443 1908 788 2006 protonotariorum,
803 1933 905 1986 more
922 1910 1027 1986 solito
1044 1917 1081 1986 et
1096 1909 1235 2006 accepit
1250 1909 1428 2008 palm'am;

104 2041 180 2132 post
201 2039 370 2112 oratores
391 2037 650 2125 Romanorum,
672 2037 894 2110 Francorum
915 2043 952 2110 et
973 2036 1227 2134 Hispaniarum
1250 2059 1378 2133 regum
1396 2041 1432 2110 et

105 2157 244 2232 dominii
262 2163 491 2236 Venetorum
509 2167 594 2234 ante
608 2184 736 2236 omnes
751 2161 841 2235 alios
857 2185 941 2236 eum
959 2167 1165 2259 sequentes,
1178 2159 1432 2258 propterquod

104 2283 174 2380 ipse
197 2291 324 2359 orator
340 2283 408 2358 tuit
430 2284 584 2360 multum
601 2285 807 2383 indignatus
825 2293 861 2362 et
878 2287 988 2362 etium
1015 2312 1058 2360 ex
1077 2309 1121 2360 oo
1142 2285 1239 2384 quod
1256 2308 1331 2360 uon
1347 2309 1431 2383 per-

105 2408 178 2483 misi
195 2409 394 2507 quemdam
415 2433 570 2508 puerum
589 2410 780 2487 duodecim
793 2435 972 2486 annorum
987 2412 1042 2488 vel
1062 2412 1173 2499 circa,
1190 2410 1430 2486 camerarium

106 2557 213 2623 suum,
249 2535 380 2610 sedere
403 2535 442 2609 in
464 2535 603 2633 capella
623 2537 669 2611 ad
684 2537 797 2635 pedes
815 2559 913 2630 suos,
932 2541 1076 2635 praeter
1093 2559 1240 2611 omnem
1258 2535 1430 2609 honesta-

106 2667 173 2734 tem
190 2668 226 2736 et
241 2661 409 2736 ordinem
422 2662 574 2758 capelle.
594 2667 668 2760 Ego
683 2663 753 2740 hoc
770 2662 988 2760 intelligens,
1006 2663 1066 2759 qui
1079 2661 1178 2760 prius
1194 2685 1238 2735 ex
1257 2659 1429 2756 singulari

107 2784 292 2861 affectione
312 2787 356 2861 de
379 2786 528 2884 singulis
548 2787 658 2862 rebus
680 2811 763 2862 eum
783 2787 951 2877 instruxi,
969 2787 1142 2885 deinceps
1165 2810 1187 2860 a
1208 2807 1291 2860 meo
1310 2783 1431 2860 animo

109 2933 184 2984 eum
202 2911 370 2986 alienavi.
397 2911 578 2986 Diaconos
600 2912 738 3010 capelle
760 2936 844 2988 oum
866 2913 1008 2988 duobus
1031 2911 1239 2986 cantoribus
1266 2907 1433 3007 ejusdem

109 3036 255 3112 cantavit
272 3036 482 3134 passionem
500 3035 538 3110 in
562 3037 784 3134 paramentis
808 3037 990 3130 violaceis,
1011 3043 1047 3112 et
1064 3036 1101 3111 in
1123 3041 1263 3134 septem
1283 3033 1374 3110 locis
1396 3041 1433 3106 et

108 3158 141 3233 in
159 3159 290 3250 tribua,
315 3161 429 3235 tribus
453 3161 604 3252 vicibus,
630 3169 837 3238 cantarunt.¹
863 3161 979 3236 Finita
1001 3161 1126 3252 missa,
1147 3163 1211 3236 SS.
1241 3162 1283 3232 D.
1309 3163 1432 3232 noster

109 3285 228 3360 creavit
244 3285 283 3360 in
309 3286 462 3361 militem
480 3312 509 3360 a.
537 3287 633 3361 Petri
656 3291 699 3362 D.
725 3287 929 3362 iohannem
948 3286 1088 3362 -Nicolai
1109 3283 1380 3380 marescalcum¹
1395 3292 1431 3356 et

109 3407 138 3482 ei
151 3410 329 3484 collanam
347 3411 420 3484 sive
438 3417 606 3508 torquem
624 3429 774 3486 aureum
792 3412 964 3510 imposuit
982 3417 1018 3486 et
1034 3410 1215 3508 quoddam
1232 3406 1366 3480 monile
1383 3405 1430 3480 ad

109 3543 238 3632 pectus,
256 3536 296 3610 in
311 3533 426 3610 latere
443 3536 603 3630 sinistro,
617 3538 715 3635 quod
730 3539 764 3613 ei
781 3538 939 3614 donavit.
959 3537 1040 3612 Alia
1055 3542 1137 3610 acta
1148 3557 1250 3608 more
1268 3531 1388 3606 solito.

152 3661 253 3736 Feria
271 3661 445 3752 secunda,
465 3669 486 3738 5
504 3663 641 3738 mensis
656 3663 779 3762 aprilis
796 3663 963 3762 predicti,
979 3666 1021 3736 1).
1042 3665 1211 3736 Erasmus
1228 3657 1430 3756 prothono-

111 3785 226 3879 tarius,
243 3793 366 3861 orator
382 3788 504 3886 magni
522 3788 624 3863 ducis
640 3790 841 3878 Lithuanie,
858 3789 984 3862 habuit
1000 3786 1223 3862 audientiam
1236 3781 1430 3882 particula-

112 3933 180 3983 rem
198 3915 343 4010 aPapa,
362 3911 433 4003 cui,
451 3913 599 3989 nomine
616 3913 731 4006 ducis,
753 3914 897 3990 donavit
916 3921 1071 4011 quatuor
1089 3909 1333 3986 nobilissimas
1351 3905 1434 3980 auls

112 4033 271 4112 ducturas
294 4039 447 4112 vestium
472 4039 545 4113 sive
562 4039 720 4132 foderas,
741 4063 850 4114 uuam
868 4040 912 4113 de
932 4037 1130 4128 zebellinis,
1151 4058 1260 4110 unam
1278 4033 1323 4107 do
1340 4054 1435 4106 mar·

114 4161 217 4254 toriis,
242 4185 351 4236 unam
378 4164 424 4237 de
450 4162 674 4238 hermellinis
691 4161 737 4239 ¹et
759 4165 868 4238 etiam
894 4165 939 4238 de
966 4163 1087 4254 variis,
1116 4169 1151 4236 et
1176 4157 1436 4258 quinquaginta

114 4284 215 4379 pelles
237 4287 502 4386 pulcherrimas
524 4289 771 4364 zibellinorum
791 4297 827 4365 et
850 4290 940 4363 duas
970 4288 1072 4364 tatius
1090 4271 1232 4375 aureas,
1253 4307 1324 4380 que
1342 4280 1435 4356 mul-

114 4413 181 4482 tum
198 4413 292 4510 Pape
311 4412 524 4510 placuerunt
543 4415 604 4514 (1).

147 4595 171 4651 1.
190 4595 375 4672 itadyskouilr,
390 4602 405 4654 1
418 4605 481 4670 tort,
491 4599 561 4656 daus
576 4599 600 4656 le
616 4601 662 4657 151
679 4599 727 4674 qui
740 4599 799 4656 seul
811 4601 902 4657 donne
917 4617 948 4656 co
962 4617 1036 4668 nom,
1048 4597 1117 4655 omis
1130 4599 1199 4654 daos
1211 4597 1250 4653 les
1262 4602 1355 4652 autres
1367 4611 1426 4650 mss

146 4687 174 4742 2.
196 4686 346 4756 Burehard,
362 4693 423 4745 tout
436 4693 539 4763 occupo
553 4691 570 4745 1
584 4693 727 4746 1111111111
741 4690 780 4746 les
800 4695 926 4764 presents
938 4689 1032 4745 ollerts
1047 4705 1082 4746 au
1097 4703 1167 4762 pape
1182 4703 1233 4760 par
1244 4685 1269 4740 le
1283 4684 1370 4758 grand
1385 4683 1438 4738 duo

117 4771 267 4846 Alexandro,
280 4776 372 4834 oublie
381 4777 415 4834 de
426 4778 597 4835 mentionner
606 4778 630 4836 le
640 4779 802 4837 consistoire
811 4786 877 4836 tenu
892 4796 922 4835 ce
933 4783 1019 4834 meme
1025 4777 1124 4851 jouret
1134 4776 1203 4832 dana
1213 4773 1301 4847 lequel
1315 4773 1438 4846 Georges

117 4861 262 4921 d'rlmboisa
283 4865 373 4923 obtiut
394 4867 421 4923 la
445 4866 565 4940 tegatiou
579 4869 614 4924 de
636 4868 748 4927 Franco.
765 4869 840 4926 C’est
859 4872 875 4924 1
896 4884 926 4923 ca
941 4865 1002 4941 prix
1023 4869 1077 4940 qu'e
1096 4866 1121 4921 lc
1142 4862 1262 4922 cardinal
1285 4864 1319 4918 da
1339 4861 1436 4917 Rauen

118 4951 201 5009 rendit
213 4971 245 5010 au
259 4971 329 5029 pape
343 4963 370 5013 et
381 4959 397 5016 1
407 4973 456 5014 son
471 4956 515 5013 flls
525 4957 626 5033 l'uppui
641 4959 675 5015 de
686 4975 737 5015 son
748 4959 833 5014 credit
842 4961 942 5032 aupres
954 4956 988 5012 de
1004 4953 1088 5012 louis
1102 4953 1164 5022 llll,
1175 4951 1222 5026 qui
1232 4950 1329 5007 deoida
1338 4949 1436 5006 l'enuoi

119 5038 309 5118 detroisoents
325 5044 417 5103 lances
431 5053 459 5103 et
476 5047 511 5104 de
525 5049 598 5104 deux
617 5045 690 5103 mille
709 5047 857 5104 1111111111
875 5063 941 5103 1111
959 5044 986 5102 la
1003 5041 1132 5100 eonduite
1150 5041 1187 5097 du
1201 5039 1284 5096 bravo
1306 5037 1435 5113 d’Alagre

119 5131 180 5202 pour
197 5131 336 5190 eoutiuuar
359 5133 385 5190 la
407 5151 505 5208 guerre
528 5141 621 5192 contre
643 5134 683 5192 lea
705 5134 821 5192 ricaires
846 5135 880 5190 de
901 5134 927 5190 la
948 5133 1104 5205 nomagna.
1132 5130 1213 5204 (Voy.
1241 5128 1433 5198 Guicclardini‚

120 5213 160 5272 llr.
172 5217 222 5291 V.)
235 5243 249 5274 1
261 5221 342 5279 laria
355 5223 421 5280 11111
435 5225 501 5281 hore
514 5223 537 5281 si
550 5241 752 5298 ragunoronoa
767 5223 905 5282 Cardioali
920 5223 949 5280 iu
961 5227 1114 5280 consuetum
1129 5227 1157 5277 et
1171 5218 1299 5277 uacirono
1314 5217 1436 5275 hiarsera

119 5305 148 5360 11
162 5324 213 5364 una
224 5328 308 5367 mazza
323 5313 389 5370 hora
404 5312 430 5367 di
442 5321 530 5382 nocte,
547 5319 573 5370 at
587 5313 753 5387 expedirono
767 5313 793 5370 la
806 5311 956 5386 legatione
971 5329 1019 5386 per
1033 5310 1145 5366 Francia
1161 5325 1177 5365 a
1191 5309 1297 5376 nonno,
1314 5307 1338 5364 11
1354 5305 1434 5380 quale
