3590 6042
352 589 389 645 ea
802 583 978 642 Jouanms
1004 579 1226 650 eaucerem,
1528 579 1604 640 [sura
1619 582 1681 642 rau

353 740 461 838 juxta
478 741 515 810 et
533 741 616 834 post
634 737 860 813 cardinalem
884 743 1100 828 Senensem;
1127 737 1173 810 ad
1191 734 1431 809 elevationem
1449 735 1680 822 sacramenti,

363 867 463 960 Papa
485 886 559 936 non
581 862 771 936 deseendit
798 864 844 938 ad
872 863 1130 951 faldistorium,
1159 861 1224 933 sed
1251 860 1372 934 socius
1399 880 1506 932 meus
1533 859 1683 956 portavit

362 987 563 1062 scabellum
582 1010 665 1060 cum
683 989 829 1062 cassino
848 990 894 1062 a‘d
912 987 1058 1078 solium,
1079 987 1139 1060 ubi
1157 985 1194 1060 in
1212 984 1395 1082 superiori
1413 984 1565 1058 modico
1584 983 1683 1080 plano

365 1111 574 1211 genuflexit.
595 1111 715 1186 Finita
731 1113 855 1204 missa,
877 1115 962 1186 data
984 1111 1239 1186 benedictione
1262 1135 1329 1208 per
1352 1112 1489 1206 Papam
1513 1112 1553 1181 et
1575 1107 1684 1180 indul-

365 1237 489 1335 gentia
520 1241 660 1334 septem
692 1261 887 1328 annorum,
921 1243 958 1311 et
990 1237 1182 1310 celebrans
1212 1235 1312 1308 illam
1345 1231 1606 1331 pronunciavit
1629 1256 1684 1305 seu

366 1364 565 1462 publicavit
590 1365 739 1462 populo.
770 1365 966 1438 Descendit
992 1363 1124 1436 deinde
1151 1365 1251 1457 Papa
1277 1360 1323 1432 de
1349 1359 1440 1432 solio
1468 1363 1507 1432 et
1536 1357 1631 1430 sedit
1654 1357 1685 1428 iu

367 1490 454 1562 sede
472 1513 586 1587 parva
605 1489 642 1563 in
665 1514 737 1586 qua
757 1491 901 1586 aceepit
927 1488 1074 1562 mitram
1102 1491 1139 1560 et
1125 1485 1231 1560 tiuit
1257 1487 1382 1581 portat
1386 1509 1427 1558 us
1446 1507 1516 1580 per
1535 1483 1685 1556 mediam

368 1613 577 1706 ecclesiam,
591 1614 702 1687 ubi
671 1639 771 1689 eirca
787 1619 934 1713 perlem
950 1613 1038 1689 vidit
1054 1613 1141 1689 Vult
1144 1634 1205 1683 um
1216 1609 1376 1684 Domini.
1368 1609 1561 1706 deposita
1571 1607 1685 1698 mitra
1773 1649 1774 1674 ι

362 1737 504 1811 insede
523 1739 667 1811 sedens.
686 1739 767 1812 Alia
783 1762 887 1813 more
907 1739 1027 1813 solito.

415 1863 523 1936 Feria
540 1867 687 1960 quarta
706 1868 751 1937 Ἃ
768 1863 868 1937 dicti
873 1887 1008 1937 mensis
1023 1886 1131 1960 Junn
1156 1860 1339 1934 lestums.
1358 1859 1554 1948 lobannis,
1578 1860 1689 1956 platea

370 2013 399 2060 s.
421 1987 519 2061 Petri
537 1987 607 2061 luit
592 1989 783 2086 tundique
805 1990 969 2064 trabibus
997 1989 1123 2062 clausa
1149 1987 1195 2060 ab
1218 1986 1353 2085 angulo
1377 1986 1509 2060 domus
1532 1983 1667 2058 custod
1659 2007 1686 2056 re

371 2113 497 2210 palatii
525 2137 639 2210 usque
662 2115 708 2188 ud
730 2113 867 2189 fontem
890 2113 1105 2202 Innocentii,
1131 2112 1214 2185 inde
1237 2113 1282 2186 ad
1305 2113 1480 2210 angulum
1509 2113 1685 2185 domuss.

370 2238 581 2329 Martinelli‚
607 2245 643 2313 et
670 2240 777 2314 ambo
806 2239 977 2313 introitus
1003 2239 1069 2315 Vie
1097 2241 1229 2312 Sancte
1255 2239 1302 2311 ad
1329 2237 1465 2312 dictam
1493 2235 1684 2333 capellam;
1773 2221 1774 2320 l

372 2389 439 2462 pos
441 2365 666 2462 tprandium
689 2366 838 2439 luerunt
859 2367 904 2438 ad
928 2365 1130 2440 claustrum
1151 2363 1362 2462 hujusmodi
1383 2363 1544 2460 quinque
1563 2361 1616 2434 vel
1633 2382 1686 2430 sex

370 2491 467 2563 tauri
486 2491 621 2564 ibidem
650 2490 848 2588 gladiandi.
878 2493 958 2564 Dux
983 2487 1199 2565 Valentinus
1225 2493 1395 2584 equester
1424 2487 1539 2561 traxit
1566 2485 1611 2558 ad
1632 2505 1686 2554 eos
1773 2479 1774 2524 ἶ

368 2616 505 2691 multos
522 2617 616 2689 ictus
635 2621 671 2689 et
688 2616 814 2712 plures
832 2616 908 2706 alii,
927 2638 1116 2712 quousque
1128 2614 1276 2687 tandem
1287 2613 1461 2687 animalia
1476 2613 1560 2710 ipsa
1576 2607 1686 2708 perie—

367 2739 526 2839 runt(l).

418 2863 592 2954 Sabbata,
613 2869 657 2938 27
676 2865 840 2962 ejusdem
858 2864 1111 2963 mensisjunii,
1132 2866 1170 2940 in
1188 2889 1285 2956 sero,
1306 2871 1417 2939 Rmus
1435 2867 1478 2937 D.
1497 2855 1686 2936 cardinalis
1773 2869 1774 2938 t

374 2988 570 3061 Gurcensis
588 2988 699 3062 rediit
717 3013 761 3062 ex
777 2989 959 3087 legatione
978 3014 1044 3064 sua
1061 2991 1239 3064 Perusina
1256 2991 1301 3064 ad
1320 2991 1470 3064 Urbem.

417 3113 620 3204 Dominiea,
643 3120 687 3189 28
708 3115 863 3212 predicti
874 3115 1023 3207 mensis
1043 3117 1161 3214 prime
1178 3141 1332 3214 vespere
1343 3115 1424 3190 sesti
1443 3111 1685 3212 apostolorum

228 3333 232 3340 ¹
370 3239 469 3312 Petri
490 3244 526 3313 et
556 3240 671 3330 Pauli,
700 3265 770 3338 que
798 3241 946 3316 luerunt
974 3243 1159 3317 celebrate
1187 3243 1395 3341 in-capella
1420 3235 1555 3340 majori
1572 3231 1685 3336 palatii
1773 3219 1774 3250 ³

370 3363 575 3461 apostolici,
606 3367 706 3462 Papa
730 3369 920 3462 presente;
949 3373 1033 3464 post
1058 3391 1231 3465 vesperas
1263 3367 1458 3441 ethoram
1484 3365 1684 3465 vigesimam

372 3495 542 3588 quartam
558 3490 616 3564 vel
636 3491 747 3583 circa,
772 3495 871 3589 Papa
893 3515 976 3567 eum
999 3497 1104 3568 ano.
1128 3496 1171 3566 D.
1197 3493 1375 3567 cardinali
1394 3489 1568 3589 Capuano
1586 3507 1685 3584 supra
1773 3551 1774 3568 ,

371 3615 507 3715 logiam
540 3641 611 3715 que
641 3621 697 3690 est
729 3641 841 3714 supra
874 3619 996 3693 locum
1031 3618 1176 3716 publice
1213 3617 1479 3694 benedictionis
1511 3615 1681 3698 euntibus,
1773 3589 1774 3612 ¹

372 3741 504 3814 cecidit
522 3765 696 3840 suprema
713 3766 798 3840 pars
816 3743 922 3818 unius
934 3767 978 3816 cx
988 3749 1148 3841 quatuor
1165 3745 1334 3820 lucibulis
1352 3745 1483 3818 ferreis
1494 3745 1531 3818 iu
1541 3745 1683 3842 quatuor

372 3865 515 3962 angulis
534 3865 747 3964 campanilis
764 3866 918 3941 ecclesie
938 3892 967 3941 s.
993 3868 1092 3942 Petri
1110 3869 1252 3966 positis,
1272 3867 1447 3966 ponderis
1464 3867 1616 3967 triginta
1631 3881 1683 3933 sex

371 3979 564 4078 librarum,
586 3989 615 4062 si
633 3989 723 4063 mihi
748 4013 876 4065 verum
904 3990 972 4065 fuit
999 3994 1173 4085 relatum,
1194 3995 1240 4067 ad
1268 3995 1381 4091 pedes
1408 3997 1506 4091 Pape
1524 3998 1561 4066 et
1578 3983 1684 4064 cardi·

371 4111 464 4185 nolis
481 4117 518 4186 et
536 4137 610 4187 non
626 4111 710 4188 lesit
727 4137 962 4212 quemquam.

421 4237 528 4311 Feria
554 4241 728 4331 secunda,
757 4239 850 4316 testo
877 4241 1042 4340 sequenti
1074 4243 1255 4342 predicto,
1286 4247 1398 4316 Rmus
1425 4245 1468 4316 D.
1500 4229 1683 4314 cardinalis

374 4363 636 4459 Neapolitanus
662 4365 860 4440 celebravit
887 4367 1037 4442 missam
1064 4367 1303 4442 solemnem
1295 4391 1331 4440 m
1358 4365 1562 4441 basilicas.
1583 4353 1681 4438 Petri

376 4489 474 4584 Papa
491 4492 676 4583 presente,
690 4489 869 4586 adquam
888 4495 1085 4588 antequam
1103 4496 1201 4590 Papa
1215 4491 1366 4580 vemret
1381 4493 1425 4564 D.
1439 4490 1680 4586 Hieronymus

377 4613 501 4684 orator
519 4610 618 4708 regis
635 4613 878 4709 Neapolitani,
903 4615 993 4688 dixit
1021 4617 1166 4713 Pape,
1157 4641 1195 4689 m
1217 4639 1366 4690 camera
1387 4614 1587 4713 papagalli,
1605 4631 1639 4680 se
1654 4603 1684 4674 et

378 4733 469 4808 olias
487 4739 523 4807 et
540 4733 663 4831 sepius
682 4737 907 4833 supplicasse
924 4763 992 4836 pro
1012 4740 1247 4814 conclusione
1266 4764 1376 4815 cause
1394 4763 1416 4812 a
1434 4732 1684 4836 supplicatione

374 4858 411 4931 in
446 4858 628 4932 sententia
662 4865 789 4934 contra
814 4863 981 4961 reginam
1006 4864 1191 4962 Hungorie
1224 4888 1290 4963 per
1324 4864 1565 4939 sanctitatem
1596 4871 1684 4932 suam

380 5006 498 5080 nuper
522 4985 610 5076 lata,
639 5009 707 5082 que
733 4989 897 5062 nundum
925 4995 1022 5064 esset
1049 4990 1215 5089 signata;
1247 4995 1447 5090 propterea
1478 4985 1685 5088 protestatus

421 5261 447 5313 t.
466 5254 536 5334 ch.
548 5261 574 5318 lu
589 5263 703 5322 relation
718 5261 752 5322 de
767 5257 886 5341 Capella,
900 5265 969 5324 dans
984 5267 1102 5340 Sauoto,
1117 5274 1138 5326 t.
1155 5267 1204 5335 Ill,
1219 5267 1271 5328 col.
1287 5271 1340 5328 842
1353 5276 1381 5328 et
1395 5268 1468 5328 suiv.
