3506 6034
337 621 400 677 ’230
807 614 983 674 tottnNNIS
1008 614 1257 686 mutauerant·
1311 627 1345 680 „¹
1475 618 1658 686 [amouere]

397 770 500 845 Feria
523 771 643 862 tertia,
665 770 860 868 3jenuerii
886 792 1000 866 usque
1018 771 1064 844 ad
1092 771 1227 846 horam
1242 773 1398 870 prandii,
1427 772 1494 846 luit
1510 774 1583 846 dias
1599 774 1656 848 cla·
1728 807 1729 890 q

345 897 491 971 rissima
509 920 593 972 cum
610 897 685 971 sola
701 896 804 970 claro
824 921 832 970 :
849 901 930 993 post
945 894 1138 994 prandium
1152 897 1218 972 luit
1230 901 1374 996 tempus
1385 897 1577 974 obscurum
1590 900 1654 975 siue

345 1022 477 1120 pluvia.
1126 1115 1129 1122 λ
1528 1039 1532 1048 '

390 1147 503 1223 Nocte
520 1147 705 1245 preterita,
725 1147 822 1222 cirea
838 1147 970 1221 horam
987 1147 1165 1254 quintam,
1187 1153 1283 1247 Papa
1306 1149 1392 1222 lecit
1410 1149 1573 1224 nunciari
1594 1173 1656 1226 car

345 1274 456 1347 dinali
492 1274 622 1347 Ursino
648 1279 684 1348 et
713 1274 848 1348 Jacoho
876 1273 919 1346 de
952 1276 1087 1348 Sancta
1116 1278 1245 1366 Cruce,
1279 1274 1410 1350 ducem
1440 1274 1655 1352 Valentinum

339 1395 515 1473 habuisse
530 1400 638 1473 etiam
659 1421 782 1474 arcem
798 1399 1128 1497 senogalliensem
1149 1405 1347 1497 propterea
1361 1401 1460 1474 idem
1482 1401 1655 1482 cardinalia

344 1525 470 1598 volens
486 1525 728 1621 congratulari
744 1529 856 1622 Papa,
875 1525 947 1598 hoc
963 1548 1070 1598 mane
1086 1525 1261 1622 equitavit
1278 1525 1324 1599 ad
1343 1526 1519 1622 palatium
1535 1531 1569 1600 et
1587 1549 1654 1602 cum

346 1673 389 1724 eo
414 1651 638 1747 gubernator
660 1650 765 1724 Urbis
789 1650 851 1746 qui
881 1649 985 1724 finxit
1001 1673 1040 1723 se
1069 1650 1121 1724 illi
1147 1651 1339 1726 casualiter
1355 1651 1557 1726 associare
1582 1655 1654 1730 Cum

345 1781 443 1850 esset
470 1776 508 1849 in
532 1775 668 1873 palatio
689 1779 726 1848 et
742 1775 937 1849 cardinalis
964 1775 1213 1850 descendisset
1236 1775 1280 1851 de
1310 1777 1421 1868 mula,
1449 1799 1570 1850 omnes
1587 1777 1653 1874 equi

345 1901 400 1974 sui
416 1906 454 1975 et
469 1899 557 1974 muli
566 1901 710 1974 suerunt
720 1899 866 1974 deducti
878 1898 924 1973 ad
940 1900 1122 1974 stabulum
1135 1902 1231 1998 Pape
1251 1926 1259 1975 :
1278 1923 1361 1974 cum
1373 1901 1561 1976 cardinalis
1574 1907 1653 1976 esset

344 2027 381 2099 in
408 2049 554 2100 camera
574 2025 770 2124 Papagolli,
800 2026 888 2099 vidit
911 2050 949 2098 se
979 2025 1148 2122 gentihus
1165 2027 1322 2100 ‘armatis
1347 2028 1602 2102 circumdatum
1624 2033 1652 2100 et

345 2151 505 2247 expavit.
544 2149 723 2224 Adstetim
747 2150 878 2224 ductus
910 2150 978 2224 luit
1003 2151 1059 2223 ad'
1081 2159 1247 2224 carceres
1275 2151 1400 2225 Turris
1424 2155 1536 2240 Nona,
1565 2152 1653 2250 juxta

343 2275 491 2350 bortum
509 2275 581 2350 sive
599 2275 742 2350 vineam
758 2279 855 2371 Papa
870 2276 916 2349 ad
934 2297 1118 2350 cameram
1134 2276 1296 2374 episcopi
1313 2276 1573 2352 Gallinensis'at
1585 2279 1653 2374 post

344 2425 428 2476 eum
454 2401 755 2499 prothonotarius
784 2401 944 2492 Ursinus,
968 2401 1125 2475 lacobus
1154 2401 1198 2475 de
1222 2404 1354 2476 Sancta
1381 2405 1499 2478 Cruce
1522 2407 1556 2476 et
1579 2405 1651 2474 Ber·

343 2526 532 2616 nardinus,
555 2527 667 2601 abbas
686 2528 731 2600 de
750 2527 901 2616 Luiano,
923 2527 984 2623 qui
1001 2549 1127 2600 ornnes
1143 2527 1292 2601 luerunt
1310 2527 1447 2602 ibidem
1465 2527 1604 2602 detenti.
1616 2529 1649 2598 ll.

347 2652 554 2726 Hadrianus
588 2651 825 2741 castellanus,
865 2652 1086 2728 secretarius
1116 2657 1150 2725 et
1185 2651 1440 2726 thesaurarius
1471 2657 1572 2750 Papa,
1603 2649 1652 2747 qui
1728 2691 1729 2724 t

224 2815 229 2824 ·
343 2781 451 2851 nocte
477 2777 657 2874 preterita
677 2777 819 2874 legerat
843 2778 984 2852 litteras
1009 2781 1109 2875 Papa
1137 2779 1271 2852 educe
1296 2783 1521 2876 apportatas,
1541 2775 1651 2874 quibus

343 2903 417 2975 dux
435 2902 663 2998 'significahat
679 2903 843 3000 pontifici
861 2905 959 3000 quod
975 2903 1012 2976 in
1030 2925 1137 2976 mane
1155 2903 1417 2978 diei'hodierne
1438 2904 1569 2979 laceret
1584 2925 1651 2976 car·

343 3025 502 3100 dinalem
529 3027 699 3101 Ursinum
717 3034 753 3100 et
770 3028 946 3103 lacobum
964 3027 1150 3124 predictos
1172 3027 1340 3116 detineri,
1361 3028 1479 3102 noluit
1496 3029 1588 3100 exire
1603 3024 1652 3098 illa
1728 3055 1729 3064 ¹

341 3155 449 3225 nocte
471 3174 656 3226 cameram
681 3156 778 3250 Pape
795 3176 855 3243 ne,
875 3153 905 3226 si
924 3153 1019 3226 torte
1040 3151 1236 3226 cardinalis
1258 3153 1408 3226 Ursinus
1429 3178 1495 3250 per
1512 3153 1650 3248 aliquem

342 3277 565 3351 avvisaretur
584 3278 630 3352 de
648 3277 756 3368 lacto,
788 3282 887 3376 Papa
902 3283 1026 3375 posset
1044 3277 1223 3376 suspicari
1246 3277 1284 3350 id
1312 3277 1358 3350 ab
1383 3278 1464 3376 ipso
1490 3276 1649 3352 Hadriano
1728 3305 1729 3380 q

341 3405 564 3502 provenisse.

388 3529 488 3603 ldem
507 3529 726 3620 Hadrianus,
750 3527 822 3602 hoc
844 3551 964 3619 mene,
986 3551 1069 3603 cum
1098 3529 1294 3605 cardinalis
1318 3530 1472 3606 Ursinus
1494 3527 1650 3626 equitaret

338 3656 384 3729 ad
403 3655 591 3753 palatium,
612 3655 710 3728 misit
727 3677 795 3752 pro
807 3654 1086 3752 archiepiscopo
1105 3655 1316 3730 Florentino
1334 3679 1444 3753 quem
1468 3653 1609 3730 detinuit
1621 3653 1649 3721 et
1728 3645 1729 3694 ³

338 3781 426 3855 lecit
449 3781 624 3855 custodiri
649 3781 686 3854 in
711 3803 861 3854 camera
879 3803 957 3870 sua,
980 3781 1017 3854 in
1045 3781 1191 3878 palatio.
1217 3785 1373 3856 Detento
1390 3779 1564 3856 cardinali
1579 3797 1649 3874 pre·
1728 3801 1729 3836 1

340 3907 450 3995 dicto,
477 3906 702 4002 gubernator
729 3905 837 3980 Urbis
865 3905 1037 4001 equitavit
1054 3906 1100 3980 ad
1121 3905 1269 3980 domum
1287 3907 1452 4006 ejusdem
1474 3899 1648 3981 cardinalis
1728 3899 1729 3902 ’

339 4032 376 4105 in
394 4035 516 4104 monte
535 4031 695 4104 tordano
714 4053 797 4104 cum
815 4031 913 4104 omni
939 4035 1045 4128 gente
1063 4055 1141 4122 sua,
1163 4036 1200 4106 et
1217 4034 1383 4108 eamdem
1401 4033 1550 4106 domum
1566 4027 1648 4102 clau-

338 4157 384 4230 sit
408 4164 444 4229 et
470 4156 676 4246 custodivit,
705 4179 749 4230 ac
777 4179 857 4230 eam
880 4156 1107 4232 inhabitavit.
1131 4161 1225 4234 Dum
1247 4159 1316 4234 hec
1342 4159 1380 4232 in
1402 4160 1499 4234 Urbe
1521 4154 1646 4237 fierent,

339 4283 411 4356 dux
428 4285 460 4358 V
462 4281 698 4356 alentinensis
718 4281 874 4355 detineri
896 4282 982 4356 lecit
1000 4283 1203 4380 Senogallie
1223 4283 1449 4361 Vitellotium
1468 4279 1645 4361 Vitellium,

329 4405 489 4481 ‘Paulum
509 4407 554 4480 de
575 4405 726 4496 Ursinis,
748 4411 791 4481 D.
813 4406 1088 4505 [Franciscum],
1109 4409 1240 4482 ducem
1258 4409 1458 4484 Gravius...
1477 4403 1648 4482 cavelliare

338 4532 469 4606 Ursino
482 4535 745 4629 nuncupatum,
767 4535 803 4606 et
821 4531 1090 4605 Liberottum...
1111 4533 1156 4606 de
1174 4533 1311 4624 Firmo,
1333 4539 1431 4607 etex
1453 4533 1504 4606 eis
1519 4524 1647 4606 Vitello

337 4657 426 4730 lium
445 4662 482 4732 et
505 4657 732 4732 Liberottum
755 4661 838 4754 post
865 4680 1001 4754 paucas
1022 4658 1133 4734 hora's
1154 4683 1220 4756 per
1234 4659 1484 4734 Michelettum
1503 4660 1647 4748 strangu·

335 4782 422 4873 lari;
441 4784 572 4858 ducem
596 4783 750 4858 Grovine
770 4782 920 4856 Paulum
940 4789 976 4857 et
994 4787 1070 4858 D...
1092 4783 1179 4856 lecit
1203 4783 1398 4882 diligenter
1415 4775 1602 4875 custodiri(
1623 4773 1643 4870 l.

337 4907 469 4982 Fabius
495 4907 646 4982 Ursinus
672 4907 761 4982 dicti
789 4907 890 4982 Pauli
915 4907 1010 4982 lilius
1035 4907 1161 4983 videns
1187 4915 1378 5008 capturam
1396 4909 1509 5007 patris
1525 4909 1559 4979 et
1574 4919 1645 4998 pre·

337 5031 537 5124 dictorum,
572 5033 746 5106 celeriter
782 5031 923 5130 aufugit
952 5031 1250 5130 prudentissime.
1287 5036 1442 5108 Detento
1478 5019 1643 5106 cardinale

372 5305 397 5362 1.
418 5303 470 5361 Les
483 5320 552 5360 mss.
569 5303 649 5378 Chiqt
661 5312 688 5362 et
702 5307 750 5364 151
774 5307 897 5366 donnent
911 5313 1083 5366 exactement
1095 5327 1127 5368 aa
1141 5316 1215 5368 texta
1231 5326 1298 5368 avec
1311 5309 1352 5368 lea
1366 5305 1588 5389 mbmcelacvuar.
