3502 6036
73 615 258 681 [rmvrerraorl
387 610 514 669 RERUM
538 609 764 668 URBANARUM
789 607 1051 668 COMMENTAHlt.
1337 613 1388 668 109

116 768 317 842 «Similiter
342 765 473 840 accidit
493 765 688 838 incivitate
717 763 934 854 Lubicense;
955 763 1143 861 Philippus
1161 761 1289 836 habuit
1305 763 1388 860 pul-

73 895 277 968 cherrimam
296 915 474 980 sororem,
492 898 528 964 et
547 891 727 967 Antonius
747 889 808 986 qui
833 889 1026 963 carnaliter
1047 912 1086 963 se
1102 889 1249 963 miscuit
1268 890 1386 963 sorori

75 1018 212 1114 Philippi
242 1041 313 1114 que
342 1016 539 1090 Antonium
562 1015 718 1090 multum
744 1015 905 1106 amabat;
933 1015 1052 1090 exibat
1087 1039 1151 1111 per
1186 1013 1387 1087 fenestram

72 1165 199 1216 camere
217 1166 283 1216 sue
315 1165 424 1239 super
448 1146 598 1231 tectum,
625 1163 691 1238 per
712 1141 810 1236 quod
839 1141 958 1214 exibat
976 1141 1021 1213 ad
1043 1141 1191 1212 domum
1213 1138 1384 1212 amantis.

73 1265 390 1364 Philippusiactum
407 1287 644 1362 cognoscens,
663 1287 745 1337 cum
764 1285 869 1338 soror
882 1263 1095 1338 accessisset
1114 1261 1159 1336 ad
1176 1262 1386 1348 Antonium,

72 1387 231 1486 misitpro
247 1411 378 1463 sorore
394 1388 539 1462 Antonii
555 1411 624 1486 que
636 1386 681 1460 ad
700 1411 783 1460 eum
798 1387 835 1460 in
848 1386 1153 1460 cameramlibere
1169 1385 1283 1475 venit3
1300 1385 1390 1459 dixit

74 1515 202 1588 adeam
219 1514 410 1611 Philippus
429 1537 437 1585 :
455 1513 568 1586 trater
588 1517 673 1586 tuus
695 1512 873 1586 Antonius
891 1513 1014 1609 sepius
1039 1511 1207 1609 cognovit
1226 1533 1390 1585 sororem

74 1663 176 1712 meam
195 1647 232 1712 et
251 1663 350 1712 nunc
375 1644 458 1712 sunt
479 1637 585 1710 simut
604 1637 640 1710 in
664 1641 766 1728 actu;
795 1637 938 1712 decrevi
958 1637 1068 1711 etiam
1093 1658 1162 1734 ego
1183 1639 1219 1710 te
1236 1659 1391 1732 cognos-

74 1787 157 1852 cere,
175 1765 231 1838 vel
254 1765 368 1838 trater
393 1768 476 1836 tuus
503 1763 682 1836 morietur
701 1763 797 1836 mala
821 1768 954 1838 morte.
979 1763 1151 1836 Permisit
1169 1761 1230 1834 itta
1253 1767 1289 1835 et
1308 1785 1393 1834 con-

75 1895 173 1966 sensit
194 1915 232 1966 se
257 1916 280 1965 a
304 1893 470 1990 Philippo
489 1893 660 1990 cognosci
678 1899 715 1966 ut
743 1891 896 1966 tratrem
921 1893 1109 1966 liberaret.
1141 1894 1256 1976 Quam
1281 1913 1391 1988 quum

77 2017 291 2112 cognovisset
318 2017 515 2114 Philippus,
540 2017 680 2091 remisit
704 2017 749 2089 ad
768 2017 917 2090 domum
938 2041 1004 2114 per
1020 2016 1118 2090 illam
1141 2017 1338 2090 fenestram
1359 2023 1395 2089 et

76 2141 160 2213 idem
176 2144 329 2229 tectum,
349 2141 445 2213 unde
464 2163 567 2214 soror
588 2139 743 2237 Philippi
761 2141 878 2214 redire
897 2139 1049 2215 solebat.
1074 2141 1263 2230 Antonius,
1286 2163 1325 2214 re
1344 2141 1396 2213 in-

77 2263 218 2350 tellecta,
241 2265 448 2361 composuit
473 2289 512 2336 se
540 2287 624 2336 cum
651 2263 832 2361 Philippo,
856 2271 894 2337 ut
914 2288 973 2340 res
996 2271 1163 2340 maneret
1182 2265 1218 2338 in
1237 2271 1393 2355 secreto,

77 2409 134 2481 que
147 2411 259 2484 usque
274 2387 319 2461 ad
335 2411 402 2462 nos
421 2389 597 2485 pervenit.

117 2543 131 2578 u
151 2513 310 2610 Angelus
337 2514 374 2586 in
393 2513 546 2588 meridie
567 2514 761 2611 quamdam
782 2514 976 2589 ecclesiam
997 2516 1258 2612 pertransiens,
1284 2537 1389 2615 pros-

81 2637 162 2732 pexit
179 2637 224 2710 ad
248 2639 426 2735 capellam
444 2664 473 2712 s.
496 2639 675 2714 Florentia
692 2641 730 2712 in
753 2639 885 2736 angulo
911 2640 1064 2715 ecclesie
1086 2642 1206 2730 sitam,
1226 2640 1285 2715 ubi
1307 2642 1393 2714 vidit

80 2763 222 2835 Gradam
257 2764 369 2837 Paulo
397 2766 623 2862 suppositam
652 2789 690 2838 se
722 2771 849 2838 mutuo
876 2765 1071 2840 carnaliter
1101 2767 1261 2856 misceri,
1297 2767 1395 2862 quod

81 2885 222 2982 Angelus
255 2894 383 2984 postea
414 2889 450 2961 in
475 2867 621 2986 publico
645 2889 757 2963 Paulo
785 2889 1058 2987 improperavit.
1099 2891 1228 2964 Paulus
1257 2891 1394 2966 lactum

82 3019 274 3086 constanter
285 3035 436 3110 negans,
451 3020 487 3088 et
503 3037 586 3087 cum
595 3013 755 3110 Angelus
771 3013 816 3088 ab
832 3013 1042 3111 hujusmodi
1060 3015 1179 3089 verbis
1195 3039 1266 3089 non
1284 3015 1396 3088 desis-

82 3139 156 3206 teret
174 3135 234 3235 (t),
254 3138 422 3212 convenit
440 3162 521 3212 eum
536 3163 661 3212 coram
679 3139 893 3235 magistratu
908 3163 1018 3236 super
1032 3139 1188 3237 injuriis,
1208 3145 1246 3213 ut
1260 3139 1397 3237 preter·
1462 3211 1466 3219 .

84 3266 141 3350 tur,
157 3261 221 3333 sibi
244 3263 371 3351 illatis;
397 3269 433 3337 et
454 3269 578 3338 contra
603 3263 781 3361 Angelum
807 3265 951 3338 actione
974 3265 1139 3339 instituta
1156 3271 1192 3339 et
1208 3265 1395 3362 injuriosis

85 3385 183 3457 verbis
200 3387 376 3483 probatis,
395 3389 554 3485 Angelus
571 3413 645 3462 non
669 3389 788 3486 potuit
807 3389 1057 3486 improperata
1076 3389 1300 3488 justificare;
1322 3389 1396 3462 tata

85 3515 127 3580 est
154 3519 279 3586 contra
309 3513 487 3609 Angelum
520 3513 702 3588 sententia
733 3513 829 3609 quod
852 3513 1001 3588 deberet
1035 3513 1203 3612 injuriam
1239 3518 1275 3586 et
1305 3513 1396 3586 inta-

86 3632 176 3706 niam
192 3637 304 3710 Paulo
320 3637 457 3711 illatam
479 3638 622 3735 publice
646 3638 683 3710 in
703 3637 858 3712 ecclesia
876 3638 913 3710 in
929 3637 1097 3726 ambone,
1115 3637 1249 3736 populo
1269 3639 1305 3710 in
1329 3661 1396 3710 nu-

89 3777 171 3832 mero
187 3759 336 3858 copioso
366 3761 529 3838 adstante
559 3771 595 3837 et
619 3771 853 3860 congregato,
884 3785 1053 3837 revocare
1079 3770 1115 3838 et
1139 3763 1258 3836 eidem
1286 3761 1396 3836 Paulo

88 3878 197 3956 bonam
230 3887 365 3960 lamam
397 3910 501 3960 suam
532 3889 741 3962 restituere.
777 3887 940 3973 Quadam
969 3888 1081 3984 igitur
1112 3889 1170 3963 die
1199 3887 1395 3974 dominica,

89 4016 209 4082 rectore
225 4011 392 4100 ecclesie,
412 4035 579 4086 sermone
600 4013 645 4086 ad
663 4011 837 4109 poputum
863 4011 972 4103 lacto,
997 4014 1042 4087 de
1067 4013 1222 4088 ambone
1241 4015 1397 4088 descen-

87 4125 187 4226 dente,
203 4135 368 4209 ascendit
383 4137 543 4234 Angelus
554 4143 589 4212 et
603 4159 729 4213 coram
743 4135 875 4234 populo
893 4161 1108 4234 processum
1125 4163 1251 4214 coram
1265 4139 1396 4236 magis-

88 4384 227 4461 prisonnier,
242 4392 266 4448 si
281 4391 332 4449 elle
346 4409 381 4450 ne
398 4394 582 4452 consentoita
600 4413 653 4454 une
668 4403 746 4454 autre
763 4403 836 4455 sorte
857 4398 890 4454 de
909 4413 1080 4470 vongeanee;
1094 4395 1145 4452 ette
1160 4401 1220 4452 erut
1236 4395 1331 4453 devoir
1346 4413 1398 4454 au·

89 4485 195 4544 norm
205 4481 345 4538 consulter
359 4482 429 4539 celui
446 4483 492 4558 qui
508 4503 526 4559 y
546 4485 613 4542 etoit
634 4485 658 4542 le
679 4487 741 4560 ptus
759 4486 906 4554 interesse;
924 4486 942 4540 it
962 4485 1096 4560 repondit,
1113 4485 1150 4540 du
1167 4484 1232 4540 lond
1251 4485 1288 4542 du
1304 4486 1396 4556 coffre,

89 4564 139 4634 qu'it
151 4570 270 4640 preteroit
284 4572 347 4628 d'en
360 4577 417 4628 etre
432 4573 518 4646 quitte
532 4591 602 4647 pour
617 4592 654 4629 un
668 4591 721 4648 peu
736 4575 770 4631 de
785 4576 877 4644 honte,
894 4583 922 4632 et
935 4573 954 4631 il
968 4574 1010 4631 fut
1024 4573 1137 4630 delivrt.
1157 4597 1171 4623 u

116 4651 190 4714 l'stce
211 4659 244 4716 de
267 4659 388 4717 Boccace
407 4679 443 4718 ou
467 4661 500 4718 de
521 4661 671 4732 flambard,
690 4681 742 4737 que
769 4664 902 4734 Bouchet,
917 4671 987 4720 rnort
1005 4679 1041 4720 au
1060 4662 1150 4720 mitieu
1174 4663 1211 4718 du
1228 4671 1285 4717 xvr⁸
1306 4661 1398 4731 siecle,

90 4751 231 4818 oonprunte
247 4756 318 4806 cette
331 4751 483 4808 aventure‘t
498 4751 667 4810 oun'est-ce
682 4751 760 4826 point
773 4771 825 4810 une
840 4753 993 4810 historiette
1011 4751 1157 4826 interpolee
1174 4751 1243 4807 dans
1258 4750 1399 4808 Burobard

90 4843 127 4898 tir
137 4837 241 4911 quotque
254 4839 385 4912 copiste‘t
400 4841 432 4896 te
446 4839 515 4895 crois
531 4839 627 4896 devoir
642 4841 877 4916 observerqu'elte
892 4861 926 4900 ne
942 4861 972 4898 se
987 4849 1081 4899 trouve
1095 4859 1148 4915 que
1163 4841 1232 4896 dans
1247 4837 1271 4896 le
1286 4839 1400 4896 Manus·

90 4919 240 4983 crit552201
259 4927 356 5000 qu'elte
375 4928 448 4984 n’est
462 4928 539 5002 point
558 4928 628 4985 dans
653 4929 677 4986 le
694 4930 845 4988 manuscrit
872 4933 954 5000 5162,
970 4929 1089 5006 quoique
1107 4929 1132 4985 le
1148 4936 1218 4986 reste
1242 4927 1275 4984 de
1299 4927 1325 4985 la
1341 4945 1404 4985 con·

91 5013 202 5070 versation
216 5015 250 5072 de
268 5017 410 5074 Burchnrd
425 5025 454 5074 et
470 5019 507 5072 du
523 5017 693 5075 penitencier
707 5037 724 5092 y
738 5020 792 5076 soit
807 5026 945 5094 rapporte.
965 5043 978 5072 »
1003 5021 1041 5075 De
1057 5018 1226 5092 Brequigny.
1242 5020 1335 5076 Nottcc
1355 5020 1403 5076 des

92 5107 407 5238 uapore·.rtunop,t.1,
425 5125 452 5181 p.
469 5107 562 5162 112-3.
579 5109 654 5165 Cette
680 5107 833 5166 historiette
857 5128 886 5167 se
907 5116 1001 5166 trouve
1019 5107 1174 5181 egolement
1193 5107 1262 5164 dans
1276 5106 1301 5164 le
1320 5106 1401 5182 Ctrigi

93 5189 112 5236 tt
123 5203 179 5245 {aus
190 5191 213 5247 le
229 5193 328 5255 13737.

120 5274 140 5331 1·
158 5301 169 5328 o
184 5299 235 5337 nort
249 5285 389 5342 desideret
405 5307 419 5336 u
435 5301 553 5360 manque
567 5285 636 5344 dans
649 5285 673 5344 le
687 5289 798 5360 5522-4,
812 5296 839 5346 et
853 5289 922 5346 dans
938 5289 963 5347 te
978 5286 1073 5362 Chigi.
