3502 6036
108 531 260 592 lrnlldttl'
414 524 541 582 RERUM
565 523 793 581 URBANARUM
818 524 1080 583 COMMENTAHII.
1365 533 1414 588 1¹25

108 687 178 786 guia
191 681 311 756 militie
339 679 385 754 ad
407 677 551 754 laudem
575 676 731 775 gloriose
759 678 1051 775 ViginisMarie;
1076 679 1113 754 in
1131 681 1210 778 ejus
1234 681 1413 755 honorem

107 811 171 908 ipsa
201 807 339 880 deseras
358 804 484 877 diebus
506 803 625 877 eidem
647 801 786 900 Virgini
808 801 998 894 dedicatis
1019 803 1222 879 innomine
1244 805 1358 880 Patris
1379 812 1415 879 et

107 931 172 1006 Filii
188 936 220 1004 et
237 929 389 1026 Spiritus
404 927 532 1003 sancti.
548 931 679 1001 Amen.
702 957 719 993 »
741 926 878 1001 Deinde
895 929 992 1024 Papa
1002 928 1156 1002 accessit
1170 930 1215 1003 ad
1231 931 1358 1020 altare,
1378 935 1414 1004 et

107 1055 314 1130 ministrante
339 1057 443 1128 Rmo.
471 1056 515 1125 D.
536 1049 709 1125 cardinali
737 1051 880 1142 Ursino,
907 1051 1059 1126 calicem
1079 1076 1161 1126 cum
1189 1051 1419 1127 sacramento

108 1185 189 1278 Papa
202 1180 342 1276 accepit
359 1185 395 1252 et
411 1175 730 1275 processionaliter
743 1175 896 1272 portavit
915 1177 961 1250 ad
979 1201 1122 1274 parvam
1145 1179 1334 1276 capellam,
1354 1179 1415 1252 ubi

107 1306 188 1378 idem
203 1301 395 1378 cardinalis
409 1299 591 1398 reaccepit
613 1300 761 1373 eum'de
782 1300 949 1375 manibus
972 1305 1080 1399 Pape,
1101 1303 1275 1400 imposuit
1293 1300 1414 1402 capse,

107 1437 134 1502 ct
145 1452 183 1500 eo
199 1450 262 1524 per
279 1431 416 1524 Papam
433 1425 634 1512 incenante,
653 1423 781 1498 clausit
796 1449 943 1522 capsam
959 1433 994 1500 et
1011 1427 1148 1501 clavem
1167 1427 1233 1502 sibi
1255 1447 1418 1502 reservas

106 1553 159 1626 rit.
177 1549 377 1626 Cardinalis
395 1549 518 1648 ipsein
532 1549 768 1648 processione
787 1548 847 1622 ivit
859 1550 896 1622 in
910 1549 992 1624 loco
1008 1575 1087 1640 suo,
1108 1573 1210 1625 more
1227 1559 1416 1626 consueto.

107 1680 138 1750 ln
154 1675 275 1750 cadem
293 1675 432 1774 capella
451 1681 572 1772 parva,
594 1677 691 1771 Papa
712 1672 877 1770 deposuit
893 1673 1049 1772 pluviale
1070 1675 1193 1750 album
1218 1684 1253 1749 et
1279 1675 1420 1774 accepit

106 1801 240 1874 rubeum
267 1800 481 1898 pretiosum,
502 1804 536 1873 et
554 1796 873 1897 processionaliter
892 1803 1056 1895 portatus
1073 1806 1128 1873 est
1150 1801 1196 1874 ad
1214 1800 1336 1875 locum
1352 1824 1420 1897 pu-

106 1925 185 2000 blice
199 1925 479 2015 benedictionis,
499 1923 573 2014 ubi,
595 1923 691 1998 iacta
714 1922 781 1997 sibi
805 1923 1004 1997 reverentia
1020 1929 1207 2015 consueta,
1235 1929 1277 1998 1)ss
1301 1925 1421 2000 Ludo-

106 2051 189 2124 ricus
211 2055 366 2126 Grossus
384 2049 473 2147 legit
495 2047 629 2122 bullam
648 2055 683 2122 et
706 2052 831 2122 Rmus.
857 2053 899 2124 D.
926 2049 1118 2123 cardinalis
1143 2050 1315 2141 Medices,
1345 2051 1423 2147 ejus

106 2176 445 2274 interpretationem
469 2173 600 2247 deinde
625 2173 725 2246 dedit
748 2173 881 2272 populo
908 2175 1200 2250 benedictionem
1223 2175 1423 2250 solemnem

107 2307 136 2374 et
165 2301 342 2398 plenarias
376 2297 633 2396 indulgentias,
667 2321 755 2394 quas
789 2297 981 2395 publicarit
1008 2299 1200 2374 cardinalis
1230 2300 1423 2374 Cesarinus

105 2426 200 2498 latine
216 2431 252 2500 et
272 2421 434 2500 Medicas
449 2423 584 2520 vulgari
604 2445 790 2514 sermone;
810 2425 856 2496 ad
871 2422 1080 2498 mandatum
1098 2429 1222 2498 Rmus.
1244 2429 1287 2498 D.
1309 2423 1425 2498 cardi-

107 2550 183 2623 nalis
198 2549 392 2624 Parnasius
406 2547 495 2622 dixit
510 2545 753 2644 evangelium,
768 2555 804 2621 et
822 2551 968 2622 senator
985 2549 1086 2622 dedit
1108 2571 1238 2644 aquam
1257 2548 1423 2622 manibus

108 2677 188 2772 Papa
203 2681 286 2772 post
302 2673 477 2747 lotionem
494 2672 640 2768 pedum.
661 2671 740 2745 Alia
755 2695 858 2748 more
874 2673 994 2746 solito.
1012 2677 1051 2746 ln
1068 2696 1149 2746 sero
1169 2677 1268 2770 Papa
1281 2673 1319 2745 in
1335 2671 1422 2746 sede

108 2805 268 2894 portatus,
298 2797 336 2872 iu
362 2821 489 2896 cappa,
520 2795 617 2870 venit
642 2797 687 2870 ad
714 2797 888 2894 capellam
916 2798 1107 2896 majorem,
1138 2799 1185 2871 ad
1213 2797 1421 2884 matutinas,

109 2919 187 2997 hora
201 2923 380 3021 vigesima
397 2922 525 3020 prima,
546 2921 726 3018 inquibus
740 2923 863 2996 omnia
878 2927 1056 2996 actasunt
1070 2923 1176 2996 'more
1196 2921 1314 2996 solito.

149 3049 246 3122 Feria
274 3053 377 3123 sexta
405 3046 649 3121 hebdomadis
674 3053 810 3138 sancte,
837 3053 858 3121 o
884 3047 1006 3143 aprilis
1029 3047 1194 3144 predicti,
1226 3051 1349 3120 Rmus.
1380 3049 1422 3120 D.

109 3173 288 3248 cardinalis
319 3173 470 3248 Ursinus
496 3171 638 3270 peregit
664 3171 823 3246 officium
847 3172 884 3245 in
913 3172 1053 3270 capella
1077 3173 1297 3270 supradicta,
1332 3175 1428 3268 Papa

109 3304 284 3395 presente;
303 3297 511 3395 passionem
529 3303 723 3372 cantarunt
734 3297 844 3371 iidem
863 3297 991 3372 tresin
1002 3298 1226 3394 paramentis
1237 3296 1350 3394 nigris
1366 3295 1427 3391 qui

110 3421 207 3496 indie
228 3423 434 3520 palmarum
457 3422 696 3495 decantarunt
720 3427 757 3496 et
780 3422 818 3494 in
842 3429 982 3519 septem
1007 3421 1110 3515 lucie,
1138 3423 1250 3496 tribus
1277 3421 1425 3494 vicibus,

110 3549 313 3624 Sermonem
328 3546 415 3622 iecit
434 3551 559 3620 Rmus.
582 3551 626 3620 b.
652 3546 871 3644 Stephanus,
892 3547 1187 3644 archiepiscopus
1203 3546 1429 3620 Patracensis

111 3672 392 3763 etToreellanus,
413 3671 585 3745 assistens
602 3675 710 3768 Pape,
733 3695 818 3746 cum
839 3671 1133 3769 ignominiosus,
1155 3669 1240 3769 quia
1257 3693 1296 3745 se
1312 3669 1431 3768 perdi-

109 3795 162 3868 dit.
178 3801 304 3872 Rmus.
325 3801 369 3870 D.
392 3794 541 3870 Ursinus
554 3794 746 3870 celebrans
759 3796 858 3870 venit
875 3819 959 3870 cum
976 3796 1074 3895 Papa
1088 3797 1134 3870 ad
1147 3819 1297 3894 parvam
1312 3795 1432 3893 capel·

108 3917 183 4013 lam,
210 3931 247 3996 et
270 3921 333 3996 ivit
357 3919 456 3996 solus
481 3927 566 4017 post
597 3943 725 3994 omnes
750 3921 954 3996 cardinales
984 3927 1067 3996 ante
1090 3925 1239 4018 Papam,
1272 3920 1431 4017 demptis

110 4047 362 4138 assistentibuS,
384 4045 444 4141 qui
464 4049 571 4119 erant
587 4044 675 4120 hinc
690 4051 726 4120 et
746 4047 844 4139 iude,
861 4049 963 4146 juxta
984 4051 1118 4145 Papam
1140 4052 1327 4144 portantes
1348 4045 1431 4119 srm-

111 4169 197 4246 brias
220 4171 386 4270 pluvialis
418 4175 526 4268 Papo.
556 4171 658 4245 Idem
684 4171 834 4246 Ursinus
859 4174 906 4245 in*
920 4195 1032 4270 parva
1055 4171 1195 4269 capella
1217 4171 1432 4245 ministravit

112 4297 197 4394 Pape
212 4297 362 4372 calicem
380 4319 463 4368 cum
488 4301 716 4371 sacramento
736 4305 770 4370 et
793 4297 830 4370 in
852 4297 994 4394 majori,
1018 4298 1120 4394 juxta
1139 4297 1272 4388 altare,
1291 4297 1335 4371 de
1354 4297 1431 4394 ejus

111 4421 264 4496 manibus
285 4421 386 4495 illam
406 4419 564 4518 accepit;
592 4419 663 4494 alia
680 4444 784 4494 more
802 4421 921 4495 solito.
943 4421 1176 4496 Ollertorium
1195 4421 1232 4494 in
1250 4427 1366 4496 totum
1387 4421 1433 4494 ad

110 4543 249 4620 ducatos
264 4545 410 4621 circiter
428 4544 659 4642 septuaginta
669 4553 810 4643 septem
826 4545 864 4620 in
876 4569 978 4638 auro,
996 4557 1150 4642 quorum
1162 4545 1309 4619 circiter
1321 4567 1432 4618 unum

110 4667 302 4746 habuerunt
319 4671 392 4746 duo
412 4669 534 4746 clerici
558 4671 803 4768 campanarii3
826 4671 986 4768 quelibet
1005 4672 1117 4746 trium
1134 4672 1291 4768 partium
1311 4692 1437 4743 ascen-

114 4795 159 4869 dit
185 4797 231 4871 ad
255 4798 406 4872 ducatos
430 4795 692 4893 septemdecim
712 4797 749 4870 in
772 4821 875 4890 auro,
898 4797 994 4872 inter
1013 4797 1134 4894 largos
1155 4802 1192 4870 et
1211 4796 1256 4868 de
1275 4819 1433 4886 camera,

113 4925 144 4993 ct
160 4921 320 4998 carleuos
337 4921 537 5018 sexaginta,
552 4928 587 4994 et
598 4920 690 4996 duos
705 4945 852 5020 grossos
868 4922 1097 5013 florentinos,
1120 4921 1165 4995 de
1184 4919 1314 5018 quibus
1325 4919 1434 4995 habui

112 5040 144 5116 iu
158 5069 274 5120 meam
290 5051 432 5146 partem
447 5045 600 5120 ducatos
615 5045 652 5120 in
669 5069 757 5121 auro
775 5069 905 5123 nouem
920 5053 958 5122 et
969 5047 1134 5122 carlenos
1152 5043 1311 5143 triginta,
1332 5045 1433 5120 baio-

113 5191 169 5244 cos
185 5172 351 5270 quinque.
368 5175 408 5246 ln
423 5193 518 5262 sero,
537 5173 634 5269 Papa
645 5195 719 5248 non
733 5174 829 5249 venit
844 5173 890 5248 ad
906 5171 1115 5247 matutinas.
1130 5175 1257 5249 Rmus.
1270 5171 1434 5246 cardina·
