3506 6034
340 629 394 683 ‘214
796 617 972 678 Jofladdls
998 618 1226 687 BURCHARDI,'
1304 637 1305 642 ’
1484 621 1582 686 [latitet
1595 625 1655 688 lala]

342 783 478 855 certior
495 780 611 852 lactus
638 777 684 852 ad
703 776 835 851 Urbem
860 781 1026 866 venerat3
1050 780 1085 848 et
1105 779 1144 848 nt
1164 773 1358 848 ecclesiam
1381 773 1584 872 hujusmodi
1603 797 1651 850 ao-

342 907 501 1002 quireret
529 927 637 1000 quam
666 901 860 977 cardinalis
887 899 1078 974 defunctus
1096 900 1257 974 habebat
1274 901 1312 974 iu
1330 899 1438 989 Urbe,
1456 898 1503 974 ad
1519 899 1651 976 aliorum

341 1029 614 1128 persuasionem
636 1031 673 1102 et
699 1032 783 1100 ante
817 1025 1038 1100 cardinalem
1065 1048 1131 1100 sua
1155 1024 1300 1122 propria
1321 1023 1476 1122 pecunia
1508 1028 1651 1114 amorum

338 1161 376 1228 et
394 1153 563 1227 omnibus
578 1151 683 1224 bonis
699 1174 766 1248 per
781 1150 928 1224 tratrem
949 1149 1131 1222 derelictis
1151 1149 1442 1224 renunciaverat.
1465 1147 1561 1222 ldem
1576 1147 1653 1222 elec·

340 1285 397 1351 tus
414 1277 459 1351 ad
479 1276 614 1366 statim,
635 1275 737 1349 finito
757 1273 990 1362 consistorio,
1013 1273 1159 1349 indutus
1176 1281 1230 1348 est
1250 1273 1409 1348 vestibus
1426 1270 1652 1360 clericalibus,

339 1403 375 1476 in
395 1403 525 1499 quibus
545 1402 649 1474 nobis
671 1405 877 1474 monstrum
900 1399 1100 1474 videbatur.
1127 1401 1216 1496 Ego,
1243 1403 1282 1472 ut
1301 1398 1333 1472 ei
1352 1398 1413 1494 qui
1437 1397 1539 1495 prius
1562 1400 1653 1470 notus

339 1528 456 1601 luerat
485 1525 745 1624 gratificarem
779 1523 926 1621 porrexi
957 1523 1025 1596 sibi
1051 1545 1201 1598 manum
1228 1545 1336 1619 quam
1364 1523 1426 1598 ille
1455 1521 1653 1618 suscipiens,

341 1650 482 1726 volebat
499 1673 579 1724 eam
597 1649 817 1738 deosculari,
837 1648 907 1722 nisi
929 1646 1147 1722 retrahendo
1166 1648 1281 1744 ipsam
1297 1645 1580 1744 prohibuissem.
1602 1641 1653 1718 SS.

340 1779 384 1849 D.
399 1779 523 1848 noster
539 1776 639 1848 dedit
651 1797 776 1848 auram
792 1771 891 1846 socio
907 1795 990 1847 meo
1006 1776 1043 1846 et
1057 1771 1275 1869 voluitquod
1287 1794 1355 1870 pro
1372 1771 1503 1846 funere
1515 1769 1654 1846 defundi

197 1909 199 1913 ’
339 1901 462 1974 omnia
476 1899 606 1974 tierent
621 1898 714 1987 sicut
731 1899 867 1973 factum
887 1904 942 1973 est
958 1921 1024 1995 pro
1047 1896 1118 1972 olio
1138 1897 1321 1972 cardinale
1343 1901 1529 1994 capuano,
1549 1895 1601 1972 die
1620 1901 1654 1970 15

339 2025 475 2098 mensis
493 2024 635 2122 augusti
654 2023 881 2121 precedentis
900 2023 985 2097 enni
1003 2022 1173 2098 defuncto
1187 2021 1248 2122 (l).
1269 2021 1525 2098 ordinavimus
1542 2021 1575 2094 io
1592 2021 1655 2118 ejus

339 2150 560 2224 anticamera
586 2149 721 2223 lectum
748 2172 991 2246 superquam
1026 2149 1215 2246 posuimus
1242 2147 1469 2237 defunctum,
1504 2145 1654 2221 omnibus

338 2274 559 2373 paramentis
587 2273 856 2372 pontificalibus
877 2273 978 2349 novis
1002 2297 1046 2348 ex
1068 2273 1210 2348 telletta
1229 2273 1391 2350 violaceo
1413 2296 1482 2370 pro
1505 2295 1548 2346 eo
1567 2269 1656 2346 lactis

337 2401 505 2474 indutum
521 2399 621 2474 circa
637 2399 766 2474 horam
781 2399 995 2498 vigesimam
1013 2421 1137 2490 uuam,
1163 2405 1199 2474 et
1215 2399 1320 2498 juxta
1337 2421 1422 2474 eum
1443 2422 1508 2472 sex
1530 2395 1656 2474 intorti·

339 2526 395 2600 cia
413 2525 458 2600 ab
475 2549 548 2598 una
562 2529 678 2624 parte,
697 2525 849 2600 totidem
867 2525 913 2598 ab
930 2525 1013 2616 alia,
1033 2524 1093 2598 ubi
1107 2524 1224 2622 jacuit
1243 2547 1357 2620 usque
1377 2523 1424 2598 od
1440 2523 1572 2600 horam
1588 2525 1657 2620 post

338 2650 551 2750 vigesimam
578 2657 758 2746 quartam.
785 2649 996 2725 cardinales
1020 2673 1092 2724 non
1118 2649 1267 2723 suerunt
1285 2649 1403 2724 vocati
1428 2649 1477 2723 ad
1500 2648 1656 2748 palatium

338 2799 458 2872 neque
475 2798 603 2850 eorum
619 2773 767 2865 familia,
783 2797 902 2872 neque
916 2775 1028 2872 aliqui
1044 2773 1203 2873 religiosi
1218 2801 1226 2863 ;
1245 2773 1362 2852 clerus
1377 2797 1407 2848 s.
1432 2775 1528 2850 Petri
1544 2795 1657 2871 expee

336 2901 422 2973 tavit
441 2901 507 2972 sub
526 2899 669 3000 portion
687 2900 849 2992 basilice,
874 2924 999 2975 eorum
1019 2924 1102 2975 cum
1122 2922 1254 2986 oruce;
1280 2899 1490 2974 beneficiati
1508 2897 1656 2998 ejusdem

336 3024 485 3100 basilice
504 3029 737 3122 portaverunt
754 3025 967 3102 defunctum
990 3027 1034 3100 de
1053 3047 1198 3102 camera
1216 3049 1282 3102 sua
1300 3048 1415 3124 usque
1440 3026 1489 3100 ad
1511 3023 1657 3122 sepultu-

335 3173 413 3223 ram
437 3149 718 3247 precedentibus
740 3149 891 3247 triginta
915 3149 1120 3226 intorticiis.
1151 3153 1191 3223 ln
1225 3149 1347 3225 medio
1378 3150 1543 3240 basilice,
1568 3149 1658 3247 justa

336 3297 480 3374 corpus,
498 3273 635 3349 dictum
654 3253 709 3348 est
732 3276 1016 3374 responsorium,
1044 3298 1146 3350 more
1168 3275 1299 3366 solito;
1325 3274 1458 3350 deinde
1484 3279 1656 3376 portatum

337 3400 384 3472 ad
412 3399 590 3497 capellam
616 3399 720 3478 beate
749 3400 863 3474 Mario
891 3400 937 3474 do
965 3401 1139 3476 Febribns
1164 3401 1201 3474 in
1229 3424 1301 3498 qua
1326 3400 1486 3476 debebat
1510 3397 1653 3497 sepeliri.

335 3525 534 3622 Deportala
552 3523 697 3598 fuerunt
715 3523 838 3598 omnia
853 3524 1036 3600 intorticia
1052 3553 1060 3615 3
1081 3527 1138 3599 vix
1154 3526 1285 3599 retinui
1302 3549 1414 3599 unum
1432 3529 1474 3600 ut
1491 3525 1658 3600 videretur

334 3652 496 3748 sepeliri.
519 3652 630 3726 lrrnit
648 3652 684 3726 in
700 3651 911 3728 defunctum
930 3675 1024 3726 unus
1043 3675 1088 3726 ex
1108 3651 1350 3726 familiaribus
1370 3652 1445 3726 suis
1467 3653 1529 3751 qui
1551 3653 1656 3724 extra·

332 3778 384 3848 xit
400 3777 433 3849 ei
447 3777 596 3850 anulum
613 3778 673 3874 qui
690 3777 831 3851 dnobus
847 3777 1002 3852 corlenis
1018 3778 1064 3850 ab
1080 3799 1123 3850 eo
1139 3783 1284 3874 emptus
1300 3781 1392 3868 erat,
1410 3782 1446 3852 el
1461 3777 1656 3852 chirotecas

334 3901 516 3997 antiquos,
537 3901 595 3974 vix
618 3900 760 3976 duobus
783 3903 941 3976 corlenis
964 3903 1145 3992 valentes,
1171 3926 1262 4000 quas
1288 3902 1385 3976 idem
1412 3901 1599 3978 familiaris
1618 3899 1655 3972 de
1735 3895 1736 3926 ¹

333 4026 498 4100 sacristia
526 4029 622 4124 Papa
649 4031 845 4124 receperat
871 4035 907 4104 et
936 4029 1160 4125 promiserat
1190 4029 1272 4104 illes
1300 4029 1523 4120 restituere;
1553 4033 1587 4102 et
1611 4024 1654 4098 sic

331 4151 472 4250 positus
494 4151 561 4225 tuit
580 4153 658 4226 sine
676 4153 748 4226 illis
767 4153 803 4226 in
821 4177 932 4252 capsa
949 4158 985 4227 et
1004 4155 1203 4252 sepulture.
1226 4157 1343 4252 Capsa
1360 4161 1441 4229 erat
1463 4155 1655 4253 aliquantu·

330 4274 407 4350 lum
440 4275 593 4364 stricta;
628 4281 827 4375 propterea
857 4277 1029 4378 lignarius
1059 4279 1225 4354 ascendit
1256 4303 1339 4354 oum
1373 4280 1528 4380 genibus
1557 4297 1656 4374 super

330 4399 545 4474 defunctum
565 4407 603 4476 ut
620 4424 705 4476 enm
728 4403 765 4475 in
785 4425 933 4501 capsam
951 4402 1166 4478 intruderet.
1189 4404 1360 4501 Sepultus
1377 4403 1446 4480 luit
1464 4405 1519 4478 vix
1537 4403 1656 4478 aduo·
1735 4425 1736 4496 j

329 4523 397 4598 bus
415 4524 545 4624 palmis
565 4525 632 4599 sub
650 4531 748 4631 terra
764 4525 868 4626 juxta
886 4551 1034 4600 murum
1061 4527 1132 4602 sive
1155 4527 1347 4625 pilastrum
1369 4531 1415 4604 ab
1440 4533 1543 4604 extra
1567 4527 1654 4600 inter

330 4649 446 4722 altare
470 4651 506 4724 b.
527 4649 642 4726 Maria
666 4650 711 4726 de
729 4651 905 4727 Febribus
925 4657 960 4726 et
977 4651 1090 4726 altare
1107 4675 1202 4750 pape
1222 4652 1366 4728 Callixti
1385 4657 1454 4731 lll:
1476 4654 1521 4728 ad
1544 4652 1654 4751 plures
1735 4651 1736 4672 ¹

329 4771 406 4846 dies
431 4779 514 4872 post
542 4775 768 4873 sepulturam
792 4799 867 4850 non
890 4775 956 4850 luit
978 4775 1113 4850 lactum
1137 4775 1283 4872 aliquod
1309 4777 1454 4874 signum
1479 4776 1653 4876 sepulture
1735 4849 1736 4852 ,

329 4920 447 4994 neque
474 4900 594 4997 posita
621 4901 780 5000 desuper
807 4900 1004 4993 intertiata,
1033 4905 1141 5002 prout
1167 4901 1411 4978 cardinalibus
1438 4901 1515 4976 fieri
1542 4901 1653 4988 solet3
1735 4941 1736 4944 =

364 5137 390 5192 t.
410 5137 481 5212 Voy.
496 5139 715 5214 praeedemment
726 5158 807 5216 page
827 5143 888 5201 158.
906 5143 1048 5200 Barchard
1063 5143 1114 5203 aa
1137 5161 1191 5204 une
1205 5147 1297 5222 legere
1314 5161 1417 5204 orreur.
1439 5145 1476 5202 Lo
1490 5139 1609 5201 cardinal
1623 5139 1654 5196 ds

327 5223 438 5372 Capora
452 5227 518 5326 et'ait
532 5235 603 5286 mort
617 5228 640 5286 le
659 5231 677 5287 5
691 5235 756 5289 aottt
772 5233 839 5290 1501
864 5237 892 5290 et
906 5249 952 5290 ses
966 5232 1104 5310 obseques
1123 5243 1220 5296 aurem
1234 5235 1289 5295 lieu
1313 5233 1523 5310 negotiarement
1535 5232 1560 5290 la
1574 5233 1607 5290 15
1619 5229 1653 5284 du

328 5331 355 5371 m
373 5332 416 5372 me
430 5333 510 5375 mors.
