3590 6042
316 627 353 682 22
773 617 948 682 JOHANNIS
972 617 1198 688 BURCHARDI,
1486 617 1568 680 {Mars
1584 617 1670 678 15110]

319 807 425 876 erant
468 803 541 875 duo
577 801 721 889 vexilla,
752 801 789 872 in
830 800 939 898 pleno
980 801 1186 898 superiore,
1219 799 1384 876 tibicines
1414 802 1570 894 quatuor
1601 795 1666 868 vel

318 927 494 1024 quinque;
519 925 646 1000 vexilla
669 924 791 998 omnia
812 947 897 998 cum
921 924 1031 996 armis
1053 928 1167 1021 Pepe;
1195 928 1231 996 et
1255 946 1366 1020 super
1390 944 1528 1010 mures,
1554 921 1664 994 intra

317 1051 449 1138 menia,
480 1073 590 1146 super
616 1057 778 1146 pentem,
808 1049 951 1122 stabant
977 1056 1048 1122 tres
1074 1047 1243 1122 homines
1270 1071 1290 1122 a
1318 1047 1436 1144 capite
1466 1045 1510 1118 ud
1538 1045 1663 1142 pedes

317 1173 462 1263 armati,
480 1173 662 1247 ulibardas
677 1173 714 1245 in
731 1172 895 1246 manibus
913 1177 1095 1260 tenentes3
1115 1197 1227 1270 super
1243 1195 1350 1244 muro
1368 1170 1479 1244 turris
1494 1168 1663 1242 retunde

317 1306 418 1372 erent
435 1321 590 1372 numero
613 1297 735 1394 viginti
753 1298 926 1396 quinque,
948 1302 980 1370 et
1005 1297 1158 1372 tetidem
1181 1323 1290 1396 super
1307 1318 1413 1370 mure
1440 1295 1500 1368 ubi
1520 1299 1657 1368 sonant

318 1423 495 1496 tibicines,
518 1426 635 1520 Super
657 1423 789 1496 turrim
812 1427 935 1497 autem
959 1423 1198 1521 principalem
1221 1429 1256 1496 et
1281 1448 1346 1521 per
1370 1427 1659 1516 murum‘supe-

317 1549 454 1622 rierem
481 1549 605 1636 castri,
633 1573 759 1624 versus
786 1555 933 1646 pontem
962 1556 997 1624 et
1022 1572 1148 1622 versus
1174 1550 1361 1647 palatium,
1388 1550 1485 1622 inter
1507 1544 1658 1642 singula

318 1675 451 1764 menia,
473 1675 620 1748 luerunt
646 1675 774 1771 singuli
798 1675 862 1748 viri
888 1681 926 1750 ut
950 1701 1063 1774 supra
1087 1675 1231 1764 armati,
1254 1699 1336 1748 cum
1356 1675 1465 1748 armis
1482 1674 1519 1747 in
1536 1675 1662 1748 mani-

314 1801 397 1874 bus.
426 1801 553 1876 Emissi
579 1802 726 1874 ducenti
749 1802 804 1875 vel
827 1802 923 1875 ultra
949 1803 1101 1900 sclupeti
1126 1825 1296 1898 magnum
1320 1824 1451 1876 sentim
1477 1800 1660 1876 facientes

318 1923 603 2014 ordinatissime,
623 1924 742 2021 primo
761 1926 805 1998 de
824 1926 915 1998 turri
937 1926 1004 1998 sita
1022 1927 1056 1999 in
1075 1927 1183 1998 lrertn
1202 1926 1325 2016 castri,
1346 1925 1479 1998 deinde
1497 1925 1541 1998 de
1562 1925 1659 1998 turri

317 2050 475 2122 rutunda
502 2050 571 2122 sita
595 2073 722 2122 versus
748 2056 915 2147 pentem,
943 2053 988 2123 de
1014 2075 1085 2147 qua
1113 2076 1154 2124 en
1184 2051 1309 2124 lurore
1335 2050 1413 2122 seni
1438 2049 1658 2124 ceciderunt

318 2177 423 2270 perte
444 2172 691 2246 fenestrarum
712 2179 746 2246 et
766 2174 915 2270 gelesie,
937 2177 1141 2250 successive
1159 2176 1204 2248 de
1224 2177 1318 2248 turri
1340 2173 1505 2271 angulari
1524 2197 1658 2248 versus

319 2297 493 2370 Sanctum
525 2298 722 2394 Spiritum,
752 2299 900 2372 tandem
929 2301 973 2372 de
1007 2301 1135 2372 eadem
1166 2299 1257 2372 turri
1285 2322 1351 2396 per
1378 2298 1526 2396 planum
1554 2297 1657 2370 muri

318 2443 444 2492 versus
462 2421 635 2518 palatium
655 2423 713 2494 siti
735 2447 849 2520 usque
873 2424 916 2496 ad
945 2425 1075 2496 turrim
1100 2424 1432 2520 posterioremque
1452 2425 1558 2520 prata
1575 2443 1658 2493 res-

319 2545 423 2642 picit;
447 2545 574 2618 ultime
594 2547 713 2643 sepius
733 2548 777 2620 dc
799 2551 934 2621 castre.
957 2551 1035 2622 Non
1052 2548 1122 2622 vidi
1142 2571 1303 2645 uuquam
1323 2551 1463 2622 lantum
1483 2549 1656 2620 ornatum

318 2673 354 2740 et
373 2671 601 2768 triumphum
621 2697 662 2743 er
680 2672 751 2746 hec
771 2677 904 2747 castre.
1011 2746 1015 2753 .

368 2795 473 2868 Feria
492 2797 620 2891 quinta
642 2797 884 2894 carnisprivii,
916 2803 958 2870 27
978 2797 1166 2886 februarii,
1188 2798 1255 2870 luit
1273 2796 1440 2870 habitum
1460 2797 1594 2870 lestum
1615 2799 1654 2868 in

316 2924 455 3015 Agaue,
477 2921 642 3016 pruchre,
663 2945 764 2992 mure
783 2945 848 2996 sue
867 2923 972 2996 solite
993 2927 1164 2997 ornatum
1184 2947 1268 2996 cum
1293 2923 1463 2997 undecim
1484 2923 1654 2995 carrucis

317 3043 597 3140 triumphalibus
616 3049 650 3117 et
673 3046 825 3120 victoria
849 3049 932 3120 iulii
954 3049 1098 3122 (luseris
1120 3049 1179 3144 qui
1205 3049 1299 3122 sedit
1316 3048 1352 3120 in
1377 3048 1506 3122 ultime
1524 3071 1650 3120 earm.

316 3170 452 3240 Omnes
469 3168 678 3264 hujusmodi
698 3172 795 3244 carri
816 3173 915 3246 ducti
935 3173 1082 3246 luerunt
1100 3175 1145 3246 ad
1162 3173 1351 3270 palatium,
1373 3195 1417 3247 ex
1435 3195 1507 3268 quo
1527 3172 1654 3245 redie-

317 3299 400 3364 runt
432 3315 577 3383 amnes,
608 3296 756 3393 dempto
789 3297 1026 3372 ultime-iulii
1061 3298 1201 3374 Ceseris
1231 3299 1291 3396 qui
1325 3298 1459 3372 mansit
1492 3297 1539 3370 ibi
1568 3303 1650 3392 pest

315 3441 441 3490 omnes
460 3443 649 3494 carrucas.
672 3425 750 3496 ltux
769 3424 943 3520 equitavit
961 3427 1006 3498 de
1026 3425 1160 3522 palatiu
1179 3425 1224 3497 ad
1242 3429 1407 3521 Agunem
1428 3424 1463 3496 in
1483 3445 1557 3520 que
1574 3445 1652 3494 ser·

316 3546 391 3616 vate
410 3553 493 3618 sunt
513 3545 724 3621 festivitates
744 3549 791 3646 (t)
810 3552 1074 3638 Romanorum,
1095 3571 1197 3622 mure
1218 3549 1337 3623 solitu.

360 3671 516 3778 l'eneris
538 3672 780 3768 carnisprivii,
809 3677 853 3745 28
871 3674 1062 3762 februarii,
1083 3678 1329 3747 cucurrerunt
1346 3672 1451 3746 iudei
1471 3697 1491 3746 e
1512 3673 1649 3745 eleviea

311 3794 599 3866 vicecancellarii
619 3797 664 3868 ad
684 3797 841 3892 plateam
860 3823 889 3871 s.
911 3800 1007 3871 Petri
1028 3823 1093 3896 pru
1111 3799 1220 3895 pallio
1239 3823 1304 3872 suu
1323 3798 1442 3888 sclito,
1464 3805 1499 3869 et
1519 3798 1648 3872 eadem

312 3917 370 3990 die
388 3918 493 4013 pueri
514 3919 728 4016 incipientes
747 3922 783 3994 in
802 3923 917 4020 burge
937 3947 1050 4021 usque
1073 3924 1273 3998 addictam
1294 3923 1471 4021 capellam
1492 3945 1561 4022 pro
1582 3946 1649 3994 suu

312 4041 433 4137 pallio.

358 4165 530 4256 Sabbata,
559 4171 655 4242 tauri
683 4171 782 4245 ducti
813 4175 859 4246 ad
892 4175 1125 4272 Capitulium,
1153 4179 1188 4248 et
1220 4175 1423 4264 dominica,
1450 4173 1582 4248 testum
1611 4173 1646 4244 in

313 4291 500 4364 Testeccio
519 4291 565 4392 (1)
586 4295 645 4368 ubi
665 4303 858 4372 evaserunt
880 4300 952 4373 duo
976 4301 1072 4373 tauri
1093 4324 1136 4372 ex
1158 4299 1280 4396 ligatis
1303 4300 1380 4372 sine
1399 4299 1472 4374 ulla
1487 4298 1645 4384 lesione,

185 4401 190 4412 ⁵
311 4420 346 4486 et
367 4419 540 4489 natarunt
564 4419 661 4493 ultre
681 4421 843 4495 Tiberim
866 4425 911 4496 ad
935 4423 1035 4497 littus
1055 4428 1270 4498 Pertuense.
1290 4427 1543 4499 cucurrerunt
1558 4421 1647 4496 her-

309 4535 389 4610 bari
413 4541 509 4635 equi,
532 4566 623 4639 eque
647 4545 807 4641 primum
834 4552 870 4621 et
891 4549 1059 4638 tertium;
1086 4548 1195 4646 pallia
1222 4572 1296 4622 nen
1319 4549 1471 4622 luerunt
1494 4549 1580 4622 deta
1603 4569 1649 4619 ex

311 4685 452 4736 cause„
713 4678 717 4684 '
1558 4679 1564 4688 '

357 4787 422 4860 Die
447 4788 545 4879 lune,
574 4796 595 4863 2
624 4795 759 4882 martii,
786 4819 891 4869 senes
918 4804 1167 4871 cucurrerunt
1184 4821 1251 4894 pru
1277 4797 1386 4893 pallio
1406 4823 1473 4872 sue
1499 4797 1545 4872 ad
1565 4795 1647 4894 ple-

310 4915 407 4984 team
427 4937 456 4984 s.
479 4915 577 4988 Petri
597 4921 632 4988 et
649 4921 731 5013 post
750 4941 812 4992 ees
832 4943 936 5016 eque.

344 5131 369 5184 1.
389 5129 462 5186 Telle
474 5139 516 5189 est
530 5135 555 5190 ln
571 5135 647 5205 lecun
663 5137 712 5193 des
727 5155 793 5197 mss.
811 5140 891 5212 5161,
906 5141 987 5198 5162.
1001 5141 1054 5198 Les
1069 5147 1161 5197 autres
1174 5158 1241 5197 mss.
1256 5141 1399 5198 dennent:
1415 5143 1570 5210 fatuitates.

309 5218 369 5360 7,2.
389 5217 441 5274 Les
464 5238 532 5284 mss.
560 5224 683 5283 dunnent
707 5226 936 5285 indifferemurent
954 5229 979 5286 la
1000 5229 1084 5286 terme
1107 5229 1190 5286 latine
1210 5233 1333 5286 Tartareo
1356 5248 1391 5288 ou
1416 5231 1440 5286 le
1462 5247 1526 5288 nom
1551 5227 1644 5288 italien

330 5310 451 5362 ertuerie.
1090 5319 1097 5336 ·
