3502 6036
361 600 413 656 nr
816 593 993 652 rounuurs
1017 591 1241 664 nunculiam,
1533 594 1602 654 [seu
1616 597 1675 663 {aa

362 752 424 841 sis,
456 753 555 848 Papa
578 753 774 848 presente;
804 770 1012 822 sermonem
1037 747 1124 822 lesit
1141 747 1299 844 'qnidam
1328 743 1544 820 Franciscus
1569 747 1679 822 Galari-

361 885 482 966 tanus,
504 874 590 950 dicti
608 873 767 947 amru.
789 871 985 947 cardinalis
1003 871 1305 970 consanguineus.
1320 869 1546 968 Interrogavi
1566 873 1678 969 Papam

363 1007 447 1074 ante
466 998 616 1072 missam
632 999 678 1072 de
695 998 753 1072 via
767 1003 803 1072 et
818 997 911 1072 hora
924 1021 990 1094 pro
1008 997 1102 1071 testo
1118 994 1362 1094 processionis
1381 993 1550 1091 corporis
1564 995 1676 1070 Christi

366 1124 582 1199 officialibus·
604 1123 828 1214 intimandis,
851 1121 913 1220 qui
937 1121 1026 1196 mihi
1050 1121 1140 1196 dixit
1165 1123 1210 1197 de
1235 1121 1328 1194 hora
1354 1119 1513 1210 decime,
1543 1127 1578 1192 et
1599 1125 1677 1216 quod

365 1250 526 1323 dicerem
552 1247 794 1322 cardinalibus
812 1247 910 1344 quod
934 1252 1108 1321 ornarent
1131 1251 1233 1320 more
1256 1245 1361 1320 solito
1387 1251 1537 1318 stratam
1555 1245 1674 1342 pannis,

362 1373 418 1446 uia
442 1377 546 1448 recta
562 1395 677 1469 usque
702 1372 748 1446 ad
771 1370 980 1468 oppositum
1002 1369 1132 1444 domus
1152 1369 1347 1444 cardinalis
1372 1394 1402 1441 s.
1430 1367 1634 1459 Clementis,
1651 1377 1677 1442 et

364 1521 429 1596 per
455 1502 700 1571 transversum
726 1497 772 1570 ad
798 1519 892 1584 eam,
922 1501 959 1568 et
982 1494 1065 1568 inde
1092 1495 1188 1570 circa
1211 1495 1317 1572 Viam
1337 1500 1502 1568 sanctam
1525 1494 1678 1589 usquead

364 1621 552 1696 basilicam
579 1647 608 1696 s.
638 1621 748 1713 Petri,
775 1621 872 1718 quod
895 1625 932 1694 et
954 1619 1038 1694 leci.
1067 1623 1198 1694 Omnia
1221 1621 1258 1693 in
1280 1621 1349 1694 hac
1372 1619 1489 1692 missa
1511 1617 1677 1692 observata

363 1755 445 1821 sunt
460 1769 562 1822 more
578 1747 697 1820 solito.

415 1871 550 1947 Eadem
569 1871 764 1962 dominica,
780 1871 918 1946 dictum
933 1872 998 1946 luit
1014 1896 1081 1969 per
1097 1871 1232 1948 Urbem
1247 1893 1376 1968 pacem
1391 1893 1475 1944 esse
1491 1868 1676 1944 conclusam

368 1997 465 2070 inter
487 2019 614 2096 regam
629 1999 853 2071 Francorum
871 2005 1049 2095 stragem
1067 1995 1324 2094 Hispaniarum
1345 2001 1380 2069 et
1397 1995 1497 2092 quod
1520 1991 1594 2090 regi
1612 1993 1676 2066 llis-

368 2121 561 2218 paniarum
579 2121 729 2196 deberet
746 2123 878 2197 cedere
897 2121 1098 2196 dominium
1116 2120 1280 2196 Calabris
1300 2126 1337 2195 et
1357 2120 1487 2218 Apulia
1512 2142 1555 2193 ac
1575 2117 1676 2191 cirita-

369 2249 446 2318 tum
460 2244 765 2335 Florentinorum‚
779 2247 1012 2321 tanuentium
1025 2245 1086 2346 (l),
1104 2252 1206 2320 etc...

417 2371 523 2444 Faria
548 2371 667 2464 tertia
700 2377 721 2446 8
748 2371 884 2451 mensis
904 2372 997 2470 junii
1026 2371 1190 2469 predicti,
1223 2369 1390 2444 intimata
1417 2369 1487 2442 luit
1514 2365 1675 2466 processio

369 2492 585 2568 officialibus
611 2495 828 2570 cancellarie
854 2501 891 2571 ct
913 2495 989 2570 aliis
1015 2519 1082 2593 per
1104 2519 1276 2570 cursores
1302 2501 1338 2567 et
1360 2493 1510 2568 cedulas
1534 2489 1673 2589 ejusden

364 2618 501 2692 tenoris
518 2626 626 2717 prout
647 2643 742 2696 anuo
765 2621 938 2720 preterito
956 2643 1025 2718 que
1040 2620 1229 2696 ‘habentur
1251 2643 1363 2717 supra
1386 2614 1545 2715 foliati).
1569 2612 1672 2689 socius

356 2768 472 2818 meus
499 2745 627 2819 habuit
651 2769 776 2819 curam
802 2745 1042 2821 distribuendi
1071 2745 1165 2819 viam
1195 2743 1439 2820 cardinalibus
1473 2764 1537 2840 per
1563 2759 1673 2812 caunas

366 2869 726 2964 pannisornandam.
1739 2861 1740 2886 ¹

417 2994 679 3090 Faria-quarta,
701 2999 723 3068 9
743 2995 849 3092 junii,
875 2995 993 3090 vigilia
1017 2995 1181 3093 corporis
1205 2995 1349 3085 Christi,
1376 2993 1526 3068 luerunt
1546 3009 1672 3085 vespere

300 3181 303 3188 .
366 3117 515 3216 papales
539 3117 577 3191 in
599 3119 739 3216 capella
759 3120 901 3217 majore
923 3121 1061 3216 palatii,
1088 3123 1186 3217 Papa
1206 3125 1388 3217 presente,
1415 3125 1453 3194 et
1476 3115 1593 3193 omnia
1609 3117 1672 3186 acta

250 3249 255 3258 '
366 3251 447 3318 sunt
465 3267 569 3320 more
589 3244 709 3319 solito.
727 3247 824 3318 lovis
843 3246 1042 3342 sequentis,
1063 3251 1111 3338 lO
1127 3245 1229 3344 junii,
1251 3245 1343 3318 testo
1359 3244 1528 3342 corporis
1549 3234 1671 3316 Christi.

401 3469 429 3524 l.
452 3466 474 3524 ll
486 3465 560 3524 avait
571 3469 614 3523 ue
628 3465 724 3524 decide
738 3472 815 3523 entre
830 3466 877 3522 les
886 3466 940 3523 rois
956 3466 990 3522 de
1003 3467 1105 3524 Franco
1121 3473 1148 3524 et
1162 3466 1319 3542 d'Espagne
1333 3485 1387 3542 que
1400 3486 1432 3525 ce
1444 3468 1525 3530 traitt
1538 3468 1570 3524 ds
1580 3469 1672 3539 pertago
1738 3461 1739 3514 l

363 3555 546 3613 demaursrait
564 3561 652 3613 secret
661 3556 775 3630 jusqu'd
789 3574 820 3611 ce
842 3573 896 3629 que
910 3555 1019 3612 l'armee
1039 3574 1092 3629 qua
1111 3555 1195 3613 Louis
1210 3555 1260 3612 llll
1276 3556 1408 3614 destinait
1422 3561 1438 3614 a
1454 3563 1522 3614 cette
1541 3551 1671 3630 exptdibou

363 3647 404 3704 lut
420 3645 524 3703 arrives
537 3645 664 3704 attonsa.
680 3646 726 3702 'On
740 3661 775 3702 ne
789 3663 909 3718 manqua
924 3661 974 3718 pas
989 3643 1024 3701 de
1040 3651 1102 3719 part
1117 3649 1144 3702 et
1158 3644 1274 3714 d'autre,
1289 3661 1359 3720 pour
1372 3645 1515 3721 expliquer
1529 3661 1557 3701 ce
1570 3647 1672 3717 perege.

364 3736 398 3792 de
412 3741 508 3794 mettre
525 3753 559 3791 en
571 3741 656 3792 avant
670 3734 790 3792 l’iuteret
803 3735 838 3790 de
853 3734 879 3791 la
898 3734 1047 3792 abrettente
1066 3743 1094 3791 at
1112 3733 1139 3790 la
1156 3733 1308 3808 protection
1323 3735 1358 3792 de
1374 3735 1472 3792 l'ltalie
1492 3741 1579 3792 conus
1595 3729 1629 3786 les
1639 3733 1670 3783 at-

367 3829 464 3896 taquea
488 3824 538 3880 des
559 3824 655 3882 Turcs.
670 3823 707 3880 Ca
719 3823 800 3902 truite
823 3841 857 3880 ne
872 3823 956 3880 laissa
969 3841 1020 3898 pas
1035 3823 1178 3897 d'ellrayer
1192 3823 1217 3880 le
1230 3841 1300 3898 pape
1313 3824 1361 3898 qui
1376 3823 1513 3898 craiguait
1525 3821 1586 3897 quil
1599 3836 1626 3875 nc
1641 3816 1672 3870 itt

367 3928 401 3966 eu
413 3909 505 3968 realite
519 3899 711 3985 dirige'contre
726 3911 860 3990 lui.·Voy.
877 3911 1071 3981 Guiceiardiui,
1086 3911 1131 3968 liv.
1155 3912 1176 3968 V
1194 3929 1228 3969 τι(
1300 3913 1404 3982 Queste
1418 3913 1532 3970 matrina
1545 3909 1562 3966 il
1577 3909 1639 3980 Papa
1651 3903 1671 3957 iu
1737 3977 1738 3988 ἶ

365 3998 528 4058 consistorio
543 4001 579 4056 ha
593 3999 730 4074 publicato
745 4015 821 4057 esser
834 4000 906 4058 lacta
919 4001 1001 4076 legha
1015 4001 1085 4058 intra
1100 4000 1119 4056 il
1135 4001 1176 4058 lla
1190 4001 1436 4072 christianissimo,
1453 4001 1517 4077 quel
1529 3997 1671 4071 d’lllspagna
1737 4023 1738 4026 ¹

365 4095 393 4146 et
413 4089 447 4146 S.
467 4089 601 4160 Sanctitt,
616 4089 784 4148 allermando
798 4107 890 4147 essere
905 4108 953 4165 per
966 4097 1068 4149 contro
1083 4091 1108 4148 el
1120 4091 1228 4164 Turcbo
1243 4099 1271 4148 et
1285 4092 1320 4148 ad
1334 4091 1422 4150 salute
1435 4099 1464 4148 et
1482 4087 1601 4148 benefitio
1615 4080 1671 4138 della

366 4173 553 4246 Christianus,
570 4185 598 4236 et
614 4196 663 4254 per
677 4179 704 4236 la
724 4177 841 4253 impresa
859 4179 886 4234 di
907 4179 1004 4253 Napoli
1026 4187 1053 4237 et
1076 4179 1140 4238 utile
1159 4179 1275 4252 d'ltalia‚
1293 4181 1415 4238 ornando
1434 4179 1461 4236 la
1480 4195 1559 4237 cause
1576 4191 1618 4231 sua
1630 4185 1667 4225 con

364 4263 526 4339 ringratiare
541 4265 592 4324 Dio
606 4269 657 4324 cha
671 4269 724 4324 dua
739 4267 820 4326 cotali
833 4285 863 4325 ra
878 4267 901 4325 si
916 4269 994 4327 siano
1013 4269 1122 4326 excitati
1136 4276 1163 4327 et
1178 4269 1299 4327 habbino
1317 4269 1410 4328 soluto
1425 4269 1457 4326 S.
1473 4268 1549 4326 Sanll
1570 4279 1612 4320 001¹
1625 4257 1669 4312 l⁰l⁰

366 4352 392 4408 ln
408 4361 505 4428 questa
518 4357 746 4432 conjunctione...
760 4365 787 4416 et
800 4359 956 4416 cerchando
968 4358 986 4414 it
999 4358 1103 4432 judicio
1120 4359 1165 4416 dei
1180 4359 1317 4417 Cardiuali
1332 4360 1503 4434 singulatim,
1513 4353 1575 4415 tucti
1588 4350 1669 4408 diron⁰

364 4459 442 4500 come
457 4443 494 4500 lui
509 4452 537 4502 et
550 4445 633 4503 etiarn
652 4447 743 4520 quello
758 4446 786 4502 di
800 4447 897 4522 Nepoti
911 4449 962 4504 che
977 4448 1004 4504 lu
1019 4448 1037 4504 il
1052 4448 1173 4522 prima..
1187 4451 1284 4508 Nonsi
1298 4451 1362 4507 cede
1377 4453 1422 4508 net
1442 4453 1519 4524 Rupe
1536 4445 1608 4504 motta
1619 4451 1669 4492 corr-

363 4537 492 4604 tentcrsn,
508 4553 541 4592 cn
554 4553 648 4592 manco
663 4539 707 4593 net
716 4540 777 4592 suoi
791 4539 915 4594 continui
923 4541 1048 4609 proximi
1067 4543 1092 4593 et
1101 4540 1191 4609 fideti.
1207 4541 1240 4593 Et
1255 4539 1300 4594 det
1313 4541 1440 4594 continno
1459 4541 1491 4608 sn
1502 4527 1668 4611 provisionis!

364 4624 385 4678 it
395 4640 470 4680 nome
485 4627 563 4696 dper
574 4626 601 4682 lu
612 4641 664 4682 suc
676 4641 796 4696 persono
809 4631 834 4681 ct
846 4627 973 4682 custodie
983 4628 1137 4697 propria...
1153 4643 1187 4682 ex
1205 4625 1288 4697 Urbe,
1304 4626 1347 4684 die
1361 4627 1415 4684 Vll
1429 4627 1503 4685 lunii
1517 4623 1587 4684 llel.
1600 4619 1668 4675 Ffflss·

365 4709 456 4768 ciscus
468 4713 503 4770 de
517 4713 614 4788 Pepis,
625 4715 729 4784 doctor,
743 4719 843 4772 orator.
856 4737 870 4766 u
882 4715 967 4789 (Clas.
985 4714 1020 4784 X,
1034 4714 1099 4775 dist.
1116 4717 1142 4785 l,
1158 4714 1219 4772 lllza
1231 4718 1276 4786 65,
1293 4733 1346 4772 ac.
1360 4718 1436 4792 270.)
1448 4739 1503 4776 a...
1514 4717 1536 4774 lt
1548 4717 1616 4782 Papa
1627 4701 1667 4760 ad·

364 4801 443 4857 tende
458 4803 496 4858 ad
509 4805 662 4876 fortificare
675 4805 696 4860 u
711 4803 826 4860 Custetto
841 4812 942 4876 quanto
957 4807 1026 4876 pud,
1042 4811 1066 4861 et
1087 4808 1165 4874 iufra
1182 4807 1239 4862 duo
1254 4824 1269 4862 o
1284 4813 1323 4862 tre
1338 4807 1369 4862 di
1384 4812 1499 4864 macterd
1513 4804 1574 4860 tecti
1585 4815 1596 4854 e
1609 4807 1668 4850 met·

365 4889 448 4945 tellett
463 4893 501 4948 od
525 4894 549 4948 te
571 4895 670 4963 discas,
691 4898 716 4948 ct
735 4893 817 4948 honri
834 4895 917 4948 tiruto
937 4896 1085 4965 arttplertn
1101 4897 1154 4966 ptri
1175 4912 1228 4951 non
1247 4899 1275 4952 ui
1290 4913 1335 4952 ero
1356 4903 1408 4952 :et
1427 4897 1501 4952 ebori
1520 4891 1623 4950 nucleo!
1639 4876 1668 4933 nl

365 4979 444 5044 suria
459 4982 533 5048 tuoto
549 4983 612 5051 lere
630 4983 716 5053 pulle,
731 4987 758 5037 et
773 4983 831 5038 bier
844 4999 906 5038 aera
924 4983 1017 5040 t’ettru
1032 4985 1089 5052 fece
1102 4986 1163 5052 sore
1178 4985 1206 5040 lu
1219 4991 1321 5042 trustra
1334 4987 1409 5042 delle
1425 5003 1478 5042 aua
1491 4979 1614 5056 plruurdln
1627 4968 1666 5022 chr·

367 5081 421 5122 non
437 5071 452 5124 e
467 5071 565 5142 poche,
583 5077 610 5128 et
624 5071 690 5146 ogni
704 5087 770 5128 cosa
785 5087 836 5128 sno
850 5072 928 5128 tende
944 5073 981 5128 ed
995 5074 1220 5130 dimoveatruttonc
1236 5075 1267 5130 di
1283 5091 1410 5146 paura...
1429 5091 1463 5132 ex
1487 5070 1561 5139 Urba,
1575 5063 1613 5120 die
1625 5053 1667 5112 llll

368 5151 576 5218 sustinone.
593 5161 627 5218 de
644 5159 738 5235 Pepis,
750 5159 855 5217 doctor.
871 5160 969 5218 Orator
979 5183 1005 5218 o.
1018 5161 1070 5234 (ld.
1088 5180 1143 5220 ac.
1161 5163 1237 5236 276.)

403 5245 431 5298 2.
452 5245 522 5320 Voy.
537 5251 756 5322 pracedemment
773 5265 845 5322 pege
863 5251 909 5306 61.
