3502 6036
344 605 396 666 000
798 601 975 658 torturus
1000 599 1222 668 0000000000,
1473 599 1664 670 irentiaco}

343 763 462 836 siones
479 758 773 850 admitteremini,
796 757 894 854 quod
913 781 934 830 a
954 755 1053 830 nullo
1075 753 1275 830 confitente
1296 753 1430 850 aliquid
1444 779 1513 851 pro
1530 755 1664 830 absolu-

343 887 440 961 tione
456 886 608 984 exigatis
624 892 685 959 aut
704 883 939 982 penitentiam
965 880 1215 980 pecuniariam
1239 879 1339 951 vobis
1364 887 1424 954 aut
1450 879 1563 952 alicui
1578 891 1665 957 certe

342 1034 497 1112 persone
514 1011 763 1108 applicandam
781 1011 989 1108 imponetis,
1010 1010 1107 1084 salvo
1123 1007 1220 1105 quod
1235 1011 1363 1102 sponte
1377 1005 1501 1080 oblata
1514 1008 1665 1106 recipere

343 1136 580 1236 possetisne
608 1135 893 1210 restitutionibus
918 1135 1091 1210 faciendis
1115 1159 1178 1207 vos
1206 1156 1278 1206 non
1304 1131 1556 1206 intromittetis
1573 1132 1666 1206 aliter

342 1285 451 1359 quam
473 1259 695 1360 injungendo
721 1261 817 1357 quod
842 1261 1109 1335 restitutionem
1133 1257 1265 1332 iaciant
1288 1257 1345 1330 his
1361 1257 1495 1352 quibus
1513 1257 1666 1332 tacienda

342 1395 410 1460 est.
427 1391 465 1476 ln
482 1386 630 1460 incertis
656 1393 776 1460 autem
797 1409 860 1459 vos
882 1386 1025 1484 penitus
1047 1407 1121 1458 non
1143 1371 1390 1457 intromittetis
1413 1382 1483 1454 nisi
1507 1382 1546 1453 in
1561 1384 1666 1478 parvis

342 1513 462 1601 rebus,
491 1511 716 1608 injungendo
743 1509 841 1607 quod
874 1510 1001 1584 saltem
1031 1507 1185 1606 propriis
1216 1505 1339 1581 usibus
1371 1513 1407 1580 et
1431 1505 1666 1602 eleemosynis

342 1635 574 1734 elargiantur.
597 1666 614 1701 u
949 1719 951 1724 ,

394 1793 410 1828 0
431 1762 534 1847 00001
556 1761 599 1834 de
625 1759 956 1858 dispensationibus
972 1783 1081 1857 super
1099 1757 1364 1857 irregularitate
1378 1765 1414 1834 00
1429 1755 1666 1842 matrimonio,

342 1893 377 1960 00
393 1885 598 1961 homicidiis
623 1885 831 1960 voluntariis
856 1893 893 1961 et
917 1883 1369 1974 excommunicationibus,
1391 1909 1453 1958 vos
1474 1882 1668 1957 00010000-

343 2012 508 2117 mittetis,
528 2012 592 2086 sed
605 2013 797 2086 remittetis
812 2011 857 2085 ad
873 2011 1086 2086 ordinarios.

392 2167 408 2204 «
428 2135 531 2224 Quod
548 2135 667 2210 nullos
683 2135 892 2211 henselinos
913 2135 958 2235 (t)
975 2135 1142 2210 habeatis
1163 2135 1218 2210 vel
1240 2135 1383 2210 habetis
1402 2157 1468 2233 per
1489 2132 1665 2218 tabernas,

343 2261 501 2336 natalias
517 2285 583 2359 pro
599 2261 820 2335 adducendis
836 2261 1107 2336 confitentibus.

395 2417 410 2452 a
432 2385 536 2472 Quod
552 2410 626 2459 nou
646 2385 799 2460 audiatis
815 2385 1065 2461 confessiones
1080 2384 1149 2458 nisi
1165 2383 1209 2458 de
1231 2383 1377 2458 natione
1393 2407 1458 2482 pro
1482 2405 1558 2480 qua
1579 2377 1665 2456 eritis

344 2511 517 2608 deputati.

395 2671 410 2705 0
431 2637 534 2724 Quod
549 2638 586 2710 in
602 2661 687 2712 casu
704 2661 776 2734 quo
792 2637 902 2736 (quod
913 2638 1017 2737 absit)
1032 2647 1157 2712 contra
1171 2638 1332 2736 predicta
1344 2636 1397 2709 rol
1414 2635 1538 2731 aliquo
1550 2656 1664 2707 eorum

343 2763 585 2852 excesseritis,
604 2763 700 2859 quod
725 2786 835 2860 super
855 2762 927 2836 hoc
953 2764 1066 2838 velitis
1091 2764 1239 2838 obedire
1265 2762 1418 2858 collegio
1442 2759 1478 2832 in
1497 2757 1665 2834 solvendis

341 2888 443 2985 penis
459 2889 561 2962 vobis
577 2911 641 2984 pro
657 2887 829 2984 qualitate
850 2889 1092 2986 imponendis,
1112 2897 1146 2964 et
1160 2889 1205 2963 ab
1220 2889 1292 2962 hoc
1311 2912 1385 2962 non
1401 2886 1591 2973 recedere,
1607 2882 1665 2954 nisi

342 3013 517 3109 priusnos
539 3013 693 3087 dominis
718 3014 979 3110 penitentiariis
1003 3016 1058 3088 uel
1079 3016 1124 3089 001
1143 3015 1263 3089 miuus
1286 3015 1467 3112 deputatis
1483 3017 1665 3110 presente·

342 3137 532 3218 0001010.οῑ
558 3138 670 3212 abeis
694 3138 877 3212 licentiam
902 3141 1142 3230 obtinueritis
1171 3139 1327 3214 audituri
1351 3147 1386 3214 00
1408 3136 1617 3235 responsuri
1641 3133 1663 3204 si

341 3263 428 3359 quid
443 3263 533 3337 torte
552 3263 651 3336 vobis
667 3288 776 3362 super
791 3265 910 3362 aliquo
928 3289 1081 3341 excessu
1097 3274 1309 3364 perpetrato
1321 3265 1525 3363 objicietur.
1542 3261 1663 3336 Ultimo

341 3379 521 3462 indicatur
534 3389 681 3464 cuilibet
697 3413 837 3482 eorum,
860 3392 956 3488 quod
976 3393 1005 3465 si
1029 3392 1120 3466 torte
1142 3391 1248 3467 alicui
1265 3417 1309 3467 ex
1324 3391 1506 3489 deputatis
1521 3395 1580 3463 aut
1595 3386 1663 3460 01110

339 3514 605 3610 penitentiariis
626 3515 765 3612 'aliquid
792 3517 877 3591 dare
907 3517 1146 3615 promisisset,
1180 3525 1242 3593 aut
1271 3519 1301 3590 si
1336 3517 1547 3614 obligasset,
1578 3509 1663 3610 quod

340 3639 501 3735 deputati
514 3645 550 3713 00
564 3639 757 3737 collegium
773 3641 936 3714 omnium
951 3641 1160 3715 nominibus
1176 3641 1333 3716 reddunt
1345 3649 1381 3714 ct
1396 3641 1535 3714 faciunt
1550 3662 1610 3712 eos
1623 3635 1662 3707 ab

336 3765 433 3837 omni
466 3764 673 3860 hujusmodi
701 3765 942 3864 promissione
972 3773 1008 3840 et
1037 3765 1258 3864 obligatione
1282 3767 1426 3864 penitus
1454 3765 1602 3852 liberos,
1632 3767 1661 3833 00

336 3889 616 3978 admoneantur,
636 3889 734 3986 quod
755 3891 848 3966 sicut
873 3915 946 3964 non
969 3891 1055 3966 licet
1076 3892 1114 3965 in
1136 3891 1382 3989 spiritualibus
1408 3899 1442 3964 00
1462 3890 1618 3963 maxime
1630 3886 1661 3957 10
1742 3945 1743 3954 ,

340 4013 563 4088 admittendo
593 4016 639 4088 ad
670 4017 890 4090 audiendum
920 4025 1029 4114 pacta
1067 4017 1187 4092 tacere
1223 4015 1473 4114 superatique
1501 4011 1660 4088 donando
1742 4021 1743 4080 ff

340 4138 475 4234 absque
490 4138 690 4214 simoniaca
713 4141 808 4232 labe,
843 4143 891 4215 ita
916 4143 1081 4240 iniquum
1108 4165 1188 4216 esse
1213 4143 1410 4240 ingratum,
1435 4165 1519 4215 cum
1543 4139 1602 4238 qui
1622 4135 1660 4208 da

340 4263 442 4337 altari
458 4264 574 4338 vivere
584 4265 751 4358 debeant,
770 4268 1157 4366 proptereapreteritis
1168 4267 1405 4366 temporibus
1420 4266 1566 4364 prohoc
1578 4257 1661 4336 tem?

338 4411 426 4485 pore
444 4388 642 4481 substituti,
667 4415 741 4466 non
765 4393 952 4490 exaliqua
975 4399 1096 4490 pacto,
1129 4393 1193 4468 0001
1211 4393 1352 4491 justitia
1375 4393 1455 4490 ipsa
1472 4399 1508 4466 et
1525 4388 1660 4489 propriu

338 4513 563 4587 conscicntia
588 4513 796 4612 instigante,
825 4541 863 4590 se
894 4541 981 4614 erga
1011 4517 1205 4614 collegium
1230 4521 1519 4614 recognoverunt
1544 4520 1579 4590 00
1599 4507 1657 4610 pro

338 4640 611 4714 conservatione
627 4647 663 4714 et
679 4643 943 4716 restauratione
959 4666 1084 4716 eorum
1096 4643 1234 4740 capelle
1248 4641 1385 4738 aliquid
1395 4641 1660 4716 contribuerunt

338 4761 382 4836 de
399 4762 643 4863 eleemosynis
659 4765 751 4856 suis;
768 4765 849 4840 idco
872 4767 1066 4864 collegium
1084 4791 1158 4842 non
1177 4767 1329 4856 dubitet,
1349 4789 1433 4840 cnm
1447 4767 1515 4864 ipsi
1528 4760 1659 4864 justitia

338 4893 375 4961 et
390 4889 618 4964 conscientia
630 4890 828 4982 mediante,
843 4915 882 4964 se
902 4897 1074 4988 tanquam
1096 4915 1167 4965 uon
1191 4915 1275 4968 reos
1291 4891 1562 4988 ingratitudinis
1577 4887 1660 4961 libe·
1742 4953 1743 4958 ,

337 5011 460 5084 0011000
473 5013 785 5088 demonstrabunt.
808 5045 823 5080 0

373 5290 397 5342 t.
421 5291 475 5354 Str,
493 5289 562 5345 dans
575 5290 599 5344 10
614 5291 694 5362 Cbigi
709 5299 736 5346 et
751 5293 774 5347 le
785 5295 851 5356 151,
867 5292 1034 5362 0000110000,
1048 5295 1156 5363 5522-0,
1173 5295 1271 5350 13131.
