<?xml version="1.0" encoding="UTF-8"?>
<!DOCTYPE html PUBLIC "-//W3C//DTD XHTML 1.0 Transitional//EN"
    "http://www.w3.org/TR/xhtml1/DTD/xhtml1-transitional.dtd">
<html xmlns="http://www.w3.org/1999/xhtml" xml:lang="en" lang="en">
 <head>
  <title>
</title>
<meta http-equiv="Content-Type" content="text/html;charset=utf-8" />
  <meta name='ocr-system' content='tesseract 3.04.00' />
  <meta name='ocr-capabilities' content='ocr_page ocr_carea ocr_par ocr_line ocrx_word'/>
</head>
<body>
  <div class='ocr_page' id='page_1' title='image "./johannisburchar03burcgoog/johannisburchar03burcgoog_0145.png"; bbox 0 0 3590 6042; ppageno 0'>
   <div class='ocr_carea' id='block_1_1' title="bbox 105 561 1430 630">
    <p class='ocr_par' dir='ltr' id='par_1_1' title="bbox 105 561 1430 630">
     <span class='ocr_line' id='line_1_1' title="bbox 105 561 1430 630; baseline 0.012 -16"><span class='ocrx_word' id='word_1_1' title='bbox 105 561 173 626; x_wconf 79' lang='lat' dir='ltr'>[tutu</span> <span class='ocrx_word' id='word_1_2' title='bbox 188 565 261 627; x_wconf 79' lang='lat'>15⁰⁰]</span> <span class='ocrx_word' id='word_1_3' title='bbox 425 563 553 622; x_wconf 80' lang='lat' dir='ltr'><strong>RERUM</strong></span> <span class='ocrx_word' id='word_1_4' title='bbox 577 563 805 622; x_wconf 82' lang='lat' dir='ltr'><strong>URBANARUM</strong></span> <span class='ocrx_word' id='word_1_5' title='bbox 831 565 1094 625; x_wconf 80' lang='lat' dir='ltr'><strong>COMMENTARII.</strong></span> <span class='ocrx_word' id='word_1_6' title='bbox 1394 575 1430 630; x_wconf 84' lang='lat'>65</span> 
     </span>
    </p>
   </div>
   <div class='ocr_carea' id='block_1_2' title="bbox 98 717 1431 5322">
    <p class='ocr_par' dir='ltr' id='par_1_2' title="bbox 98 717 1431 4313">
     <span class='ocr_line' id='line_1_2' title="bbox 105 717 1428 817; baseline 0.005 -25"><span class='ocrx_word' id='word_1_7' title='bbox 105 720 181 808; x_wconf 90' lang='lat' dir='ltr'>tuit,</span> <span class='ocrx_word' id='word_1_8' title='bbox 200 721 312 816; x_wconf 84' lang='lat' dir='ltr'>prout</span> <span class='ocrx_word' id='word_1_9' title='bbox 330 717 587 794; x_wconf 72' lang='lat' dir='ltr'>continebatur</span> <span class='ocrx_word' id='word_1_10' title='bbox 605 720 642 793; x_wconf 93' lang='lat' dir='ltr'>in</span> <span class='ocrx_word' id='word_1_11' title='bbox 658 720 816 816; x_wconf 92' lang='lat' dir='ltr'>quadam</span> <span class='ocrx_word' id='word_1_12' title='bbox 834 721 979 810; x_wconf 90' lang='lat' dir='ltr'>cedula,</span> <span class='ocrx_word' id='word_1_13' title='bbox 1005 744 1115 817; x_wconf 91' lang='lat' dir='ltr'>quam</span> <span class='ocrx_word' id='word_1_14' title='bbox 1135 721 1266 796; x_wconf 90' lang='lat' dir='ltr'>obtulit</span> <span class='ocrx_word' id='word_1_15' title='bbox 1282 724 1428 798; x_wconf 89' lang='lat' dir='ltr'>notario</span> 
     </span>
     <span class='ocr_line' id='line_1_3' title="bbox 104 831 1428 942; baseline 0.004 -25"><span class='ocrx_word' id='word_1_16' title='bbox 104 867 208 918; x_wconf 88' lang='lat' dir='ltr'>cause</span> <span class='ocrx_word' id='word_1_17' title='bbox 225 831 363 916; x_wconf 87' lang='lat' dir='ltr'>ibidem</span> <span class='ocrx_word' id='word_1_18' title='bbox 388 843 561 942; x_wconf 76' lang='lat' dir='ltr'><strong>presenti.</strong></span> <span class='ocrx_word' id='word_1_19' title='bbox 588 847 704 930; x_wconf 82' lang='lat' dir='ltr'>Quam</span> <span class='ocrx_word' id='word_1_20' title='bbox 727 844 896 918; x_wconf 81' lang='lat' dir='ltr'>cedulam</span> <span class='ocrx_word' id='word_1_21' title='bbox 920 849 1019 942; x_wconf 89' lang='lat' dir='ltr'>Papa</span> <span class='ocrx_word' id='word_1_22' title='bbox 1043 845 1129 920; x_wconf 85' lang='lat' dir='ltr'>tecit</span> <span class='ocrx_word' id='word_1_23' title='bbox 1153 846 1233 920; x_wconf 88' lang='lat' dir='ltr'>dari</span> <span class='ocrx_word' id='word_1_24' title='bbox 1258 851 1362 922; x_wconf 85' lang='lat' dir='ltr'>Rmo.</span> <span class='ocrx_word' id='word_1_25' title='bbox 1385 851 1428 922; x_wconf 91' lang='lat' dir='ltr'>D.</span> 
     </span>
     <span class='ocr_line' id='line_1_4' title="bbox 106 967 1431 1068; baseline 0.004 -26"><span class='ocrx_word' id='word_1_26' title='bbox 106 967 561 1058; x_wconf 76' lang='lat' dir='ltr'>cardinalidlexandrin03</span> <span class='ocrx_word' id='word_1_27' title='bbox 582 968 733 1052; x_wconf 84' lang='lat' dir='ltr'>elidem</span> <span class='ocrx_word' id='word_1_28' title='bbox 756 972 800 1043; x_wconf 88' lang='lat' dir='ltr'>D.</span> <span class='ocrx_word' id='word_1_29' title='bbox 822 969 1066 1068; x_wconf 79' lang='lat' dir='ltr'>Hieronymus</span> <span class='ocrx_word' id='word_1_30' title='bbox 1085 971 1185 1046; x_wconf 89' lang='lat' dir='ltr'>dedit</span> <span class='ocrx_word' id='word_1_31' title='bbox 1202 972 1312 1046; x_wconf 91' lang='lat' dir='ltr'>aliam</span> <span class='ocrx_word' id='word_1_32' title='bbox 1330 973 1431 1046; x_wconf 91' lang='lat' dir='ltr'>simi-</span> 
     </span>
     <span class='ocr_line' id='line_1_5' title="bbox 103 1092 1429 1190; baseline 0.003 -24"><span class='ocrx_word' id='word_1_33' title='bbox 103 1093 172 1166; x_wconf 89' lang='lat' dir='ltr'>lem</span> <span class='ocrx_word' id='word_1_34' title='bbox 187 1093 333 1166; x_wconf 89' lang='lat' dir='ltr'>notario</span> <span class='ocrx_word' id='word_1_35' title='bbox 357 1092 540 1190; x_wconf 87' lang='lat' dir='ltr'>predicto.</span> <span class='ocrx_word' id='word_1_36' title='bbox 570 1093 689 1167; x_wconf 88' lang='lat' dir='ltr'>Finita</span> <span class='ocrx_word' id='word_1_37' title='bbox 710 1093 834 1184; x_wconf 90' lang='lat' dir='ltr'>missa,</span> <span class='ocrx_word' id='word_1_38' title='bbox 860 1099 1029 1169; x_wconf 87' lang='lat' dir='ltr'>ostensus</span> <span class='ocrx_word' id='word_1_39' title='bbox 1053 1095 1121 1168; x_wconf 86' lang='lat' dir='ltr'>fnit</span> <span class='ocrx_word' id='word_1_40' title='bbox 1142 1096 1263 1170; x_wconf 86' lang='lat' dir='ltr'>vultus</span> <span class='ocrx_word' id='word_1_41' title='bbox 1287 1096 1429 1188; x_wconf 82' lang='lat' dir='ltr'>Domini</span> 
     </span>
     <span class='ocr_line' id='line_1_6' title="bbox 104 1217 1428 1318; baseline 0.002 -29"><span class='ocrx_word' id='word_1_42' title='bbox 104 1217 161 1314; x_wconf 91' lang='lat' dir='ltr'>qui</span> <span class='ocrx_word' id='word_1_43' title='bbox 180 1217 263 1290; x_wconf 88' lang='lat' dir='ltr'>heri</span> <span class='ocrx_word' id='word_1_44' title='bbox 291 1242 365 1292; x_wconf 96' lang='lat' dir='ltr'>non</span> <span class='ocrx_word' id='word_1_45' title='bbox 391 1218 458 1291; x_wconf 87' lang='lat' dir='ltr'>luit</span> <span class='ocrx_word' id='word_1_46' title='bbox 485 1223 668 1308; x_wconf 89' lang='lat' dir='ltr'>ostensus,</span> <span class='ocrx_word' id='word_1_47' title='bbox 698 1217 759 1315; x_wconf 92' lang='lat' dir='ltr'>qui</span> <span class='ocrx_word' id='word_1_48' title='bbox 788 1218 868 1292; x_wconf 87' lang='lat' dir='ltr'>aliis</span> <span class='ocrx_word' id='word_1_49' title='bbox 895 1219 1049 1318; x_wconf 90' lang='lat' dir='ltr'>singulis</span> <span class='ocrx_word' id='word_1_50' title='bbox 1075 1219 1269 1293; x_wconf 83' lang='lat' dir='ltr'>dominicis</span> <span class='ocrx_word' id='word_1_51' title='bbox 1286 1221 1428 1294; x_wconf 89' lang='lat' dir='ltr'>ostendi</span> 
     </span>
     <span class='ocr_line' id='line_1_7' title="bbox 103 1343 1429 1442; baseline 0.002 -26"><span class='ocrx_word' id='word_1_52' title='bbox 103 1343 299 1416; x_wconf 89' lang='lat' dir='ltr'>consuevit.</span> <span class='ocrx_word' id='word_1_53' title='bbox 320 1343 534 1417; x_wconf 83' lang='lat' dir='ltr'>Cardinales</span> <span class='ocrx_word' id='word_1_54' title='bbox 560 1344 808 1418; x_wconf 88' lang='lat' dir='ltr'>ascenderunt</span> <span class='ocrx_word' id='word_1_55' title='bbox 836 1367 920 1417; x_wconf 90' lang='lat' dir='ltr'>cum</span> <span class='ocrx_word' id='word_1_56' title='bbox 953 1347 1052 1441; x_wconf 92' lang='lat' dir='ltr'>Papa</span> <span class='ocrx_word' id='word_1_57' title='bbox 1079 1369 1194 1442; x_wconf 89' lang='lat' dir='ltr'>usquc</span> <span class='ocrx_word' id='word_1_58' title='bbox 1222 1346 1268 1418; x_wconf 91' lang='lat' dir='ltr'>ad</span> <span class='ocrx_word' id='word_1_59' title='bbox 1291 1345 1429 1420; x_wconf 86' lang='lat' dir='ltr'>curiam</span> 
     </span>
     <span class='ocr_line' id='line_1_8' title="bbox 102 1467 1430 1569; baseline 0.004 -32"><span class='ocrx_word' id='word_1_60' title='bbox 102 1467 220 1563; x_wconf 91' lang='lat' dir='ltr'>inqua</span> <span class='ocrx_word' id='word_1_61' title='bbox 237 1473 511 1542; x_wconf 86' lang='lat' dir='ltr'>consueverunt</span> <span class='ocrx_word' id='word_1_62' title='bbox 533 1492 647 1564; x_wconf 90' lang='lat' dir='ltr'>equos</span> <span class='ocrx_word' id='word_1_63' title='bbox 671 1470 885 1557; x_wconf 87' lang='lat' dir='ltr'>ascendere,</span> <span class='ocrx_word' id='word_1_64' title='bbox 914 1468 975 1542; x_wconf 88' lang='lat' dir='ltr'>ubi</span> <span class='ocrx_word' id='word_1_65' title='bbox 998 1473 1098 1542; x_wconf 88' lang='lat' dir='ltr'>stans</span> <span class='ocrx_word' id='word_1_66' title='bbox 1121 1473 1165 1543; x_wconf 89' lang='lat' dir='ltr'>D.</span> <span class='ocrx_word' id='word_1_67' title='bbox 1186 1471 1430 1569; x_wconf 82' lang='lat' dir='ltr'>Hieronymus</span> 
     </span>
     <span class='ocr_line' id='line_1_9' title="bbox 101 1587 1429 1692; baseline 0.005 -28"><span class='ocrx_word' id='word_1_68' title='bbox 101 1597 222 1666; x_wconf 88' lang='lat' dir='ltr'>orator</span> <span class='ocrx_word' id='word_1_69' title='bbox 251 1596 291 1666; x_wconf 87' lang='lat' dir='ltr'>et</span> <span class='ocrx_word' id='word_1_70' title='bbox 322 1597 544 1690; x_wconf 87' lang='lat' dir='ltr'>procurator</span> <span class='ocrx_word' id='word_1_71' title='bbox 576 1592 676 1692; x_wconf 89' lang='lat' dir='ltr'>regis</span> <span class='ocrx_word' id='word_1_72' title='bbox 707 1587 937 1690; x_wconf 67' lang='lat' dir='ltr'>Neapolitani</span> <span class='ocrx_word' id='word_1_73' title='bbox 970 1594 1102 1668; x_wconf 90' lang='lat' dir='ltr'>obtulit</span> <span class='ocrx_word' id='word_1_74' title='bbox 1135 1597 1198 1670; x_wconf 88' lang='lat' dir='ltr'>SS.</span> <span class='ocrx_word' id='word_1_75' title='bbox 1229 1599 1272 1668; x_wconf 92' lang='lat' dir='ltr'>D.</span> <span class='ocrx_word' id='word_1_76' title='bbox 1301 1599 1429 1670; x_wconf 90' lang='lat' dir='ltr'>nostro</span> 
     </span>
     <span class='ocr_line' id='line_1_10' title="bbox 100 1717 1427 1816; baseline 0.003 -28"><span class='ocrx_word' id='word_1_77' title='bbox 100 1739 227 1812; x_wconf 87' lang='lat' dir='ltr'>equum</span> <span class='ocrx_word' id='word_1_78' title='bbox 259 1717 387 1790; x_wconf 90' lang='lat' dir='ltr'>album</span> <span class='ocrx_word' id='word_1_79' title='bbox 421 1717 666 1815; x_wconf 87' lang='lat' dir='ltr'>phaleratum,</span> <span class='ocrx_word' id='word_1_80' title='bbox 701 1717 827 1791; x_wconf 90' lang='lat' dir='ltr'>dicens</span> <span class='ocrx_word' id='word_1_81' title='bbox 859 1717 897 1790; x_wconf 92' lang='lat' dir='ltr'>in</span> <span class='ocrx_word' id='word_1_82' title='bbox 929 1718 1140 1816; x_wconf 87' lang='lat' dir='ltr'>hujusmodi</span> <span class='ocrx_word' id='word_1_83' title='bbox 1180 1719 1427 1793; x_wconf 88' lang='lat' dir='ltr'>sententiam:</span> 
     </span>
     <span class='ocr_line' id='line_1_11' title="bbox 100 1839 1430 1933; baseline 0.005 -25"><span class='ocrx_word' id='word_1_84' title='bbox 100 1839 359 1914; x_wconf 79' lang='lat' dir='ltr'>«Beatissimo</span> <span class='ocrx_word' id='word_1_85' title='bbox 388 1845 512 1932; x_wconf 88' lang='lat' dir='ltr'>Pater,</span> <span class='ocrx_word' id='word_1_86' title='bbox 542 1841 804 1916; x_wconf 88' lang='lat' dir='ltr'>Serenissimus</span> <span class='ocrx_word' id='word_1_87' title='bbox 832 1845 876 1914; x_wconf 93' lang='lat' dir='ltr'>D.</span> <span class='ocrx_word' id='word_1_88' title='bbox 907 1842 1132 1933; x_wconf 76' lang='lat' dir='ltr'>FridericuS,</span> <span class='ocrx_word' id='word_1_89' title='bbox 1163 1867 1229 1918; x_wconf 88' lang='lat' dir='ltr'>rex</span> <span class='ocrx_word' id='word_1_90' title='bbox 1253 1843 1375 1918; x_wconf 87' lang='lat' dir='ltr'>Sicilie</span> <span class='ocrx_word' id='word_1_91' title='bbox 1393 1849 1430 1916; x_wconf 87' lang='lat' dir='ltr'>et</span> 
     </span>
     <span class='ocr_line' id='line_1_12' title="bbox 100 1967 1431 2066; baseline 0.002 -26"><span class='ocrx_word' id='word_1_92' title='bbox 100 1967 339 2056; x_wconf 82' lang='lat' dir='ltr'>Hierusalem,</span> <span class='ocrx_word' id='word_1_93' title='bbox 372 1967 585 2042; x_wconf 92' lang='lat' dir='ltr'>Sanctitatis</span> <span class='ocrx_word' id='word_1_94' title='bbox 611 1971 745 2044; x_wconf 85' lang='lat' dir='ltr'>Vestro</span> <span class='ocrx_word' id='word_1_95' title='bbox 776 1973 813 2041; x_wconf 91' lang='lat' dir='ltr'>et</span> <span class='ocrx_word' id='word_1_96' title='bbox 839 1968 950 2066; x_wconf 89' lang='lat' dir='ltr'>hujus</span> <span class='ocrx_word' id='word_1_97' title='bbox 983 1973 1117 2044; x_wconf 88' lang='lat' dir='ltr'>Sancte</span> <span class='ocrx_word' id='word_1_98' title='bbox 1148 1971 1253 2046; x_wconf 89' lang='lat' dir='ltr'>Sedis</span> <span class='ocrx_word' id='word_1_99' title='bbox 1279 1972 1431 2044; x_wconf 84' lang='lat' dir='ltr'>dovotus</span> 
     </span>
     <span class='ocr_line' id='line_1_13' title="bbox 98 2091 1431 2192; baseline 0.005 -30"><span class='ocrx_word' id='word_1_100' title='bbox 98 2091 198 2182; x_wconf 85' lang='lat' dir='ltr'>fitius,</span> <span class='ocrx_word' id='word_1_101' title='bbox 232 2095 383 2166; x_wconf 87' lang='lat' dir='ltr'>tenetur</span> <span class='ocrx_word' id='word_1_102' title='bbox 412 2091 565 2190; x_wconf 89' lang='lat' dir='ltr'>singulis</span> <span class='ocrx_word' id='word_1_103' title='bbox 595 2092 700 2165; x_wconf 92' lang='lat' dir='ltr'>annis</span> <span class='ocrx_word' id='word_1_104' title='bbox 727 2093 764 2166; x_wconf 96' lang='lat' dir='ltr'>in</span> <span class='ocrx_word' id='word_1_105' title='bbox 794 2093 887 2168; x_wconf 89' lang='lat' dir='ltr'>testo</span> <span class='ocrx_word' id='word_1_106' title='bbox 918 2117 966 2168; x_wconf 88' lang='lat' dir='ltr'>ss.</span> <span class='ocrx_word' id='word_1_107' title='bbox 998 2095 1252 2192; x_wconf 90' lang='lat' dir='ltr'>apostolorum</span> <span class='ocrx_word' id='word_1_108' title='bbox 1278 2095 1375 2169; x_wconf 87' lang='lat' dir='ltr'>Petri</span> <span class='ocrx_word' id='word_1_109' title='bbox 1394 2099 1431 2168; x_wconf 87' lang='lat' dir='ltr'>et</span> 
     </span>
     <span class='ocr_line' id='line_1_14' title="bbox 100 2211 1429 2317; baseline 0.003 -29"><span class='ocrx_word' id='word_1_110' title='bbox 100 2211 194 2288; x_wconf 85' lang='lat' dir='ltr'>Pauli</span> <span class='ocrx_word' id='word_1_111' title='bbox 214 2239 287 2314; x_wconf 89' lang='lat' dir='ltr'>pro</span> <span class='ocrx_word' id='word_1_112' title='bbox 306 2215 470 2290; x_wconf 90' lang='lat' dir='ltr'>dominio</span> <span class='ocrx_word' id='word_1_113' title='bbox 489 2216 595 2314; x_wconf 89' lang='lat' dir='ltr'>regni</span> <span class='ocrx_word' id='word_1_114' title='bbox 619 2217 754 2290; x_wconf 86' lang='lat' dir='ltr'>offerre</span> <span class='ocrx_word' id='word_1_115' title='bbox 772 2218 964 2292; x_wconf 78' lang='lat' dir='ltr'>sanctitati</span> <span class='ocrx_word' id='word_1_116' title='bbox 986 2223 1118 2294; x_wconf 89' lang='lat' dir='ltr'>Vestra</span> <span class='ocrx_word' id='word_1_117' title='bbox 1137 2243 1250 2298; x_wconf 93' lang='lat' dir='ltr'>unum</span> <span class='ocrx_word' id='word_1_118' title='bbox 1267 2220 1429 2317; x_wconf 80' lang='lat' dir='ltr'>parafre-</span> 
     </span>
     <span class='ocr_line' id='line_1_15' title="bbox 99 2336 1430 2442; baseline 0.006 -30"><span class='ocrx_word' id='word_1_119' title='bbox 99 2364 176 2412; x_wconf 94' lang='lat' dir='ltr'>num</span> <span class='ocrx_word' id='word_1_120' title='bbox 195 2340 377 2414; x_wconf 88' lang='lat' dir='ltr'>decenter</span> <span class='ocrx_word' id='word_1_121' title='bbox 395 2345 581 2430; x_wconf 89' lang='lat' dir='ltr'>ornatum,</span> <span class='ocrx_word' id='word_1_122' title='bbox 604 2363 714 2438; x_wconf 91' lang='lat' dir='ltr'>quem</span> <span class='ocrx_word' id='word_1_123' title='bbox 742 2365 810 2441; x_wconf 90' lang='lat' dir='ltr'>ego</span> <span class='ocrx_word' id='word_1_124' title='bbox 834 2348 960 2418; x_wconf 91' lang='lat' dir='ltr'>orator</span> <span class='ocrx_word' id='word_1_125' title='bbox 983 2348 1020 2417; x_wconf 91' lang='lat' dir='ltr'>et</span> <span class='ocrx_word' id='word_1_126' title='bbox 1041 2348 1264 2442; x_wconf 89' lang='lat' dir='ltr'>procurator</span> <span class='ocrx_word' id='word_1_127' title='bbox 1280 2336 1366 2418; x_wconf 84' lang='lat' dir='ltr'>suus</span> <span class='ocrx_word' id='word_1_128' title='bbox 1384 2348 1430 2420; x_wconf 87' lang='lat' dir='ltr'>ad</span> 
     </span>
     <span class='ocr_line' id='line_1_16' title="bbox 99 2465 1429 2571; baseline 0.006 -33"><span class='ocrx_word' id='word_1_129' title='bbox 99 2466 162 2539; x_wconf 88' lang='lat' dir='ltr'>hoe</span> <span class='ocrx_word' id='word_1_130' title='bbox 183 2465 398 2565; x_wconf 73' lang='lat' dir='ltr'>specialiter</span> <span class='ocrx_word' id='word_1_131' title='bbox 417 2466 633 2542; x_wconf 89' lang='lat' dir='ltr'>mandatum</span> <span class='ocrx_word' id='word_1_132' title='bbox 655 2468 797 2542; x_wconf 89' lang='lat' dir='ltr'>hahens</span> <span class='ocrx_word' id='word_1_133' title='bbox 822 2467 931 2566; x_wconf 89' lang='lat' dir='ltr'>(quod</span> <span class='ocrx_word' id='word_1_134' title='bbox 954 2475 997 2544; x_wconf 91' lang='lat' dir='ltr'>D.</span> <span class='ocrx_word' id='word_1_135' title='bbox 1021 2470 1190 2569; x_wconf 78' lang='lat' dir='ltr'>Aloysius</span> <span class='ocrx_word' id='word_1_136' title='bbox 1212 2473 1257 2544; x_wconf 92' lang='lat' dir='ltr'>de</span> <span class='ocrx_word' id='word_1_137' title='bbox 1274 2473 1429 2571; x_wconf 86' lang='lat' dir='ltr'>Campa-</span> 
     </span>
     <span class='ocr_line' id='line_1_17' title="bbox 100 2591 1425 2695; baseline 0.005 -31"><span class='ocrx_word' id='word_1_138' title='bbox 100 2591 166 2680; x_wconf 89' lang='lat' dir='ltr'>nia,</span> <span class='ocrx_word' id='word_1_139' title='bbox 186 2591 361 2666; x_wconf 86' lang='lat' dir='ltr'>notarius</span> <span class='ocrx_word' id='word_1_140' title='bbox 379 2615 527 2666; x_wconf 86' lang='lat' dir='ltr'>camera</span> <span class='ocrx_word' id='word_1_141' title='bbox 545 2591 682 2690; x_wconf 85' lang='lat' dir='ltr'>ibidem</span> <span class='ocrx_word' id='word_1_142' title='bbox 705 2593 849 2692; x_wconf 85' lang='lat' dir='ltr'>publice</span> <span class='ocrx_word' id='word_1_143' title='bbox 872 2595 1005 2668; x_wconf 87' lang='lat' dir='ltr'>obtulit</span> <span class='ocrx_word' id='word_1_144' title='bbox 1022 2599 1058 2668; x_wconf 89' lang='lat' dir='ltr'>et</span> <span class='ocrx_word' id='word_1_145' title='bbox 1075 2595 1247 2692; x_wconf 88' lang='lat' dir='ltr'>ostendit)</span> <span class='ocrx_word' id='word_1_146' title='bbox 1266 2595 1425 2695; x_wconf 79' lang='lat' dir='ltr'>assigno,</span> 
     </span>
     <span class='ocr_line' id='line_1_18' title="bbox 101 2716 1428 2820; baseline 0.006 -34"><span class='ocrx_word' id='word_1_147' title='bbox 101 2716 304 2814; x_wconf 86' lang='lat' dir='ltr'>supplicans</span> <span class='ocrx_word' id='word_1_148' title='bbox 323 2717 496 2816; x_wconf 90' lang='lat' dir='ltr'>dignetur</span> <span class='ocrx_word' id='word_1_149' title='bbox 519 2719 624 2792; x_wconf 92' lang='lat' dir='ltr'>illum</span> <span class='ocrx_word' id='word_1_150' title='bbox 648 2719 695 2792; x_wconf 90' lang='lat' dir='ltr'>ad</span> <span class='ocrx_word' id='word_1_151' title='bbox 717 2719 887 2794; x_wconf 83' lang='lat' dir='ltr'>effectum</span> <span class='ocrx_word' id='word_1_152' title='bbox 910 2719 1118 2817; x_wconf 89' lang='lat' dir='ltr'>predictum</span> <span class='ocrx_word' id='word_1_153' title='bbox 1135 2721 1292 2820; x_wconf 88' lang='lat' dir='ltr'>henigne</span> <span class='ocrx_word' id='word_1_154' title='bbox 1313 2721 1428 2798; x_wconf 89' lang='lat' dir='ltr'>susci-</span> 
     </span>
     <span class='ocr_line' id='line_1_19' title="bbox 99 2844 1427 2944; baseline 0.005 -31"><span class='ocrx_word' id='word_1_155' title='bbox 99 2865 191 2936; x_wconf 89' lang='lat' dir='ltr'>pere.</span> <span class='ocrx_word' id='word_1_156' title='bbox 212 2872 230 2910; x_wconf 87' lang='lat'>»</span> <span class='ocrx_word' id='word_1_157' title='bbox 262 2845 365 2941; x_wconf 89' lang='lat' dir='ltr'>Papa</span> <span class='ocrx_word' id='word_1_158' title='bbox 391 2844 585 2940; x_wconf 86' lang='lat' dir='ltr'>respondit</span> <span class='ocrx_word' id='word_1_159' title='bbox 609 2867 617 2916; x_wconf 92' lang='lat'><strong>:</strong></span> <span class='ocrx_word' id='word_1_160' title='bbox 642 2845 863 2942; x_wconf 87' lang='lat' dir='ltr'>Accepimus</span> <span class='ocrx_word' id='word_1_161' title='bbox 885 2845 993 2944; x_wconf 87' lang='lat' dir='ltr'>juxta</span> <span class='ocrx_word' id='word_1_162' title='bbox 1023 2851 1190 2921; x_wconf 87' lang='lat' dir='ltr'>tenorem</span> <span class='ocrx_word' id='word_1_163' title='bbox 1216 2847 1427 2922; x_wconf 85' lang='lat' dir='ltr'>investitura</span> 
     </span>
     <span class='ocr_line' id='line_1_20' title="bbox 100 2967 1425 3070; baseline 0.005 -31"><span class='ocrx_word' id='word_1_164' title='bbox 100 2967 194 3064; x_wconf 86' lang='lat' dir='ltr'>regni</span> <span class='ocrx_word' id='word_1_165' title='bbox 212 2969 405 3043; x_wconf 86' lang='lat' dir='ltr'>concesse.</span> <span class='ocrx_word' id='word_1_166' title='bbox 430 2998 447 3034; x_wconf 92' lang='lat'>»</span> <span class='ocrx_word' id='word_1_167' title='bbox 468 2971 519 3041; x_wconf 87' lang='lat' dir='ltr'>Ex</span> <span class='ocrx_word' id='word_1_168' title='bbox 540 2975 626 3044; x_wconf 89' lang='lat' dir='ltr'>tunc</span> <span class='ocrx_word' id='word_1_169' title='bbox 638 2973 680 3042; x_wconf 90' lang='lat' dir='ltr'>R.</span> <span class='ocrx_word' id='word_1_170' title='bbox 696 2972 740 3043; x_wconf 95' lang='lat' dir='ltr'>D.</span> <span class='ocrx_word' id='word_1_171' title='bbox 756 2971 953 3062; x_wconf 74' lang='lat' dir='ltr'>Debemus,</span> <span class='ocrx_word' id='word_1_172' title='bbox 969 2971 1162 3070; x_wconf 90' lang='lat' dir='ltr'>episcopus</span> <span class='ocrx_word' id='word_1_173' title='bbox 1178 2971 1425 3063; x_wconf 84' lang='lat' dir='ltr'>Trecorensis,</span> 
     </span>
     <span class='ocr_line' id='line_1_21' title="bbox 101 3093 1427 3197; baseline 0.006 -33"><span class='ocrx_word' id='word_1_174' title='bbox 101 3098 216 3166; x_wconf 87' lang='lat' dir='ltr'>orator</span> <span class='ocrx_word' id='word_1_175' title='bbox 234 3093 338 3192; x_wconf 86' lang='lat' dir='ltr'>regis</span> <span class='ocrx_word' id='word_1_176' title='bbox 358 3098 599 3186; x_wconf 78' lang='lat' dir='ltr'>Francorum,</span> <span class='ocrx_word' id='word_1_177' title='bbox 622 3094 711 3168; x_wconf 86' lang='lat' dir='ltr'>dixit</span> <span class='ocrx_word' id='word_1_178' title='bbox 731 3119 738 3168; x_wconf 94' lang='lat'><strong>:</strong></span> <span class='ocrx_word' id='word_1_179' title='bbox 763 3126 780 3164; x_wconf 72' lang='grc' dir='ltr'>α</span> <span class='ocrx_word' id='word_1_180' title='bbox 793 3096 1009 3170; x_wconf 86' lang='lat' dir='ltr'>Beatissimo</span> <span class='ocrx_word' id='word_1_181' title='bbox 1028 3100 1148 3188; x_wconf 86' lang='lat' dir='ltr'>Pater,</span> <span class='ocrx_word' id='word_1_182' title='bbox 1170 3120 1254 3172; x_wconf 89' lang='lat' dir='ltr'>cum</span> <span class='ocrx_word' id='word_1_183' title='bbox 1273 3121 1427 3197; x_wconf 89' lang='lat' dir='ltr'>regnum</span> 
     </span>
     <span class='ocr_line' id='line_1_22' title="bbox 101 3205 1425 3320; baseline 0.004 -28"><span class='ocrx_word' id='word_1_184' title='bbox 101 3219 373 3316; x_wconf 89' lang='lat' dir='ltr'>Neapolitanum</span> <span class='ocrx_word' id='word_1_185' title='bbox 392 3223 533 3318; x_wconf 86' lang='lat' dir='ltr'>spectet</span> <span class='ocrx_word' id='word_1_186' title='bbox 543 3219 682 3318; x_wconf 89' lang='lat' dir='ltr'>dejure</span> <span class='ocrx_word' id='word_1_187' title='bbox 694 3219 740 3294; x_wconf 93' lang='lat' dir='ltr'>ad</span> <span class='ocrx_word' id='word_1_188' title='bbox 752 3220 1099 3295; x_wconf 88' lang='lat' dir='ltr'>christianissimum</span> <span class='ocrx_word' id='word_1_189' title='bbox 1117 3205 1245 3320; x_wconf 86' lang='lat' dir='ltr'>regem</span> <span class='ocrx_word' id='word_1_190' title='bbox 1258 3223 1425 3314; x_wconf 83' lang='lat' dir='ltr'>Francia,</span> 
     </span>
     <span class='ocr_line' id='line_1_23' title="bbox 102 3345 1425 3446; baseline 0.005 -29"><span class='ocrx_word' id='word_1_191' title='bbox 102 3346 257 3443; x_wconf 90' lang='lat' dir='ltr'>supplico</span> <span class='ocrx_word' id='word_1_192' title='bbox 288 3345 528 3420; x_wconf 88' lang='lat' dir='ltr'>Sanctitatem</span> <span class='ocrx_word' id='word_1_193' title='bbox 556 3348 729 3421; x_wconf 87' lang='lat' dir='ltr'>Vestram</span> <span class='ocrx_word' id='word_1_194' title='bbox 760 3347 857 3442; x_wconf 92' lang='lat' dir='ltr'>quod</span> <span class='ocrx_word' id='word_1_195' title='bbox 889 3346 1101 3446; x_wconf 90' lang='lat' dir='ltr'>hujusmodi</span> <span class='ocrx_word' id='word_1_196' title='bbox 1130 3347 1425 3446; x_wconf 83' lang='lat' dir='ltr'>acceptationem</span> 
     </span>
     <span class='ocr_line' id='line_1_24' title="bbox 101 3469 1425 3571; baseline 0.005 -30"><span class='ocrx_word' id='word_1_197' title='bbox 101 3491 165 3542; x_wconf 92' lang='lat' dir='ltr'>non</span> <span class='ocrx_word' id='word_1_198' title='bbox 187 3471 277 3545; x_wconf 81' lang='lat' dir='ltr'>velit</span> <span class='ocrx_word' id='word_1_199' title='bbox 297 3469 375 3568; x_wconf 86' lang='lat' dir='ltr'>juri</span> <span class='ocrx_word' id='word_1_200' title='bbox 403 3469 695 3544; x_wconf 73' lang='lat' dir='ltr'>christianissimi</span> <span class='ocrx_word' id='word_1_201' title='bbox 726 3470 827 3569; x_wconf 88' lang='lat' dir='ltr'>ragis</span> <span class='ocrx_word' id='word_1_202' title='bbox 859 3471 932 3545; x_wconf 88' lang='lat' dir='ltr'>mei</span> <span class='ocrx_word' id='word_1_203' title='bbox 956 3472 1003 3545; x_wconf 89' lang='lat' dir='ltr'>ad</span> <span class='ocrx_word' id='word_1_204' title='bbox 1031 3495 1187 3571; x_wconf 86' lang='lat' dir='ltr'>regnum</span> <span class='ocrx_word' id='word_1_205' title='bbox 1217 3472 1425 3569; x_wconf 86' lang='lat' dir='ltr'>pradictum</span> 
     </span>
     <span class='ocr_line' id='line_1_25' title="bbox 103 3592 1424 3694; baseline 0.002 -31"><span class='ocrx_word' id='word_1_206' title='bbox 103 3593 316 3691; x_wconf 88' lang='lat' dir='ltr'>competenti</span> <span class='ocrx_word' id='word_1_207' title='bbox 339 3593 375 3666; x_wconf 89' lang='lat' dir='ltr'>in</span> <span class='ocrx_word' id='word_1_208' title='bbox 392 3592 515 3690; x_wconf 91' lang='lat' dir='ltr'>aliquo</span> <span class='ocrx_word' id='word_1_209' title='bbox 532 3592 779 3692; x_wconf 88' lang='lat' dir='ltr'>prejudicare,</span> <span class='ocrx_word' id='word_1_210' title='bbox 805 3594 910 3694; x_wconf 88' lang='lat' dir='ltr'>cujus</span> <span class='ocrx_word' id='word_1_211' title='bbox 929 3594 1076 3668; x_wconf 90' lang='lat' dir='ltr'>nomine</span> <span class='ocrx_word' id='word_1_212' title='bbox 1096 3594 1212 3668; x_wconf 83' lang='lat' dir='ltr'>offero</span> <span class='ocrx_word' id='word_1_213' title='bbox 1231 3594 1424 3668; x_wconf 87' lang='lat' dir='ltr'>Sanctitati</span> 
     </span>
     <span class='ocr_line' id='line_1_26' title="bbox 102 3717 1425 3818; baseline 0.005 -32"><span class='ocrx_word' id='word_1_214' title='bbox 102 3721 222 3808; x_wconf 70' lang='lat' dir='ltr'>vestre,</span> <span class='ocrx_word' id='word_1_215' title='bbox 244 3717 564 3816; x_wconf 88' lang='lat' dir='ltr'>postquamluerit</span> <span class='ocrx_word' id='word_1_216' title='bbox 581 3717 619 3790; x_wconf 94' lang='lat' dir='ltr'>in</span> <span class='ocrx_word' id='word_1_217' title='bbox 637 3717 868 3814; x_wconf 90' lang='lat' dir='ltr'>possessione</span> <span class='ocrx_word' id='word_1_218' title='bbox 886 3719 974 3794; x_wconf 88' lang='lat' dir='ltr'>dicti</span> <span class='ocrx_word' id='word_1_219' title='bbox 986 3718 1089 3818; x_wconf 89' lang='lat' dir='ltr'>regni</span> <span class='ocrx_word' id='word_1_220' title='bbox 1103 3717 1296 3808; x_wconf 86' lang='lat' dir='ltr'>constitus,</span> <span class='ocrx_word' id='word_1_221' title='bbox 1316 3719 1425 3818; x_wconf 84' lang='lat' dir='ltr'>longe</span> 
     </span>
     <span class='ocr_line' id='line_1_27' title="bbox 102 3840 1425 3938; baseline 0.003 -26"><span class='ocrx_word' id='word_1_222' title='bbox 102 3840 207 3938; x_wconf 91' lang='lat' dir='ltr'>majus</span> <span class='ocrx_word' id='word_1_223' title='bbox 233 3842 472 3916; x_wconf 93' lang='lat' dir='ltr'>commodum</span> <span class='ocrx_word' id='word_1_224' title='bbox 499 3841 693 3916; x_wconf 87' lang='lat' dir='ltr'>Sanctitati</span> <span class='ocrx_word' id='word_1_225' title='bbox 719 3847 840 3916; x_wconf 86' lang='lat' dir='ltr'>vestre</span> <span class='ocrx_word' id='word_1_226' title='bbox 872 3847 908 3916; x_wconf 89' lang='lat' dir='ltr'>et</span> <span class='ocrx_word' id='word_1_227' title='bbox 933 3848 1061 3917; x_wconf 90' lang='lat' dir='ltr'>sancte</span> <span class='ocrx_word' id='word_1_228' title='bbox 1088 3847 1252 3917; x_wconf 87' lang='lat' dir='ltr'>Romane</span> <span class='ocrx_word' id='word_1_229' title='bbox 1270 3842 1425 3934; x_wconf 82' lang='lat' dir='ltr'>ccclesia</span> 
     </span>
     <span class='ocr_line' id='line_1_28' title="bbox 102 3963 1427 4065; baseline 0.005 -31"><span class='ocrx_word' id='word_1_230' title='bbox 102 3963 289 4040; x_wconf 88' lang='lat' dir='ltr'>lecturum.</span> <span class='ocrx_word' id='word_1_231' title='bbox 312 3995 329 4033; x_wconf 89' lang='lat'>»</span> <span class='ocrx_word' id='word_1_232' title='bbox 352 3969 451 4063; x_wconf 88' lang='lat' dir='ltr'>Papa</span> <span class='ocrx_word' id='word_1_233' title='bbox 471 3965 624 4039; x_wconf 89' lang='lat' dir='ltr'>subrisit</span> <span class='ocrx_word' id='word_1_234' title='bbox 647 3971 683 4040; x_wconf 88' lang='lat' dir='ltr'>et</span> <span class='ocrx_word' id='word_1_235' title='bbox 705 3966 797 4040; x_wconf 91' lang='lat' dir='ltr'>nihil</span> <span class='ocrx_word' id='word_1_236' title='bbox 814 3967 1026 4064; x_wconf 82' lang='lat' dir='ltr'>respoudit3</span> <span class='ocrx_word' id='word_1_237' title='bbox 1054 3971 1090 4041; x_wconf 89' lang='lat' dir='ltr'>ot</span> <span class='ocrx_word' id='word_1_238' title='bbox 1113 3973 1237 4042; x_wconf 87' lang='lat' dir='ltr'>orator</span> <span class='ocrx_word' id='word_1_239' title='bbox 1256 3967 1427 4065; x_wconf 90' lang='lat' dir='ltr'>Neapoli-</span> 
     </span>
     <span class='ocr_line' id='line_1_29' title="bbox 104 4089 1427 4189; baseline 0.006 -31"><span class='ocrx_word' id='word_1_240' title='bbox 104 4093 196 4162; x_wconf 86' lang='lat' dir='ltr'>tanus</span> <span class='ocrx_word' id='word_1_241' title='bbox 212 4089 327 4164; x_wconf 83' lang='lat' dir='ltr'>voluit</span> <span class='ocrx_word' id='word_1_242' title='bbox 344 4089 468 4164; x_wconf 90' lang='lat' dir='ltr'>nescio</span> <span class='ocrx_word' id='word_1_243' title='bbox 487 4089 574 4187; x_wconf 91' lang='lat' dir='ltr'>quid</span> <span class='ocrx_word' id='word_1_244' title='bbox 596 4089 791 4187; x_wconf 87' lang='lat' dir='ltr'>replicare,</span> <span class='ocrx_word' id='word_1_245' title='bbox 819 4092 884 4164; x_wconf 88' lang='lat' dir='ltr'>sed</span> <span class='ocrx_word' id='word_1_246' title='bbox 908 4094 1009 4189; x_wconf 93' lang='lat' dir='ltr'>Papa</span> <span class='ocrx_word' id='word_1_247' title='bbox 1032 4115 1144 4166; x_wconf 89' lang='lat' dir='ltr'>manu</span> <span class='ocrx_word' id='word_1_248' title='bbox 1162 4095 1199 4164; x_wconf 86' lang='lat' dir='ltr'>et</span> <span class='ocrx_word' id='word_1_249' title='bbox 1216 4115 1281 4165; x_wconf 92' lang='lat' dir='ltr'>ore</span> <span class='ocrx_word' id='word_1_250' title='bbox 1298 4091 1427 4166; x_wconf 86' lang='lat' dir='ltr'>indixit</span> 
     </span>
     <span class='ocr_line' id='line_1_30' title="bbox 104 4210 1067 4313; baseline 0.006 -31"><span class='ocrx_word' id='word_1_251' title='bbox 104 4210 131 4283; x_wconf 90' lang='lat' dir='ltr'>ei</span> <span class='ocrx_word' id='word_1_252' title='bbox 147 4213 353 4305; x_wconf 89' lang='lat' dir='ltr'>silentium;</span> <span class='ocrx_word' id='word_1_253' title='bbox 376 4237 443 4288; x_wconf 88' lang='lat' dir='ltr'>nee</span> <span class='ocrx_word' id='word_1_254' title='bbox 462 4237 555 4312; x_wconf 94' lang='lat' dir='ltr'>opus</span> <span class='ocrx_word' id='word_1_255' title='bbox 574 4217 653 4287; x_wconf 89' lang='lat' dir='ltr'>erat</span> <span class='ocrx_word' id='word_1_256' title='bbox 671 4213 795 4310; x_wconf 89' lang='lat' dir='ltr'>aliqua</span> <span class='ocrx_word' id='word_1_257' title='bbox 812 4215 1067 4313; x_wconf 79' lang='lat' dir='ltr'>replicatione.</span> 
     </span>
    </p>

    <p class='ocr_par' dir='ltr' id='par_1_3' title="bbox 104 4339 1426 5322">
     <span class='ocr_line' id='line_1_31' title="bbox 144 4339 1424 4439; baseline 0 -27"><span class='ocrx_word' id='word_1_258' title='bbox 144 4340 278 4414; x_wconf 89' lang='lat' dir='ltr'>Eadem</span> <span class='ocrx_word' id='word_1_259' title='bbox 296 4339 369 4432; x_wconf 94' lang='lat' dir='ltr'>die,</span> <span class='ocrx_word' id='word_1_260' title='bbox 390 4345 473 4436; x_wconf 90' lang='lat' dir='ltr'>post</span> <span class='ocrx_word' id='word_1_261' title='bbox 490 4339 623 4413; x_wconf 89' lang='lat' dir='ltr'>horam</span> <span class='ocrx_word' id='word_1_262' title='bbox 641 4363 881 4436; x_wconf 82' lang='lat' dir='ltr'>vesperarum</span> <span class='ocrx_word' id='word_1_263' title='bbox 900 4340 1000 4414; x_wconf 88' lang='lat' dir='ltr'>circa</span> <span class='ocrx_word' id='word_1_264' title='bbox 1016 4339 1229 4439; x_wconf 82' lang='lat' dir='ltr'>vigesimam</span> <span class='ocrx_word' id='word_1_265' title='bbox 1250 4339 1424 4436; x_wconf 88' lang='lat' dir='ltr'>primam,</span> 
     </span>
     <span class='ocr_line' id='line_1_32' title="bbox 104 4461 1426 4566; baseline 0.005 -36"><span class='ocrx_word' id='word_1_266' title='bbox 104 4461 187 4536; x_wconf 78' lang='lat' dir='ltr'>vonit</span> <span class='ocrx_word' id='word_1_267' title='bbox 208 4469 356 4562; x_wconf 91' lang='lat' dir='ltr'>tempus</span> <span class='ocrx_word' id='word_1_268' title='bbox 382 4463 486 4538; x_wconf 82' lang='lat' dir='ltr'>valde</span> <span class='ocrx_word' id='word_1_269' title='bbox 513 4463 702 4538; x_wconf 90' lang='lat' dir='ltr'>turbidum</span> <span class='ocrx_word' id='word_1_270' title='bbox 724 4489 807 4540; x_wconf 93' lang='lat' dir='ltr'>cum</span> <span class='ocrx_word' id='word_1_271' title='bbox 829 4490 965 4566; x_wconf 90' lang='lat' dir='ltr'>magna</span> <span class='ocrx_word' id='word_1_272' title='bbox 987 4465 1107 4564; x_wconf 82' lang='lat' dir='ltr'>pluvia</span> <span class='ocrx_word' id='word_1_273' title='bbox 1126 4469 1163 4539; x_wconf 91' lang='lat' dir='ltr'>et</span> <span class='ocrx_word' id='word_1_274' title='bbox 1185 4464 1426 4563; x_wconf 83' lang='lat' dir='ltr'>grandinibus</span> 
     </span>
     <span class='ocr_line' id='line_1_33' title="bbox 105 4586 1424 4688; baseline 0.003 -32"><span class='ocrx_word' id='word_1_275' title='bbox 105 4587 241 4681; x_wconf 88' lang='lat' dir='ltr'>grossis,</span> <span class='ocrx_word' id='word_1_276' title='bbox 264 4587 448 4686; x_wconf 85' lang='lat' dir='ltr'>aliquibus</span> <span class='ocrx_word' id='word_1_277' title='bbox 471 4586 609 4686; x_wconf 82' lang='lat' dir='ltr'>grossis</span> <span class='ocrx_word' id='word_1_278' title='bbox 631 4589 677 4661; x_wconf 91' lang='lat' dir='ltr'>ad</span> <span class='ocrx_word' id='word_1_279' title='bbox 700 4587 817 4688; x_wconf 87' lang='lat' dir='ltr'>instar</span> <span class='ocrx_word' id='word_1_280' title='bbox 839 4591 1023 4680; x_wconf 90' lang='lat' dir='ltr'>labarum,</span> <span class='ocrx_word' id='word_1_281' title='bbox 1044 4595 1081 4666; x_wconf 89' lang='lat' dir='ltr'>et</span> <span class='ocrx_word' id='word_1_282' title='bbox 1102 4587 1424 4663; x_wconf 86' lang='lat' dir='ltr'>vehementissimo</span> 
     </span>
     <span class='ocr_line' id='line_1_34' title="bbox 106 4711 1424 4809; baseline 0.004 -31"><span class='ocrx_word' id='word_1_283' title='bbox 106 4714 213 4800; x_wconf 83' lang='lat' dir='ltr'>rento,</span> <span class='ocrx_word' id='word_1_284' title='bbox 233 4735 277 4784; x_wconf 85' lang='lat' dir='ltr'>ex</span> <span class='ocrx_word' id='word_1_285' title='bbox 297 4713 402 4808; x_wconf 90' lang='lat' dir='ltr'>cujus</span> <span class='ocrx_word' id='word_1_286' title='bbox 421 4712 561 4809; x_wconf 88' lang='lat' dir='ltr'>impetn</span> <span class='ocrx_word' id='word_1_287' title='bbox 579 4711 712 4785; x_wconf 88' lang='lat' dir='ltr'>cecidit</span> <span class='ocrx_word' id='word_1_288' title='bbox 728 4712 928 4786; x_wconf 87' lang='lat' dir='ltr'>maximum</span> <span class='ocrx_word' id='word_1_289' title='bbox 952 4712 1137 4786; x_wconf 91' lang='lat' dir='ltr'>caminum</span> <span class='ocrx_word' id='word_1_290' title='bbox 1154 4712 1280 4786; x_wconf 92' lang='lat' dir='ltr'>multis</span> <span class='ocrx_word' id='word_1_291' title='bbox 1297 4711 1424 4786; x_wconf 91' lang='lat' dir='ltr'>cannis</span> 
     </span>
     <span class='ocr_line' id='line_1_35' title="bbox 108 4837 1423 4936; baseline 0.003 -32"><span class='ocrx_word' id='word_1_292' title='bbox 108 4837 232 4912; x_wconf 85' lang='lat' dir='ltr'>tectum</span> <span class='ocrx_word' id='word_1_293' title='bbox 255 4837 580 4935; x_wconf 84' lang='lat' dir='ltr'>superexcedens,</span> <span class='ocrx_word' id='word_1_294' title='bbox 600 4837 829 4935; x_wconf 87' lang='lat' dir='ltr'>cujuscasus</span> <span class='ocrx_word' id='word_1_295' title='bbox 851 4837 965 4936; x_wconf 80' lang='lat' dir='ltr'>tregit</span> <span class='ocrx_word' id='word_1_296' title='bbox 986 4842 1139 4929; x_wconf 87' lang='lat' dir='ltr'>tectum,</span> <span class='ocrx_word' id='word_1_297' title='bbox 1165 4843 1201 4912; x_wconf 84' lang='lat' dir='ltr'>et</span> <span class='ocrx_word' id='word_1_298' title='bbox 1223 4859 1306 4912; x_wconf 91' lang='lat' dir='ltr'>cum</span> <span class='ocrx_word' id='word_1_299' title='bbox 1324 4839 1423 4909; x_wconf 90' lang='lat' dir='ltr'>tecto</span> 
     </span>
     <span class='ocr_line' id='line_1_36' title="bbox 106 4956 1425 5058; baseline 0.002 -30"><span class='ocrx_word' id='word_1_300' title='bbox 106 4956 203 5058; x_wconf 86' lang='lat' dir='ltr'>tregit</span> <span class='ocrx_word' id='word_1_301' title='bbox 220 4961 313 5035; x_wconf 91' lang='lat' dir='ltr'>duas</span> <span class='ocrx_word' id='word_1_302' title='bbox 333 4962 456 5036; x_wconf 89' lang='lat' dir='ltr'>trabes</span> <span class='ocrx_word' id='word_1_303' title='bbox 473 4961 556 5034; x_wconf 88' lang='lat' dir='ltr'>aule</span> <span class='ocrx_word' id='word_1_304' title='bbox 575 4961 778 5058; x_wconf 88' lang='lat' dir='ltr'>superioris</span> <span class='ocrx_word' id='word_1_305' title='bbox 794 4961 1021 5058; x_wconf 87' lang='lat' dir='ltr'>pontificum,</span> <span class='ocrx_word' id='word_1_306' title='bbox 1041 4967 1078 5036; x_wconf 90' lang='lat' dir='ltr'>et</span> <span class='ocrx_word' id='word_1_307' title='bbox 1093 4962 1157 5035; x_wconf 92' lang='lat' dir='ltr'>illa</span> <span class='ocrx_word' id='word_1_308' title='bbox 1174 4961 1298 5035; x_wconf 91' lang='lat' dir='ltr'>omnia</span> <span class='ocrx_word' id='word_1_309' title='bbox 1316 4958 1425 5034; x_wconf 90' lang='lat' dir='ltr'>simul</span> 
     </span>
     <span class='ocr_line' id='line_1_37' title="bbox 107 5080 1425 5183; baseline 0.005 -32"><span class='ocrx_word' id='word_1_310' title='bbox 107 5080 285 5181; x_wconf 73' lang='lat' dir='ltr'>fregerunt</span> <span class='ocrx_word' id='word_1_311' title='bbox 308 5109 417 5160; x_wconf 90' lang='lat' dir='ltr'>unam</span> <span class='ocrx_word' id='word_1_312' title='bbox 440 5085 584 5160; x_wconf 90' lang='lat' dir='ltr'>trabem</span> <span class='ocrx_word' id='word_1_313' title='bbox 606 5084 688 5158; x_wconf 85' lang='lat' dir='ltr'>aule</span> <span class='ocrx_word' id='word_1_314' title='bbox 714 5083 900 5159; x_wconf 84' lang='lat' dir='ltr'>interioris</span> <span class='ocrx_word' id='word_1_315' title='bbox 923 5087 1149 5183; x_wconf 88' lang='lat' dir='ltr'>pontificum,</span> <span class='ocrx_word' id='word_1_316' title='bbox 1171 5086 1207 5158; x_wconf 94' lang='lat' dir='ltr'>in</span> <span class='ocrx_word' id='word_1_317' title='bbox 1232 5109 1304 5182; x_wconf 89' lang='lat' dir='ltr'>qua</span> <span class='ocrx_word' id='word_1_318' title='bbox 1325 5089 1425 5180; x_wconf 87' lang='lat' dir='ltr'>Papa</span> 
     </span>
     <span class='ocr_line' id='line_1_38' title="bbox 107 5193 1423 5322; baseline 0.006 -48"><span class='ocrx_word' id='word_1_319' title='bbox 107 5207 245 5284; x_wconf 83' lang='lat' dir='ltr'>sedebat</span> <span class='ocrx_word' id='word_1_320' title='bbox 272 5209 310 5283; x_wconf 92' lang='lat' dir='ltr'>in</span> <span class='ocrx_word' id='word_1_321' title='bbox 337 5208 423 5305; x_wconf 82' lang='lat' dir='ltr'>sede</span> <span class='ocrx_word' id='word_1_322' title='bbox 450 5207 642 5302; x_wconf 76' lang='lat' dir='ltr'>eminenti,</span> <span class='ocrx_word' id='word_1_323' title='bbox 672 5232 785 5309; x_wconf 87' lang='lat' dir='ltr'>snpra</span> <span class='ocrx_word' id='word_1_324' title='bbox 815 5233 924 5308; x_wconf 89' lang='lat' dir='ltr'>quam</span> <span class='ocrx_word' id='word_1_325' title='bbox 957 5209 1140 5322; x_wconf 86' lang='lat' dir='ltr'>quoddam</span> <span class='ocrx_word' id='word_1_326' title='bbox 1169 5193 1321 5322; x_wconf 75' lang='lat' dir='ltr'>pallium</span> <span class='ocrx_word' id='word_1_327' title='bbox 1349 5209 1423 5283; x_wconf 83' lang='lat' dir='ltr'>sive</span> 
     </span>
    </p>
   </div>
   <div class='ocr_carea' id='block_1_3' title="bbox 233 5380 319 5421">
    <p class='ocr_par' dir='ltr' id='par_1_4' title="bbox 233 5380 319 5421">
     <span class='ocr_line' id='line_1_39' title="bbox 233 5380 319 5421; baseline 0.023 -2"><span class='ocrx_word' id='word_1_328' title='bbox 233 5381 258 5420; x_wconf 81' lang='grc' dir='ltr'>Τ.</span> <span class='ocrx_word' id='word_1_329' title='bbox 280 5380 319 5421; x_wconf 79' lang='grc'><strong>111.</strong></span> 
     </span>
    </p>
   </div>
   <div class='ocr_carea' id='block_1_4' title="bbox 0 0 1800 6042">
    <p class='ocr_par' dir='ltr' id='par_1_5' title="bbox 0 0 1800 6042">
     <span class='ocr_line' id='line_1_40' title="bbox 0 0 1800 6042; baseline 0 0"><span class='ocrx_word' id='word_1_330' title='bbox 0 0 1800 6042; x_wconf 95' lang='lat' dir='ltr'> </span> 
     </span>
    </p>
   </div>
  </div>
 </body>
</html>
