3590 6042
102 627 177 694 [tout
190 627 261 690 ¹5⁰⁰]
430 625 557 684 RERUM
581 622 810 684 URBANARUM
834 621 1096 682 COMMENTARll.
1399 633 1434 686 73

103 783 191 858 datis
214 781 327 874 mori,
361 781 521 854 inlecto
548 803 615 854 suo
643 780 709 854 luit
736 783 987 880 strangulatus
1017 782 1119 856 circa
1144 780 1273 857 horam
1297 805 1431 857 nouam

103 909 290 998 decimam,
319 915 356 982 et
378 908 418 980 in
445 929 541 998 sero,
581 905 678 980 circa
712 907 871 1005 primam
904 907 1036 982 boram
1076 909 1207 1000 noctis,
1242 913 1432 1005 portatum

102 1035 164 1108 tuit
205 1034 367 1108 cadaver
409 1033 454 1106 ad
493 1032 686 1105 basilicam
729 1057 758 1105 s.
800 1035 899 1106 Petri
942 1039 979 1108 et
1022 1035 1160 1108 ibidem
1204 1035 1241 1107 in
1286 1037 1431 1132 capella

102 1161 134 1234 b.
167 1159 284 1232 llarie
320 1159 367 1232 de
399 1157 580 1232 Febribus
611 1157 833 1254 depositum.
868 1163 910 1232 R.
948 1164 992 1236 D.
1026 1160 1243 1233 Franciscus
1277 1162 1426 1258 Borgia,

101 1285 400 1382 archiepiscopus
423 1284 655 1373 cusentinus,
680 1283 935 1357 thesaurarius
957 1289 1068 1382 Papa,
1092 1307 1176 1359 cum
1199 1309 1266 1358 sua
1287 1286 1428 1360 familia

100 1411 292 1486 associavit
331 1409 488 1484 cadaver
525 1409 748 1507 predictum.
784 1411 889 1508 Capti
925 1409 1074 1483 luerunt
1109 1415 1146 1484 et
1180 1411 1226 1484 ad
1262 1417 1425 1487 castrum

101 1563 127 1611 s.
150 1536 281 1635 Angeli
305 1535 548 1633 transportati
570 1535 705 1608 medici
727 1533 816 1608 dicti
839 1535 1000 1609 defuncti
1020 1541 1057 1610 et
1074 1537 1224 1633 quidam
1252 1537 1426 1634 gibbosus

101 1663 155 1760 qui
188 1663 270 1760 ejus
303 1684 433 1734 curam
464 1661 603 1734 hahere
636 1665 889 1750 consueverat,
925 1665 962 1735 et
992 1665 1122 1736 contra
1148 1685 1212 1735 eos
1237 1663 1426 1759 inquisitio

101 1787 207 1878 lacta;
236 1786 389 1860 liberati
418 1790 547 1883 postea
574 1783 795 1884 luerunt(l),
830 1809 914 1859 cum
948 1791 1071 1861 essent
1098 1787 1299 1878 immunes;
1329 1789 1426 1885 quod

100 1913 355 1986 mandantibus
373 1912 454 2008 capi
480 1915 561 1984 erat
582 1911 721 2008 optime
743 1917 873 1988 notum
884 1911 944 2012 (2)
970 1913 1108 1986 Eadem
1125 1913 1185 1986 die
1203 1917 1240 1986 et
1258 1913 1353 1987 hora
1369 1913 1426 1987 vel

100 2039 209 2137 quasi,
235 2041 281 2111 D.
308 2040 425 2112 Lucas
448 2037 493 2110 de
517 2036 707 2129 Dulcibus,
731 2039 960 2114 camerarius
983 2038 1079 2113 Rmi.
1105 2041 1147 2113 ll.
1173 2039 1373 2113 cardinalis
1392 2063 1422 2112 s.

101 2165 307 2254 Clementis,
332 2164 510 2265 magister
532 2165 682 2263 registri
711 2165 910 2255 bullarum,
941 2165 1039 2239 mule
1067 2189 1132 2240 sue
1155 2166 1316 2239 insidens
1339 2170 1423 2240 onte

101 2293 241 2366 domum
262 2289 447 2364 Dominici
470 2290 515 2362 de
538 2289 720 2380 Maximis,
745 2291 833 2364 ciris
856 2291 1024 2381 Romani,
1050 2291 1238 2365 lethaliter
1260 2291 1329 2363 luit
1344 2291 1424 2364 vul-

100 2423 243 2492 neratus
264 2422 301 2491 et
318 2416 527 2490 membrum
545 2415 748 2490 abscissum
767 2418 965 2513 aquodam
981 2417 1134 2490 Reatino
1153 2417 1421 2514 cujusuxorem

103 2546 268 2616 tenuerat
289 2541 328 2613 in
351 2539 614 2629 concubinam;
639 2545 808 2638 portatus
829 2542 866 2613 in
889 2541 1039 2614 domum
1062 2541 1219 2637 predicti
1240 2539 1421 2613 Dominici

104 2668 181 2741 inde
198 2667 298 2740 intra
315 2671 393 2739 tres
411 2663 467 2738 vel
485 2669 644 2762 quatuor
660 2665 787 2756 horas,
807 2667 881 2739 vita
899 2665 1062 2754 lunctus;
1080 2665 1164 2737 inde
1184 2665 1315 2737 insero
1327 2663 1423 2736 latus

103 2794 141 2866 ad
159 2792 356 2867 ecclesiam
374 2791 409 2863 h.
434 2791 550 2864 blarie
573 2792 855 2888 Transpontine,
880 2796 916 2866 et
938 2791 974 2864 in
998 2813 1105 2864 mane
1125 2791 1304 2888 sequenti,
1325 2811 1424 2862 mer-

102 2919 184 2991 curii
219 2923 262 2992 le
299 2916 388 2990 dicti
420 2916 570 3006 mensis,
610 2915 688 3014 ejus
727 2917 883 2990 cadaver
918 2921 1106 3014 portatum
1143 2916 1190 2990 ad
1227 2914 1420 2988 ecclesiam

103 3043 131 3116 b.
144 3043 255 3117 Maria
273 3043 319 3115 de
339 3041 491 3139 Populo,
513 3041 735 3115 associatum
754 3065 776 3116 a
792 3041 932 3115 familia
949 3042 1105 3139 predicti
1127 3041 1221 3114 limi.
1242 3044 1285 3114 D.
1300 3039 1423 3114 cardi-

103 3169 186 3242 nalis
204 3169 259 3241 sui
279 3171 316 3242 et
334 3191 469 3266 magna
485 3167 557 3241 alia
574 3167 760 3241 comitiva.
777 3168 996 3264 Requiescat
1013 3168 1050 3240 in
1069 3169 1179 3264 pacel

145 3293 348 3378 Dominica,
370 3296 415 3366 23
433 3291 522 3366 dicti
542 3292 678 3364 mensis
697 3293 856 3391 augusti,
878 3292 1027 3366 intravit
1040 3292 1177 3366 Urbem
1189 3315 1255 3388 per
1272 3295 1419 3388 portam

104 3417 266 3492 l'iridarii
290 3421 333 3490 Ι).
364 3419 479 3491 Lucas
505 3417 551 3490 de
576 3418 782 3506 Villanova,
812 3418 904 3490 baro
935 3418 980 3490 de
1007 3419 1136 3506 Trana,
1167 3415 1419 3489 cambellanus

104 3545 191 3642 regis
207 3541 365 3616 Francia
382 3545 419 3617 et
436 3545 564 3616 orator
586 3542 766 3640 ejusdem,
793 3543 839 3615 ad
863 3565 973 3639 quem
996 3542 1033 3614 in
1056 3543 1212 3614 taberna
1229 3545 1272 3613 D.
1294 3540 1421 3614 Domi-

105 3668 167 3742 nici
182 3667 380 3758 humenti,
401 3691 518 3764 prope
535 3667 720 3765 hospitale
739 3691 769 3742 s,
790 3668 932 3759 Lazari,
954 3667 1014 3740 ubi
1036 3667 1114 3764 ipse
1133 3672 1421 3762 oratorexspec-

104 3795 203 3886 tabat,
223 3794 324 3868 venit
342 3793 491 3892 quidam
510 3796 681 3890 equester
699 3793 814 3868 veloci
832 3817 945 3868 cursu
962 3791 1225 3882 mascheratus,
1246 3815 1330 3864 cum
1346 3815 1419 3864 uno

104 3901 1420 4016 pedestri,indomosivetabernapredicta,descenditexequo,atretcnta

105 4045 283 4119 maschera
311 4069 422 4143 quam
443 4069 517 4120 nou
541 4045 723 4143 deposuit,
737 4046 977 4143 'amplexatus
997 4049 1053 4119 est
1072 4035 1261 4118 oratorem
1279 4049 1418 4118 etcum

105 4166 542 4266 allocutuszpostparvam
553 4155 1421 4243 moramrediitadUrbem'mascheratusdlixa·

105 4296 408 4370 runtesseducem
416 4295 668 4372 Valentinum.
685 4297 819 4369 Orator
829 4295 994 4368 ascendit
1005 4319 1139 4392 equum
1152 4319 1258 4368 suum
1269 4299 1306 4368 et
1317 4295 1419 4392 equi-

106 4419 180 4491 tavit
195 4445 321 4494 versus
333 4421 483 4495 Urbem.
502 4424 694 4496 Venerunt
705 4419 739 4493 ei
758 4420 903 4494 obviam
922 4420 1060 4496 familie
1078 4425 1176 4519 Papa
1196 4427 1233 4496 et
1253 4421 1417 4496 omnium

134 4603 159 4662 1.
179 4604 249 4662 Tella
262 4611 305 4664 ast
319 4607 346 4664 la
358 4605 435 4678 lacon
450 4606 484 4664 dc
498 4613 561 4664 tous
576 4604 616 4664 les
632 4623 710 4678 mss,
729 4607 793 4664 saut
804 4608 829 4666 lc
844 4610 893 4668 151
910 4609 957 4684 qui
974 4609 1064 4668 donne
1080 4628 1087 4667 :
1105 4609 1168 4668 «’...
1184 4609 1291 4668 liberati
1308 4611 1417 4671 luerunt

105 4709 150 4748 non
163 4711 252 4768 parum
265 4702 344 4771 post.
362 4717 377 4748 n
840 4741 846 4758 .

134 4784 159 4838 2.
181 4806 239 4842 ι...
256 4783 281 4841 el
295 4785 387 4842 ducha
404 4785 432 4842 di
451 4785 563 4853 Beroia,
583 4786 680 4844 marito
697 4787 725 4844 di
744 4788 862 4846 modona
880 4787 1025 4862 Lugrecia,
1040 4787 1166 4862 quatere
1179 4787 1285 4856 marito,
1302 4792 1330 4844 et
1346 4787 1416 4847 ozia

106 4878 188 4943 morto,
202 4875 299 4948 percha
315 4881 419 4932 tratura
431 4874 459 4932 di
472 4874 577 4932 occider
588 4874 606 4932 il
621 4875 720 4945 ducha,
735 4878 845 4950 quando
855 4878 963 4936 andare
977 4875 1021 4934 nel
1032 4878 1143 4946 cardiu,
1155 4895 1206 4934 con
1217 4893 1270 4934 unc
1280 4875 1415 4950 balcstrc;

108 4960 156 5016 elil
169 4963 253 5020 ducha
267 4963 322 5020 l'ha
335 4963 391 5021 loto
405 4963 446 5020 tur
458 4981 508 5038 per
522 4964 611 5021 alcuni
626 4964 718 5022 orzieri
731 4971 758 5023 el
771 4965 823 5023 cllo
838 4967 892 5024 lato
907 4967 974 5023 taiar
989 4985 1005 5024 a
1020 4967 1087 5040 peri,
1100 4966 1156 5022 llno
1169 4967 1186 5021 it
1198 4965 1224 5022 la
1234 4981 1285 5022 sua
1297 4982 1413 5024 camara.

108 5047 148 5105 un
167 5052 252 5110 ducbn
269 5054 338 5124 dice,
354 5069 417 5110 esso
435 5059 524 5110 morto
538 5071 588 5111 suo
609 5061 737 5128 cognato,
758 5055 915 5112 dicebaris
933 5055 1016 5113 accito
1035 5057 1059 5113 a’
1075 5055 1194 5112 colonesi
1216 5053 1344 5111 verriceno
1362 5073 1415 5113 con

105 5145 174 5211 ano,
183 5142 223 5198 col
237 5142 301 5216 qual
312 5142 393 5200 baria
406 5141 529 5216 pralichc
541 5142 569 5199 in
583 5143 705 5216 castello,
722 5162 736 5201 e
751 5144 882 5202 taieriano
896 5144 914 5200 li
929 5143 1034 5202 Orssini
1048 5162 1065 5202 a
1077 5143 1146 5219 pezi.
1162 5167 1177 5196 n
1193 5145 1309 5216 Sanulo,
1325 5153 1345 5202 t.
1363 5147 1413 5218 ΙΙΙ,

103 5225 144 5284 ool.
156 5231 214 5289 671.
230 5231 349 5306 (lupello,
365 5233 411 5306 qui
425 5232 497 5290 avait
507 5235 611 5308 enroyt
623 5251 668 5289 cas
680 5233 779 5292 details
789 5239 806 5290 d
815 5233 840 5292 lu
853 5233 1022 5308 Seigncuria
1035 5251 1070 5291 en
1084 5235 1122 5290 vit
1132 5233 1236 5293 hientdt
1246 5236 1272 5293 la
1281 5236 1412 5308 trusseia,

104 5331 140 5372 car
151 5317 166 5374 il
178 5336 210 5376 ue
223 5318 263 5379 les
275 5319 414 5396 reproduit
427 5337 478 5396 pos
492 5321 562 5380 dans
581 5339 613 5380 sa
630 5322 755 5381 relation.
771 5324 842 5398 Voy.
859 5323 922 5398 plus
937 5324 1014 5397 haut,
1028 5341 1094 5399 pag.
1108 5323 1154 5395 68,
1170 5331 1235 5382 uota
1255 5328 1282 5384 l.
