<?xml version="1.0" encoding="UTF-8"?>
<!DOCTYPE html PUBLIC "-//W3C//DTD XHTML 1.0 Transitional//EN"
    "http://www.w3.org/TR/xhtml1/DTD/xhtml1-transitional.dtd">
<html xmlns="http://www.w3.org/1999/xhtml" xml:lang="en" lang="en">
 <head>
  <title>
</title>
<meta http-equiv="Content-Type" content="text/html;charset=utf-8" />
  <meta name='ocr-system' content='tesseract 3.04.00' />
  <meta name='ocr-capabilities' content='ocr_page ocr_carea ocr_par ocr_line ocrx_word'/>
</head>
<body>
  <div class='ocr_page' id='page_1' title='image "./johannisburchar03burcgoog/johannisburchar03burcgoog_0408.png"; bbox 0 0 3520 6036; ppageno 0'>
   <div class='ocr_carea' id='block_1_1' title="bbox 345 539 1660 612">
    <p class='ocr_par' dir='ltr' id='par_1_1' title="bbox 345 539 1660 612">
     <span class='ocr_line' id='line_1_1' title="bbox 345 539 1660 612; baseline 0 -14"><span class='ocrx_word' id='word_1_1' title='bbox 345 542 398 598; x_wconf 82' lang='lat'><strong>330</strong></span> <span class='ocrx_word' id='word_1_2' title='bbox 796 539 971 598; x_wconf 80' lang='lat' dir='ltr'><strong>JOHANNIS</strong></span> <span class='ocrx_word' id='word_1_3' title='bbox 998 539 1222 610; x_wconf 82' lang='lat' dir='ltr'><strong>BURCHARDI,</strong></span> <span class='ocrx_word' id='word_1_4' title='bbox 1465 547 1660 612; x_wconf 72' lang='lat' dir='ltr'><strong>[lauriertStttl</strong></span> 
     </span>
    </p>
   </div>
   <div class='ocr_carea' id='block_1_2' title="bbox 340 695 1666 2914">
    <p class='ocr_par' dir='ltr' id='par_1_2' title="bbox 340 695 1666 2914">
     <span class='ocr_line' id='line_1_2' title="bbox 345 695 1662 794; baseline 0.003 -26"><span class='ocrx_word' id='word_1_5' title='bbox 345 698 441 790; x_wconf 89' lang='lat' dir='ltr'><strong>Pape</strong></span> <span class='ocrx_word' id='word_1_6' title='bbox 459 697 520 792; x_wconf 92' lang='lat' dir='ltr'><strong>qui</strong></span> <span class='ocrx_word' id='word_1_7' title='bbox 539 696 728 794; x_wconf 94' lang='lat' dir='ltr'><strong>respondit</strong></span> <span class='ocrx_word' id='word_1_8' title='bbox 745 695 843 792; x_wconf 89' lang='lat' dir='ltr'><strong>quod</strong></span> <span class='ocrx_word' id='word_1_9' title='bbox 861 695 1040 768; x_wconf 88' lang='lat' dir='ltr'><strong>haberem</strong></span> <span class='ocrx_word' id='word_1_10' title='bbox 1063 695 1275 792; x_wconf 89' lang='lat' dir='ltr'><strong>patientiam</strong></span> <span class='ocrx_word' id='word_1_11' title='bbox 1298 719 1366 792; x_wconf 92' lang='lat' dir='ltr'><strong>pro</strong></span> <span class='ocrx_word' id='word_1_12' title='bbox 1388 695 1458 770; x_wconf 90' lang='lat' dir='ltr'><strong>hac</strong></span> <span class='ocrx_word' id='word_1_13' title='bbox 1479 697 1572 772; x_wconf 82' lang='lat' dir='ltr'><strong>vice.</strong></span> <span class='ocrx_word' id='word_1_14' title='bbox 1600 699 1662 772; x_wconf 80' lang='lat' dir='ltr'><strong>Fis</strong></span> 
     </span>
     <span class='ocr_line' id='line_1_3' title="bbox 345 819 1663 917; baseline 0.003 -25"><span class='ocrx_word' id='word_1_15' title='bbox 345 819 479 894; x_wconf 88' lang='lat' dir='ltr'><strong>tulolor</strong></span> <span class='ocrx_word' id='word_1_16' title='bbox 501 826 537 895; x_wconf 92' lang='lat' dir='ltr'><strong>et</strong></span> <span class='ocrx_word' id='word_1_17' title='bbox 560 819 787 896; x_wconf 87' lang='lat' dir='ltr'><strong>tamburinus</strong></span> <span class='ocrx_word' id='word_1_18' title='bbox 805 820 948 894; x_wconf 91' lang='lat' dir='ltr'><strong>iverunt</strong></span> <span class='ocrx_word' id='word_1_19' title='bbox 965 825 1049 894; x_wconf 85' lang='lat' dir='ltr'><strong>ante</strong></span> <span class='ocrx_word' id='word_1_20' title='bbox 1068 821 1208 917; x_wconf 76' lang='lat' dir='ltr'>pedites</span> <span class='ocrx_word' id='word_1_21' title='bbox 1234 825 1268 892; x_wconf 90' lang='lat' dir='ltr'><strong>et</strong></span> <span class='ocrx_word' id='word_1_22' title='bbox 1297 821 1487 895; x_wconf 88' lang='lat' dir='ltr'><strong>trombetti</strong></span> <span class='ocrx_word' id='word_1_23' title='bbox 1508 823 1663 896; x_wconf 83' lang='lat' dir='ltr'><strong>similitor</strong></span> 
     </span>
     <span class='ocr_line' id='line_1_4' title="bbox 343 943 1662 1044; baseline 0.004 -28"><span class='ocrx_word' id='word_1_24' title='bbox 343 943 552 1039; x_wconf 69' lang='lat' dir='ltr'><strong>equitarunt</strong></span> <span class='ocrx_word' id='word_1_25' title='bbox 580 951 664 1020; x_wconf 88' lang='lat' dir='ltr'><strong>ante</strong></span> <span class='ocrx_word' id='word_1_26' title='bbox 691 969 757 1019; x_wconf 93' lang='lat' dir='ltr'><strong>eos</strong></span> <span class='ocrx_word' id='word_1_27' title='bbox 784 945 821 1018; x_wconf 93' lang='lat' dir='ltr'><strong>in</strong></span> <span class='ocrx_word' id='word_1_28' title='bbox 846 946 1013 1019; x_wconf 90' lang='lat' dir='ltr'><strong>omnibus</strong></span> <span class='ocrx_word' id='word_1_29' title='bbox 1040 945 1170 1042; x_wconf 86' lang='lat' dir='ltr'><strong>plateis</strong></span> <span class='ocrx_word' id='word_1_30' title='bbox 1195 951 1391 1019; x_wconf 91' lang='lat' dir='ltr'><strong>sonantes:</strong></span> <span class='ocrx_word' id='word_1_31' title='bbox 1420 951 1503 1044; x_wconf 90' lang='lat' dir='ltr'><strong>post</strong></span> <span class='ocrx_word' id='word_1_32' title='bbox 1528 952 1662 1044; x_wconf 87' lang='lat' dir='ltr'><strong>Papam,</strong></span> 
     </span>
     <span class='ocr_line' id='line_1_5' title="bbox 342 1068 1666 1168; baseline 0.002 -26"><span class='ocrx_word' id='word_1_33' title='bbox 342 1068 551 1164; x_wconf 80' lang='lat' dir='ltr'><strong>equitarunt</strong></span> <span class='ocrx_word' id='word_1_34' title='bbox 570 1070 640 1144; x_wconf 94' lang='lat' dir='ltr'><strong>duo</strong></span> <span class='ocrx_word' id='word_1_35' title='bbox 660 1071 792 1146; x_wconf 88' lang='lat' dir='ltr'><strong>secreti</strong></span> <span class='ocrx_word' id='word_1_36' title='bbox 817 1071 945 1168; x_wconf 88' lang='lat' dir='ltr'><strong>prelati</strong></span> <span class='ocrx_word' id='word_1_37' title='bbox 962 1069 1174 1144; x_wconf 90' lang='lat' dir='ltr'><strong>cubicularii</strong></span> <span class='ocrx_word' id='word_1_38' title='bbox 1195 1075 1231 1144; x_wconf 90' lang='lat' dir='ltr'><strong>et</strong></span> <span class='ocrx_word' id='word_1_39' title='bbox 1255 1076 1338 1165; x_wconf 91' lang='lat' dir='ltr'><strong>post</strong></span> <span class='ocrx_word' id='word_1_40' title='bbox 1359 1070 1440 1144; x_wconf 91' lang='lat' dir='ltr'><strong>illos</strong></span> <span class='ocrx_word' id='word_1_41' title='bbox 1458 1073 1666 1146; x_wconf 79' lang='lat' dir='ltr'><strong>secretarius</strong></span> 
     </span>
     <span class='ocr_line' id='line_1_6' title="bbox 342 1193 1664 1295; baseline 0.004 -30"><span class='ocrx_word' id='word_1_42' title='bbox 342 1217 363 1265; x_wconf 90' lang='lat' dir='ltr'><strong>a</strong></span> <span class='ocrx_word' id='word_1_43' title='bbox 387 1194 538 1284; x_wconf 85' lang='lat' dir='ltr'><strong>dextris,</strong></span> <span class='ocrx_word' id='word_1_44' title='bbox 569 1196 733 1270; x_wconf 89' lang='lat' dir='ltr'><strong>medicus</strong></span> <span class='ocrx_word' id='word_1_45' title='bbox 761 1220 782 1269; x_wconf 90' lang='lat' dir='ltr'><strong>a</strong></span> <span class='ocrx_word' id='word_1_46' title='bbox 810 1197 987 1286; x_wconf 89' lang='lat' dir='ltr'><strong>sinistris;</strong></span> <span class='ocrx_word' id='word_1_47' title='bbox 1018 1196 1151 1269; x_wconf 94' lang='lat' dir='ltr'><strong>deinde</strong></span> <span class='ocrx_word' id='word_1_48' title='bbox 1181 1193 1361 1291; x_wconf 87' lang='lat' dir='ltr'><strong>episcopi,</strong></span> <span class='ocrx_word' id='word_1_49' title='bbox 1399 1196 1608 1295; x_wconf 82' lang='lat' dir='ltr'><strong>presbyteri</strong></span> <span class='ocrx_word' id='word_1_50' title='bbox 1637 1203 1664 1270; x_wconf 89' lang='lat' dir='ltr'><strong>et</strong></span> 
     </span>
     <span class='ocr_line' id='line_1_7' title="bbox 341 1316 1664 1417; baseline 0 -25"><span class='ocrx_word' id='word_1_51' title='bbox 341 1316 484 1392; x_wconf 88' lang='lat' dir='ltr'><strong>diaconi</strong></span> <span class='ocrx_word' id='word_1_52' title='bbox 510 1319 726 1412; x_wconf 79' lang='lat' dir='ltr'><strong>cardinales,</strong></span> <span class='ocrx_word' id='word_1_53' title='bbox 760 1320 908 1417; x_wconf 88' lang='lat' dir='ltr'><strong>prelati,</strong></span> <span class='ocrx_word' id='word_1_54' title='bbox 935 1325 1020 1394; x_wconf 89' lang='lat' dir='ltr'><strong>tunc</strong></span> <span class='ocrx_word' id='word_1_55' title='bbox 1045 1319 1118 1408; x_wconf 87' lang='lat' dir='ltr'><strong>alii,</strong></span> <span class='ocrx_word' id='word_1_56' title='bbox 1148 1340 1253 1392; x_wconf 92' lang='lat' dir='ltr'><strong>more</strong></span> <span class='ocrx_word' id='word_1_57' title='bbox 1284 1319 1390 1393; x_wconf 91' lang='lat' dir='ltr'><strong>solito</strong></span> <span class='ocrx_word' id='word_1_58' title='bbox 1419 1327 1525 1394; x_wconf 90' lang='lat' dir='ltr'><strong>recta</strong></span> <span class='ocrx_word' id='word_1_59' title='bbox 1551 1321 1605 1393; x_wconf 89' lang='lat' dir='ltr'><strong>via</strong></span> <span class='ocrx_word' id='word_1_60' title='bbox 1628 1323 1664 1394; x_wconf 88' lang='lat' dir='ltr'><strong>ad</strong></span> 
     </span>
     <span class='ocr_line' id='line_1_8' title="bbox 342 1444 1664 1540; baseline -0.002 -23"><span class='ocrx_word' id='word_1_61' title='bbox 342 1446 517 1540; x_wconf 88' lang='lat' dir='ltr'><strong>Campum</strong></span> <span class='ocrx_word' id='word_1_62' title='bbox 536 1444 655 1535; x_wconf 87' lang='lat' dir='ltr'><strong>Flore,</strong></span> <span class='ocrx_word' id='word_1_63' title='bbox 674 1445 824 1520; x_wconf 93' lang='lat' dir='ltr'><strong>domum</strong></span> <span class='ocrx_word' id='word_1_64' title='bbox 845 1447 890 1519; x_wconf 93' lang='lat' dir='ltr'><strong>de</strong></span> <span class='ocrx_word' id='word_1_65' title='bbox 911 1445 1089 1534; x_wconf 82' lang='lat' dir='ltr'><strong>Maximis,</strong></span> <span class='ocrx_word' id='word_1_66' title='bbox 1113 1468 1142 1516; x_wconf 94' lang='lat' dir='ltr'><strong>s.</strong></span> <span class='ocrx_word' id='word_1_67' title='bbox 1163 1448 1327 1518; x_wconf 87' lang='lat' dir='ltr'><strong>Marcum</strong></span> <span class='ocrx_word' id='word_1_68' title='bbox 1343 1451 1379 1519; x_wconf 91' lang='lat' dir='ltr'><strong>et</strong></span> <span class='ocrx_word' id='word_1_69' title='bbox 1396 1444 1504 1518; x_wconf 87' lang='lat' dir='ltr'><strong>aliam</strong></span> <span class='ocrx_word' id='word_1_70' title='bbox 1524 1467 1664 1519; x_wconf 79' lang='lat' dir='ltr'><strong>consue-</strong></span> 
     </span>
     <span class='ocr_line' id='line_1_9' title="bbox 342 1569 1662 1668; baseline -0.002 -26"><span class='ocrx_word' id='word_1_71' title='bbox 342 1573 416 1642; x_wconf 86' lang='lat' dir='ltr'><strong>tam</strong></span> <span class='ocrx_word' id='word_1_72' title='bbox 435 1569 480 1642; x_wconf 87' lang='lat' dir='ltr'><strong>ad</strong></span> <span class='ocrx_word' id='word_1_73' title='bbox 497 1593 526 1641; x_wconf 92' lang='lat' dir='ltr'><strong>s.</strong></span> <span class='ocrx_word' id='word_1_74' title='bbox 547 1571 703 1644; x_wconf 87' lang='lat' dir='ltr'><strong>Mariam</strong></span> <span class='ocrx_word' id='word_1_75' title='bbox 722 1571 924 1668; x_wconf 90' lang='lat' dir='ltr'><strong>majorem:</strong></span> <span class='ocrx_word' id='word_1_76' title='bbox 943 1569 990 1641; x_wconf 91' lang='lat' dir='ltr'><strong>ibi</strong></span> <span class='ocrx_word' id='word_1_77' title='bbox 1007 1569 1197 1642; x_wconf 84' lang='lat' dir='ltr'><strong>descendit</strong></span> <span class='ocrx_word' id='word_1_78' title='bbox 1212 1571 1257 1643; x_wconf 85' lang='lat' dir='ltr'><strong>ad</strong></span> <span class='ocrx_word' id='word_1_79' title='bbox 1273 1570 1407 1667; x_wconf 87' lang='lat' dir='ltr'><strong>gradus</strong></span> <span class='ocrx_word' id='word_1_80' title='bbox 1424 1577 1460 1643; x_wconf 89' lang='lat' dir='ltr'><strong>et</strong></span> <span class='ocrx_word' id='word_1_81' title='bbox 1479 1569 1662 1644; x_wconf 79' lang='lat' dir='ltr'><strong>cardinalis</strong></span> 
     </span>
     <span class='ocr_line' id='line_1_10' title="bbox 340 1693 1662 1792; baseline 0.001 -27"><span class='ocrx_word' id='word_1_82' title='bbox 340 1693 531 1767; x_wconf 81' lang='lat' dir='ltr'><strong>Cesarinus</strong></span> <span class='ocrx_word' id='word_1_83' title='bbox 547 1696 709 1792; x_wconf 82' lang='lat' dir='ltr'><strong>porrexit</strong></span> <span class='ocrx_word' id='word_1_84' title='bbox 728 1697 761 1768; x_wconf 92' lang='lat' dir='ltr'><strong>ei</strong></span> <span class='ocrx_word' id='word_1_85' title='bbox 778 1718 926 1768; x_wconf 91' lang='lat' dir='ltr'><strong>crucem</strong></span> <span class='ocrx_word' id='word_1_86' title='bbox 940 1693 1186 1782; x_wconf 82' lang='lat' dir='ltr'><strong>osculandam,</strong></span> <span class='ocrx_word' id='word_1_87' title='bbox 1206 1693 1336 1768; x_wconf 90' lang='lat' dir='ltr'><strong>deinde</strong></span> <span class='ocrx_word' id='word_1_88' title='bbox 1354 1718 1488 1791; x_wconf 89' lang='lat' dir='ltr'><strong>aquam</strong></span> <span class='ocrx_word' id='word_1_89' title='bbox 1506 1701 1662 1768; x_wconf 86' lang='lat' dir='ltr'><strong>sanctam</strong></span> 
     </span>
     <span class='ocr_line' id='line_1_11' title="bbox 341 1819 1660 1917; baseline 0 -27"><span class='ocrx_word' id='word_1_90' title='bbox 341 1823 377 1892; x_wconf 91' lang='lat' dir='ltr'><strong>et</strong></span> <span class='ocrx_word' id='word_1_91' title='bbox 394 1821 492 1916; x_wconf 86' lang='lat' dir='ltr'><strong>Papa</strong></span> <span class='ocrx_word' id='word_1_92' title='bbox 510 1821 663 1917; x_wconf 88' lang='lat' dir='ltr'><strong>aspersit</strong></span> <span class='ocrx_word' id='word_1_93' title='bbox 680 1845 732 1910; x_wconf 88' lang='lat' dir='ltr'><strong>se,</strong></span> <span class='ocrx_word' id='word_1_94' title='bbox 750 1821 882 1893; x_wconf 87' lang='lat' dir='ltr'><strong>deinde</strong></span> <span class='ocrx_word' id='word_1_95' title='bbox 900 1820 1003 1893; x_wconf 89' lang='lat' dir='ltr'><strong>alios.</strong></span> <span class='ocrx_word' id='word_1_96' title='bbox 1022 1819 1280 1892; x_wconf 86' lang='lat' dir='ltr'><strong>Faldistorium</strong></span> <span class='ocrx_word' id='word_1_97' title='bbox 1295 1819 1360 1894; x_wconf 88' lang='lat' dir='ltr'><strong>luit</strong></span> <span class='ocrx_word' id='word_1_98' title='bbox 1376 1827 1545 1916; x_wconf 86' lang='lat' dir='ltr'><strong>paratum</strong></span> <span class='ocrx_word' id='word_1_99' title='bbox 1560 1842 1660 1916; x_wconf 88' lang='lat' dir='ltr'><strong>supra</strong></span> 
     </span>
     <span class='ocr_line' id='line_1_12' title="bbox 341 1942 1663 2044; baseline 0.002 -30"><span class='ocrx_word' id='word_1_100' title='bbox 341 1942 476 2038; x_wconf 87' lang='lat' dir='ltr'><strong>gradus</strong></span> <span class='ocrx_word' id='word_1_101' title='bbox 495 1946 710 2044; x_wconf 78' lang='lat' dir='ltr'><strong>presbyterii</strong></span> <span class='ocrx_word' id='word_1_102' title='bbox 728 1946 765 2018; x_wconf 95' lang='lat' dir='ltr'><strong>in</strong></span> <span class='ocrx_word' id='word_1_103' title='bbox 781 1945 948 2042; x_wconf 94' lang='lat' dir='ltr'><strong>opposito</strong></span> <span class='ocrx_word' id='word_1_104' title='bbox 967 1944 1090 2018; x_wconf 86' lang='lat' dir='ltr'><strong>altaris</strong></span> <span class='ocrx_word' id='word_1_105' title='bbox 1105 1943 1256 2041; x_wconf 85' lang='lat' dir='ltr'><strong>majoris</strong></span> <span class='ocrx_word' id='word_1_106' title='bbox 1272 1952 1355 2020; x_wconf 91' lang='lat' dir='ltr'><strong>ante</strong></span> <span class='ocrx_word' id='word_1_107' title='bbox 1371 1947 1469 2041; x_wconf 93' lang='lat' dir='ltr'><strong>quod</strong></span> <span class='ocrx_word' id='word_1_108' title='bbox 1490 1945 1556 2018; x_wconf 87' lang='lat' dir='ltr'><strong>luit</strong></span> <span class='ocrx_word' id='word_1_109' title='bbox 1571 1967 1663 2042; x_wconf 89' lang='lat' dir='ltr'><strong>para-</strong></span> 
     </span>
     <span class='ocr_line' id='line_1_13' title="bbox 340 2067 1661 2168; baseline -0.002 -28"><span class='ocrx_word' id='word_1_110' title='bbox 340 2076 376 2142; x_wconf 87' lang='lat' dir='ltr'><strong>ta</strong></span> <span class='ocrx_word' id='word_1_111' title='bbox 395 2091 522 2142; x_wconf 89' lang='lat' dir='ltr'><strong>mensa</strong></span> <span class='ocrx_word' id='word_1_112' title='bbox 541 2093 608 2166; x_wconf 92' lang='lat' dir='ltr'><strong>pro</strong></span> <span class='ocrx_word' id='word_1_113' title='bbox 634 2069 738 2142; x_wconf 88' lang='lat' dir='ltr'><strong>altari</strong></span> <span class='ocrx_word' id='word_1_114' title='bbox 765 2093 875 2168; x_wconf 89' lang='lat' dir='ltr'><strong>super</strong></span> <span class='ocrx_word' id='word_1_115' title='bbox 900 2069 999 2166; x_wconf 92' lang='lat' dir='ltr'><strong>quod</strong></span> <span class='ocrx_word' id='word_1_116' title='bbox 1021 2073 1065 2142; x_wconf 86' lang='lat' dir='ltr'><strong>D.</strong></span> <span class='ocrx_word' id='word_1_117' title='bbox 1096 2069 1307 2142; x_wconf 87' lang='lat' dir='ltr'><strong>Dominicus</strong></span> <span class='ocrx_word' id='word_1_118' title='bbox 1333 2069 1551 2166; x_wconf 89' lang='lat' dir='ltr'><strong>Capelianus</strong></span> <span class='ocrx_word' id='word_1_119' title='bbox 1580 2067 1661 2142; x_wconf 88' lang='lat' dir='ltr'><strong>celr-</strong></span> 
     </span>
     <span class='ocr_line' id='line_1_14' title="bbox 341 2191 1659 2290; baseline -0.001 -27"><span class='ocrx_word' id='word_1_120' title='bbox 341 2191 458 2264; x_wconf 90' lang='lat' dir='ltr'><strong>bravit</strong></span> <span class='ocrx_word' id='word_1_121' title='bbox 472 2192 620 2266; x_wconf 82' lang='lat' dir='ltr'><strong>missam</strong></span> <span class='ocrx_word' id='word_1_122' title='bbox 637 2195 803 2282; x_wconf 77' lang='lat' dir='ltr'><strong>bassam,</strong></span> <span class='ocrx_word' id='word_1_123' title='bbox 827 2217 898 2290; x_wconf 88' lang='lat' dir='ltr'><strong>qua</strong></span> <span class='ocrx_word' id='word_1_124' title='bbox 916 2193 1033 2282; x_wconf 86' lang='lat' dir='ltr'><strong>finito,</strong></span> <span class='ocrx_word' id='word_1_125' title='bbox 1054 2197 1151 2289; x_wconf 84' lang='lat' dir='ltr'><strong>Papa</strong></span> <span class='ocrx_word' id='word_1_126' title='bbox 1169 2217 1244 2266; x_wconf 95' lang='lat' dir='ltr'><strong>non</strong></span> <span class='ocrx_word' id='word_1_127' title='bbox 1261 2193 1362 2268; x_wconf 89' lang='lat' dir='ltr'><strong>dedit</strong></span> <span class='ocrx_word' id='word_1_128' title='bbox 1381 2193 1659 2266; x_wconf 86' lang='lat' dir='ltr'><strong>benedictionem</strong></span> 
     </span>
     <span class='ocr_line' id='line_1_15' title="bbox 343 2314 1662 2414; baseline 0 -26"><span class='ocrx_word' id='word_1_129' title='bbox 343 2339 411 2413; x_wconf 85' lang='lat' dir='ltr'><strong>per</strong></span> <span class='ocrx_word' id='word_1_130' title='bbox 434 2315 737 2391; x_wconf 84' lang='lat' dir='ltr'><strong>inadvertentiam</strong></span> <span class='ocrx_word' id='word_1_131' title='bbox 755 2342 898 2390; x_wconf 88' lang='lat' dir='ltr'><strong>meam:</strong></span> <span class='ocrx_word' id='word_1_132' title='bbox 926 2317 1131 2414; x_wconf 88' lang='lat' dir='ltr'><strong>depositum</strong></span> <span class='ocrx_word' id='word_1_133' title='bbox 1154 2317 1222 2390; x_wconf 86' lang='lat' dir='ltr'><strong>luit</strong></span> <span class='ocrx_word' id='word_1_134' title='bbox 1240 2317 1330 2390; x_wconf 92' lang='lat' dir='ltr'><strong>illud</strong></span> <span class='ocrx_word' id='word_1_135' title='bbox 1349 2316 1464 2390; x_wconf 91' lang='lat' dir='ltr'><strong>altare</strong></span> <span class='ocrx_word' id='word_1_136' title='bbox 1490 2317 1534 2390; x_wconf 92' lang='lat' dir='ltr'><strong>de</strong></span> <span class='ocrx_word' id='word_1_137' title='bbox 1554 2314 1662 2390; x_wconf 87' lang='lat' dir='ltr'><strong>tabula</strong></span> 
     </span>
     <span class='ocr_line' id='line_1_16' title="bbox 344 2441 1662 2539; baseline -0.001 -26"><span class='ocrx_word' id='word_1_138' title='bbox 344 2447 380 2513; x_wconf 92' lang='lat' dir='ltr'><strong>et</strong></span> <span class='ocrx_word' id='word_1_139' title='bbox 400 2444 498 2538; x_wconf 83' lang='lat' dir='ltr'><strong>Papa</strong></span> <span class='ocrx_word' id='word_1_140' title='bbox 513 2443 711 2538; x_wconf 83' lang='lat' dir='ltr'><strong>genutlexit</strong></span> <span class='ocrx_word' id='word_1_141' title='bbox 733 2443 778 2516; x_wconf 90' lang='lat' dir='ltr'><strong>ad</strong></span> <span class='ocrx_word' id='word_1_142' title='bbox 797 2444 953 2539; x_wconf 84' lang='lat' dir='ltr'><strong>gradum</strong></span> <span class='ocrx_word' id='word_1_143' title='bbox 969 2442 1096 2516; x_wconf 85' lang='lat' dir='ltr'><strong>ultoris</strong></span> <span class='ocrx_word' id='word_1_144' title='bbox 1116 2449 1165 2534; x_wconf 89' lang='lat' dir='ltr'><strong>et,</strong></span> <span class='ocrx_word' id='word_1_145' title='bbox 1188 2441 1285 2516; x_wconf 87' lang='lat' dir='ltr'><strong>lacta</strong></span> <span class='ocrx_word' id='word_1_146' title='bbox 1301 2441 1481 2532; x_wconf 89' lang='lat' dir='ltr'><strong>oratione,</strong></span> <span class='ocrx_word' id='word_1_147' title='bbox 1503 2445 1546 2515; x_wconf 80' lang='lat' dir='ltr'><strong>l).</strong></span> <span class='ocrx_word' id='word_1_148' title='bbox 1567 2444 1662 2514; x_wconf 81' lang='lat' dir='ltr'><strong>Fran-</strong></span> 
     </span>
     <span class='ocr_line' id='line_1_17' title="bbox 342 2565 1661 2664; baseline -0.002 -26"><span class='ocrx_word' id='word_1_149' title='bbox 342 2565 474 2655; x_wconf 90' lang='lat' dir='ltr'><strong>ciscus,</strong></span> <span class='ocrx_word' id='word_1_150' title='bbox 495 2567 573 2663; x_wconf 90' lang='lat' dir='ltr'><strong>ejus</strong></span> <span class='ocrx_word' id='word_1_151' title='bbox 592 2567 852 2657; x_wconf 87' lang='lat' dir='ltr'><strong>cubicularius,</strong></span> <span class='ocrx_word' id='word_1_152' title='bbox 871 2568 1003 2641; x_wconf 89' lang='lat' dir='ltr'><strong>obtulit</strong></span> <span class='ocrx_word' id='word_1_153' title='bbox 1019 2567 1170 2664; x_wconf 87' lang='lat' dir='ltr'><strong>triginta</strong></span> <span class='ocrx_word' id='word_1_154' title='bbox 1186 2568 1345 2664; x_wconf 92' lang='lat' dir='ltr'><strong>quinque</strong></span> <span class='ocrx_word' id='word_1_155' title='bbox 1365 2567 1517 2640; x_wconf 88' lang='lat' dir='ltr'><strong>ducatos</strong></span> <span class='ocrx_word' id='word_1_156' title='bbox 1533 2568 1568 2642; x_wconf 93' lang='lat' dir='ltr'><strong>in</strong></span> <span class='ocrx_word' id='word_1_157' title='bbox 1584 2589 1661 2640; x_wconf 95' lang='lat' dir='ltr'><strong>auro</strong></span> 
     </span>
     <span class='ocr_line' id='line_1_18' title="bbox 341 2691 1661 2790; baseline 0 -28"><span class='ocrx_word' id='word_1_158' title='bbox 341 2713 474 2765; x_wconf 83' lang='lat' dir='ltr'><strong>novos:</strong></span> <span class='ocrx_word' id='word_1_159' title='bbox 505 2691 567 2764; x_wconf 88' lang='lat' dir='ltr'><strong>ivit</strong></span> <span class='ocrx_word' id='word_1_160' title='bbox 594 2693 766 2790; x_wconf 87' lang='lat' dir='ltr'><strong>pedester</strong></span> <span class='ocrx_word' id='word_1_161' title='bbox 795 2693 844 2767; x_wconf 88' lang='lat' dir='ltr'><strong>ad</strong></span> <span class='ocrx_word' id='word_1_162' title='bbox 869 2699 1010 2790; x_wconf 89' lang='lat' dir='ltr'><strong>portam</strong></span> <span class='ocrx_word' id='word_1_163' title='bbox 1038 2692 1193 2767; x_wconf 85' lang='lat' dir='ltr'><strong>ecclesie</strong></span> <span class='ocrx_word' id='word_1_164' title='bbox 1225 2716 1255 2763; x_wconf 89' lang='lat' dir='ltr'><strong>s.</strong></span> <span class='ocrx_word' id='word_1_165' title='bbox 1287 2691 1436 2765; x_wconf 82' lang='lat' dir='ltr'><strong>Antonii</strong></span> <span class='ocrx_word' id='word_1_166' title='bbox 1469 2691 1543 2782; x_wconf 92' lang='lat' dir='ltr'><strong>ubi,</strong></span> <span class='ocrx_word' id='word_1_167' title='bbox 1576 2691 1661 2763; x_wconf 86' lang='lat' dir='ltr'><strong>lactu</strong></span> 
     </span>
     <span class='ocr_line' id='line_1_19' title="bbox 342 2816 1661 2914; baseline -0.002 -25"><span class='ocrx_word' id='word_1_168' title='bbox 342 2816 508 2890; x_wconf 90' lang='lat' dir='ltr'><strong>oratione</strong></span> <span class='ocrx_word' id='word_1_169' title='bbox 524 2821 607 2890; x_wconf 88' lang='lat' dir='ltr'><strong>ante</strong></span> <span class='ocrx_word' id='word_1_170' title='bbox 624 2818 754 2907; x_wconf 89' lang='lat' dir='ltr'><strong>altare,</strong></span> <span class='ocrx_word' id='word_1_171' title='bbox 774 2818 963 2914; x_wconf 86' lang='lat' dir='ltr'><strong>prodictus</strong></span> <span class='ocrx_word' id='word_1_172' title='bbox 977 2817 1220 2893; x_wconf 87' lang='lat' dir='ltr'><strong>cubicularius</strong></span> <span class='ocrx_word' id='word_1_173' title='bbox 1234 2816 1364 2891; x_wconf 91' lang='lat' dir='ltr'><strong>obtulit</strong></span> <span class='ocrx_word' id='word_1_174' title='bbox 1376 2816 1506 2890; x_wconf 85' lang='lat' dir='ltr'><strong>decem</strong></span> <span class='ocrx_word' id='word_1_175' title='bbox 1524 2816 1661 2890; x_wconf 87' lang='lat' dir='ltr'><strong>ducatos</strong></span> 
     </span>
    </p>
   </div>
   <div class='ocr_carea' id='block_1_3' title="bbox 194 2941 1661 3040">
    <p class='ocr_par' dir='ltr' id='par_1_3' title="bbox 194 2941 1661 3040">
     <span class='ocr_line' id='line_1_20' title="bbox 194 2941 1661 3040; baseline 0.001 -31"><span class='ocrx_word' id='word_1_176' title='bbox 194 3001 197 3009; x_wconf 90' lang='lat'>.</span> <span class='ocrx_word' id='word_1_177' title='bbox 340 2941 385 3014; x_wconf 91' lang='lat' dir='ltr'><strong>de</strong></span> <span class='ocrx_word' id='word_1_178' title='bbox 401 2941 590 3037; x_wconf 89' lang='lat' dir='ltr'><strong>predictis,</strong></span> <span class='ocrx_word' id='word_1_179' title='bbox 613 2947 649 3016; x_wconf 91' lang='lat' dir='ltr'><strong>et</strong></span> <span class='ocrx_word' id='word_1_180' title='bbox 665 2965 863 3018; x_wconf 89' lang='lat' dir='ltr'><strong>conversus</strong></span> <span class='ocrx_word' id='word_1_181' title='bbox 879 2942 925 3016; x_wconf 86' lang='lat' dir='ltr'><strong>ad</strong></span> <span class='ocrx_word' id='word_1_182' title='bbox 939 2941 1128 3040; x_wconf 92' lang='lat' dir='ltr'><strong>populum,</strong></span> <span class='ocrx_word' id='word_1_183' title='bbox 1152 2946 1250 3039; x_wconf 84' lang='lat' dir='ltr'><strong>Papa</strong></span> <span class='ocrx_word' id='word_1_184' title='bbox 1269 2941 1409 3015; x_wconf 89' lang='lat' dir='ltr'><strong>habens</strong></span> <span class='ocrx_word' id='word_1_185' title='bbox 1426 2946 1511 3016; x_wconf 91' lang='lat' dir='ltr'><strong>ante</strong></span> <span class='ocrx_word' id='word_1_186' title='bbox 1528 2959 1661 3015; x_wconf 89' lang='lat' dir='ltr'><strong>crucem</strong></span> 
     </span>
    </p>
   </div>
   <div class='ocr_carea' id='block_1_4' title="bbox 340 3066 1664 3287">
    <p class='ocr_par' dir='ltr' id='par_1_4' title="bbox 340 3066 1664 3287">
     <span class='ocr_line' id='line_1_21' title="bbox 341 3066 1662 3165; baseline -0.004 -28"><span class='ocrx_word' id='word_1_187' title='bbox 341 3089 454 3154; x_wconf 91' lang='lat' dir='ltr'><strong>suam,</strong></span> <span class='ocrx_word' id='word_1_188' title='bbox 485 3067 629 3141; x_wconf 89' lang='lat' dir='ltr'><strong>detecto</strong></span> <span class='ocrx_word' id='word_1_189' title='bbox 664 3068 796 3165; x_wconf 88' lang='lat' dir='ltr'><strong>capite,</strong></span> <span class='ocrx_word' id='word_1_190' title='bbox 832 3068 931 3141; x_wconf 90' lang='lat' dir='ltr'><strong>dedit</strong></span> <span class='ocrx_word' id='word_1_191' title='bbox 964 3067 1257 3142; x_wconf 85' lang='lat' dir='ltr'><strong>benedictionem</strong></span> <span class='ocrx_word' id='word_1_192' title='bbox 1290 3066 1367 3140; x_wconf 91' lang='lat' dir='ltr'><strong>sine</strong></span> <span class='ocrx_word' id='word_1_193' title='bbox 1395 3072 1518 3156; x_wconf 84' lang='lat' dir='ltr'><strong>cantu,</strong></span> <span class='ocrx_word' id='word_1_194' title='bbox 1547 3067 1662 3140; x_wconf 89' lang='lat' dir='ltr'><strong>dicens</strong></span> 
     </span>
     <span class='ocr_line' id='line_1_22' title="bbox 340 3176 1664 3287; baseline -0.003 -24"><span class='ocrx_word' id='word_1_195' title='bbox 340 3176 520 3265; x_wconf 85' lang='lat' dir='ltr'><strong>submissa</strong></span> <span class='ocrx_word' id='word_1_196' title='bbox 534 3215 643 3266; x_wconf 87' lang='lat' dir='ltr'><strong>voce:</strong></span> <span class='ocrx_word' id='word_1_197' title='bbox 666 3193 723 3266; x_wconf 84' lang='lat' dir='ltr'><strong>Sit</strong></span> <span class='ocrx_word' id='word_1_198' title='bbox 744 3215 869 3268; x_wconf 84' lang='lat' dir='ltr'><strong>nomen</strong></span> <span class='ocrx_word' id='word_1_199' title='bbox 894 3193 1043 3265; x_wconf 82' lang='lat' dir='ltr'><strong>Domini</strong></span> <span class='ocrx_word' id='word_1_200' title='bbox 1066 3191 1304 3280; x_wconf 77' lang='lat' dir='ltr'><strong>dcrzodictum3</strong></span> <span class='ocrx_word' id='word_1_201' title='bbox 1326 3197 1362 3266; x_wconf 92' lang='lat' dir='ltr'><strong>et</strong></span> <span class='ocrx_word' id='word_1_202' title='bbox 1385 3215 1459 3265; x_wconf 94' lang='lat' dir='ltr'><strong>non</strong></span> <span class='ocrx_word' id='word_1_203' title='bbox 1481 3190 1664 3287; x_wconf 84' lang='lat' dir='ltr'><strong>indulgen-</strong></span> 
     </span>
    </p>
   </div>
   <div class='ocr_carea' id='block_1_5' title="bbox 225 3315 1661 3415">
    <p class='ocr_par' dir='ltr' id='par_1_5' title="bbox 225 3315 1661 3415">
     <span class='ocr_line' id='line_1_23' title="bbox 225 3315 1661 3415; baseline -0.008 -19"><span class='ocrx_word' id='word_1_204' title='bbox 225 3387 228 3396; x_wconf 46' lang='lat'><strong>,</strong></span> <span class='ocrx_word' id='word_1_205' title='bbox 338 3315 440 3406; x_wconf 88' lang='lat' dir='ltr'><strong>tium,</strong></span> <span class='ocrx_word' id='word_1_206' title='bbox 469 3317 555 3413; x_wconf 89' lang='lat' dir='ltr'><strong>quia</strong></span> <span class='ocrx_word' id='word_1_207' title='bbox 581 3318 754 3392; x_wconf 86' lang='lat' dir='ltr'><strong>credebat</strong></span> <span class='ocrx_word' id='word_1_208' title='bbox 778 3318 876 3415; x_wconf 91' lang='lat' dir='ltr'><strong>prius</strong></span> <span class='ocrx_word' id='word_1_209' title='bbox 899 3341 980 3390; x_wconf 87' lang='lat' dir='ltr'><strong>csse</strong></span> <span class='ocrx_word' id='word_1_210' title='bbox 1004 3319 1141 3392; x_wconf 85' lang='lat' dir='ltr'><strong>datam.</strong></span> <span class='ocrx_word' id='word_1_211' title='bbox 1165 3317 1312 3390; x_wconf 89' lang='lat' dir='ltr'><strong>lntravit</strong></span> <span class='ocrx_word' id='word_1_212' title='bbox 1333 3315 1467 3389; x_wconf 90' lang='lat' dir='ltr'><strong>deinde</strong></span> <span class='ocrx_word' id='word_1_213' title='bbox 1495 3316 1661 3413; x_wconf 89' lang='lat' dir='ltr'><strong>palatium</strong></span> 
     </span>
    </p>
   </div>
   <div class='ocr_carea' id='block_1_6' title="bbox 309 3441 1740 4537">
    <p class='ocr_par' dir='ltr' id='par_1_6' title="bbox 309 3441 1665 3764">
     <span class='ocr_line' id='line_1_24' title="bbox 309 3441 1665 3540; baseline -0.004 -26"><span class='ocrx_word' id='word_1_214' title='bbox 309 3519 313 3525; x_wconf 66' lang='grc'><strong>,</strong></span> <span class='ocrx_word' id='word_1_215' title='bbox 343 3465 371 3514; x_wconf 93' lang='lat' dir='ltr'><strong>s.</strong></span> <span class='ocrx_word' id='word_1_216' title='bbox 393 3442 552 3532; x_wconf 80' lang='lat' dir='ltr'><strong>Antonii,</strong></span> <span class='ocrx_word' id='word_1_217' title='bbox 572 3442 633 3516; x_wconf 92' lang='lat' dir='ltr'><strong>ubi</strong></span> <span class='ocrx_word' id='word_1_218' title='bbox 649 3443 735 3518; x_wconf 88' lang='lat' dir='ltr'><strong>lecit</strong></span> <span class='ocrx_word' id='word_1_219' title='bbox 752 3443 967 3540; x_wconf 89' lang='lat' dir='ltr'><strong>prandium;</strong></span> <span class='ocrx_word' id='word_1_220' title='bbox 986 3447 1024 3515; x_wconf 93' lang='lat' dir='ltr'><strong>et</strong></span> <span class='ocrx_word' id='word_1_221' title='bbox 1043 3442 1141 3516; x_wconf 89' lang='lat' dir='ltr'><strong>circa</strong></span> <span class='ocrx_word' id='word_1_222' title='bbox 1163 3442 1292 3516; x_wconf 89' lang='lat' dir='ltr'><strong>horam</strong></span> <span class='ocrx_word' id='word_1_223' title='bbox 1310 3441 1524 3538; x_wconf 86' lang='lat' dir='ltr'><strong>vigesimam</strong></span> <span class='ocrx_word' id='word_1_224' title='bbox 1546 3461 1665 3514; x_wconf 92' lang='lat' dir='ltr'><strong>secun·</strong></span> 
     </span>
     <span class='ocr_line' id='line_1_25' title="bbox 340 3565 1662 3666; baseline -0.003 -28"><span class='ocrx_word' id='word_1_225' title='bbox 340 3565 438 3658; x_wconf 91' lang='lat' dir='ltr'><strong>dam,</strong></span> <span class='ocrx_word' id='word_1_226' title='bbox 468 3568 579 3642; x_wconf 90' lang='lat' dir='ltr'><strong>rediit</strong></span> <span class='ocrx_word' id='word_1_227' title='bbox 603 3569 650 3642; x_wconf 93' lang='lat' dir='ltr'><strong>ad</strong></span> <span class='ocrx_word' id='word_1_228' title='bbox 674 3569 850 3666; x_wconf 85' lang='lat' dir='ltr'><strong>palatium</strong></span> <span class='ocrx_word' id='word_1_229' title='bbox 874 3569 1006 3642; x_wconf 88' lang='lat' dir='ltr'><strong>eodem</strong></span> <span class='ocrx_word' id='word_1_230' title='bbox 1037 3568 1166 3642; x_wconf 91' lang='lat' dir='ltr'><strong>ordine</strong></span> <span class='ocrx_word' id='word_1_231' title='bbox 1195 3574 1232 3642; x_wconf 89' lang='lat' dir='ltr'><strong>et</strong></span> <span class='ocrx_word' id='word_1_232' title='bbox 1256 3567 1382 3642; x_wconf 86' lang='lat' dir='ltr'><strong>habitu</strong></span> <span class='ocrx_word' id='word_1_233' title='bbox 1409 3589 1477 3664; x_wconf 90' lang='lat' dir='ltr'><strong>per</strong></span> <span class='ocrx_word' id='word_1_234' title='bbox 1502 3565 1662 3640; x_wconf 89' lang='lat' dir='ltr'><strong>eamdem</strong></span> 
     </span>
     <span class='ocr_line' id='line_1_26' title="bbox 340 3690 447 3764; baseline 0.009 -1"><span class='ocrx_word' id='word_1_235' title='bbox 340 3690 447 3764; x_wconf 89' lang='lat' dir='ltr'><strong>viam.</strong></span> 
     </span>
    </p>

    <p class='ocr_par' dir='ltr' id='par_1_7' title="bbox 338 3815 1740 4537">
     <span class='ocr_line' id='line_1_27' title="bbox 391 3815 1666 3912; baseline -0.005 -25"><span class='ocrx_word' id='word_1_236' title='bbox 391 3820 466 3888; x_wconf 89' lang='lat' dir='ltr'><strong>Hoc</strong></span> <span class='ocrx_word' id='word_1_237' title='bbox 480 3837 600 3904; x_wconf 87' lang='lat' dir='ltr'><strong>mane,</strong></span> <span class='ocrx_word' id='word_1_238' title='bbox 615 3818 725 3911; x_wconf 87' lang='lat' dir='ltr'><strong>Papa,</strong></span> <span class='ocrx_word' id='word_1_239' title='bbox 744 3823 940 3912; x_wconf 86' lang='lat' dir='ltr'><strong>antequam</strong></span> <span class='ocrx_word' id='word_1_240' title='bbox 956 3815 1070 3890; x_wconf 83' lang='lat' dir='ltr'><strong>exiret</strong></span> <span class='ocrx_word' id='word_1_241' title='bbox 1086 3839 1269 3890; x_wconf 89' lang='lat' dir='ltr'><strong>cameram</strong></span> <span class='ocrx_word' id='word_1_242' title='bbox 1289 3839 1405 3906; x_wconf 89' lang='lat' dir='ltr'><strong>suam,</strong></span> <span class='ocrx_word' id='word_1_243' title='bbox 1425 3816 1563 3890; x_wconf 81' lang='lat' dir='ltr'><strong>vocavit</strong></span> <span class='ocrx_word' id='word_1_244' title='bbox 1579 3817 1666 3888; x_wconf 88' lang='lat' dir='ltr'><strong>duos</strong></span> 
     </span>
     <span class='ocr_line' id='line_1_28' title="bbox 341 3938 1740 4036; baseline -0.003 -24"><span class='ocrx_word' id='word_1_245' title='bbox 341 3938 608 4036; x_wconf 88' lang='lat' dir='ltr'><strong>parasrenarios</strong></span> <span class='ocrx_word' id='word_1_246' title='bbox 640 3963 738 4029; x_wconf 93' lang='lat' dir='ltr'><strong>suos,</strong></span> <span class='ocrx_word' id='word_1_247' title='bbox 774 3942 970 4016; x_wconf 90' lang='lat' dir='ltr'><strong>Antonium</strong></span> <span class='ocrx_word' id='word_1_248' title='bbox 1003 3942 1105 4016; x_wconf 87' lang='lat' dir='ltr'><strong>Baldi</strong></span> <span class='ocrx_word' id='word_1_249' title='bbox 1132 3950 1168 4018; x_wconf 89' lang='lat' dir='ltr'><strong>et</strong></span> <span class='ocrx_word' id='word_1_250' title='bbox 1192 3941 1399 4016; x_wconf 79' lang='lat' dir='ltr'><strong>iohannem</strong></span> <span class='ocrx_word' id='word_1_251' title='bbox 1425 3943 1471 4016; x_wconf 89' lang='lat' dir='ltr'><strong>de</strong></span> <span class='ocrx_word' id='word_1_252' title='bbox 1497 3941 1664 4016; x_wconf 77' lang='lat' dir='ltr'><strong>Rocolen</strong></span> <span class='ocrx_word' id='word_1_253' title='bbox 1737 3979 1740 3986; x_wconf 38' lang='grc' dir='ltr'>ι</span> 
     </span>
     <span class='ocr_line' id='line_1_29' title="bbox 341 4063 1666 4159; baseline 0 -23"><span class='ocrx_word' id='word_1_254' title='bbox 341 4063 472 4159; x_wconf 90' lang='lat' dir='ltr'><strong>quibus</strong></span> <span class='ocrx_word' id='word_1_255' title='bbox 494 4063 592 4137; x_wconf 92' lang='lat' dir='ltr'><strong>dedit</strong></span> <span class='ocrx_word' id='word_1_256' title='bbox 618 4071 689 4138; x_wconf 91' lang='lat' dir='ltr'><strong>tres</strong></span> <span class='ocrx_word' id='word_1_257' title='bbox 709 4067 872 4140; x_wconf 94' lang='lat' dir='ltr'><strong>sacculos</strong></span> <span class='ocrx_word' id='word_1_258' title='bbox 894 4071 1041 4140; x_wconf 91' lang='lat' dir='ltr'><strong>monete</strong></span> <span class='ocrx_word' id='word_1_259' title='bbox 1063 4090 1147 4141; x_wconf 91' lang='lat' dir='ltr'><strong>cum</strong></span> <span class='ocrx_word' id='word_1_260' title='bbox 1166 4067 1240 4139; x_wconf 90' lang='lat' dir='ltr'><strong>suis</strong></span> <span class='ocrx_word' id='word_1_261' title='bbox 1265 4066 1377 4140; x_wconf 83' lang='lat' dir='ltr'><strong>armis</strong></span> <span class='ocrx_word' id='word_1_262' title='bbox 1396 4067 1498 4140; x_wconf 87' lang='lat' dir='ltr'><strong>novis</strong></span> <span class='ocrx_word' id='word_1_263' title='bbox 1516 4067 1559 4139; x_wconf 87' lang='lat' dir='ltr'><strong>ad</strong></span> <span class='ocrx_word' id='word_1_264' title='bbox 1574 4085 1666 4136; x_wconf 90' lang='lat' dir='ltr'><strong>sum-</strong></span> 
     </span>
     <span class='ocr_line' id='line_1_30' title="bbox 340 4188 1660 4288; baseline 0.002 -26"><span class='ocrx_word' id='word_1_265' title='bbox 340 4210 451 4278; x_wconf 88' lang='lat' dir='ltr'><strong>mam,</strong></span> <span class='ocrx_word' id='word_1_266' title='bbox 478 4194 517 4261; x_wconf 90' lang='lat' dir='ltr'><strong>ut</strong></span> <span class='ocrx_word' id='word_1_267' title='bbox 546 4188 678 4280; x_wconf 88' lang='lat' dir='ltr'><strong>credo,</strong></span> <span class='ocrx_word' id='word_1_268' title='bbox 699 4199 846 4264; x_wconf 89' lang='lat' dir='ltr'><strong>centum</strong></span> <span class='ocrx_word' id='word_1_269' title='bbox 871 4191 1105 4282; x_wconf 87' lang='lat' dir='ltr'><strong>ducatorum,</strong></span> <span class='ocrx_word' id='word_1_270' title='bbox 1129 4191 1348 4288; x_wconf 91' lang='lat' dir='ltr'><strong>pauperibus</strong></span> <span class='ocrx_word' id='word_1_271' title='bbox 1365 4189 1660 4266; x_wconf 79' lang='lat' dir='ltr'><strong>distribuendam.</strong></span> 
     </span>
     <span class='ocr_line' id='line_1_31' title="bbox 338 4312 1662 4413; baseline -0.003 -27"><span class='ocrx_word' id='word_1_272' title='bbox 338 4312 507 4388; x_wconf 84' lang='lat' dir='ltr'><strong>videlicet</strong></span> <span class='ocrx_word' id='word_1_273' title='bbox 525 4313 760 4389; x_wconf 88' lang='lat' dir='ltr'><strong>carlenorum</strong></span> <span class='ocrx_word' id='word_1_274' title='bbox 784 4340 942 4413; x_wconf 90' lang='lat' dir='ltr'><strong>quorum</strong></span> <span class='ocrx_word' id='word_1_275' title='bbox 960 4317 1088 4392; x_wconf 91' lang='lat' dir='ltr'><strong>decem</strong></span> <span class='ocrx_word' id='word_1_276' title='bbox 1109 4315 1290 4392; x_wconf 83' lang='lat' dir='ltr'><strong>iaciebant</strong></span> <span class='ocrx_word' id='word_1_277' title='bbox 1315 4337 1428 4389; x_wconf 86' lang='lat' dir='ltr'><strong>numu</strong></span> <span class='ocrx_word' id='word_1_278' title='bbox 1447 4316 1612 4390; x_wconf 90' lang='lat' dir='ltr'><strong>ducatum</strong></span> <span class='ocrx_word' id='word_1_279' title='bbox 1628 4313 1662 4383; x_wconf 92' lang='lat' dir='ltr'><strong>in</strong></span> 
     </span>
     <span class='ocr_line' id='line_1_32' title="bbox 338 4439 1663 4537; baseline -0.005 -25"><span class='ocrx_word' id='word_1_280' title='bbox 338 4461 447 4526; x_wconf 75' lang='lat' dir='ltr'><strong>auro,</strong></span> <span class='ocrx_word' id='word_1_281' title='bbox 476 4443 512 4512; x_wconf 92' lang='lat' dir='ltr'><strong>et</strong></span> <span class='ocrx_word' id='word_1_282' title='bbox 530 4439 734 4512; x_wconf 88' lang='lat' dir='ltr'><strong>mediorum</strong></span> <span class='ocrx_word' id='word_1_283' title='bbox 759 4440 995 4515; x_wconf 89' lang='lat' dir='ltr'><strong>carlenorum</strong></span> <span class='ocrx_word' id='word_1_284' title='bbox 1020 4441 1122 4516; x_wconf 90' lang='lat' dir='ltr'><strong>etde</strong></span> <span class='ocrx_word' id='word_1_285' title='bbox 1148 4441 1275 4514; x_wconf 89' lang='lat' dir='ltr'><strong>decem</strong></span> <span class='ocrx_word' id='word_1_286' title='bbox 1299 4439 1478 4537; x_wconf 82' lang='lat' dir='ltr'><strong>qualrinis</strong></span> <span class='ocrx_word' id='word_1_287' title='bbox 1507 4439 1663 4514; x_wconf 86' lang='lat' dir='ltr'><strong>carlenos</strong></span> 
     </span>
    </p>
   </div>
   <div class='ocr_carea' id='block_1_7' title="bbox 337 4562 1662 5288">
    <p class='ocr_par' dir='ltr' id='par_1_8' title="bbox 337 4562 1662 5288">
     <span class='ocr_line' id='line_1_33' title="bbox 337 4562 1662 4663; baseline -0.003 -28"><span class='ocrx_word' id='word_1_288' title='bbox 337 4562 437 4650; x_wconf 80' lang='lat' dir='ltr'><strong>dedit</strong></span> <span class='ocrx_word' id='word_1_289' title='bbox 463 4565 623 4637; x_wconf 90' lang='lat' dir='ltr'><strong>Antonio</strong></span> <span class='ocrx_word' id='word_1_290' title='bbox 645 4569 684 4637; x_wconf 93' lang='lat' dir='ltr'><strong>ut</strong></span> <span class='ocrx_word' id='word_1_291' title='bbox 707 4564 810 4638; x_wconf 91' lang='lat' dir='ltr'><strong>daret</strong></span> <span class='ocrx_word' id='word_1_292' title='bbox 836 4565 955 4638; x_wconf 91' lang='lat' dir='ltr'><strong>solum</strong></span> <span class='ocrx_word' id='word_1_293' title='bbox 977 4565 1048 4638; x_wconf 90' lang='lat' dir='ltr'><strong>illis</strong></span> <span class='ocrx_word' id='word_1_294' title='bbox 1067 4565 1291 4663; x_wconf 90' lang='lat' dir='ltr'><strong>pauperibus</strong></span> <span class='ocrx_word' id='word_1_295' title='bbox 1318 4564 1464 4640; x_wconf 88' lang='lat' dir='ltr'><strong>Gallicis</strong></span> <span class='ocrx_word' id='word_1_296' title='bbox 1492 4563 1537 4638; x_wconf 91' lang='lat' dir='ltr'><strong>de</strong></span> <span class='ocrx_word' id='word_1_297' title='bbox 1558 4583 1662 4658; x_wconf 76' lang='lat' dir='ltr'><strong>reguo</strong></span> 
     </span>
     <span class='ocr_line' id='line_1_34' title="bbox 338 4683 1661 4788; baseline -0.007 -25"><span class='ocrx_word' id='word_1_298' title='bbox 338 4685 524 4786; x_wconf 60' lang='lat' dir='ltr'><strong>expulsis?</strong></span> <span class='ocrx_word' id='word_1_299' title='bbox 548 4689 641 4764; x_wconf 89' lang='lat' dir='ltr'><strong>alter</strong></span> <span class='ocrx_word' id='word_1_300' title='bbox 665 4691 769 4764; x_wconf 89' lang='lat' dir='ltr'><strong>daret</strong></span> <span class='ocrx_word' id='word_1_301' title='bbox 794 4691 945 4788; x_wconf 80' lang='lat' dir='ltr'><strong>singulis</strong></span> <span class='ocrx_word' id='word_1_302' title='bbox 967 4691 1069 4764; x_wconf 88' lang='lat' dir='ltr'><strong>aliis:</strong></span> <span class='ocrx_word' id='word_1_303' title='bbox 1098 4690 1209 4764; x_wconf 91' lang='lat' dir='ltr'><strong>oredo</strong></span> <span class='ocrx_word' id='word_1_304' title='bbox 1237 4690 1334 4786; x_wconf 91' lang='lat' dir='ltr'><strong>quod</strong></span> <span class='ocrx_word' id='word_1_305' title='bbox 1357 4690 1409 4764; x_wconf 94' lang='lat' dir='ltr'><strong>illi</strong></span> <span class='ocrx_word' id='word_1_306' title='bbox 1433 4683 1661 4786; x_wconf 83' lang='lat' dir='ltr'><strong>paralreuarii</strong></span> 
     </span>
     <span class='ocr_line' id='line_1_35' title="bbox 339 4813 1660 4910; baseline -0.004 -24"><span class='ocrx_word' id='word_1_307' title='bbox 339 4813 432 4886; x_wconf 90' lang='lat' dir='ltr'><strong>male</strong></span> <span class='ocrx_word' id='word_1_308' title='bbox 451 4813 763 4910; x_wconf 81' lang='lat' dir='ltr'><strong>dispensaverunt.</strong></span> <span class='ocrx_word' id='word_1_309' title='bbox 785 4819 901 4888; x_wconf 88' lang='lat' dir='ltr'><strong>Strate</strong></span> <span class='ocrx_word' id='word_1_310' title='bbox 920 4817 1066 4890; x_wconf 88' lang='lat' dir='ltr'><strong>luerunt</strong></span> <span class='ocrx_word' id='word_1_311' title='bbox 1079 4816 1158 4889; x_wconf 91' lang='lat' dir='ltr'><strong>heri</strong></span> <span class='ocrx_word' id='word_1_312' title='bbox 1173 4839 1300 4890; x_wconf 92' lang='lat' dir='ltr'><strong>omnes</strong></span> <span class='ocrx_word' id='word_1_313' title='bbox 1313 4815 1486 4888; x_wconf 88' lang='lat' dir='ltr'><strong>mundate</strong></span> <span class='ocrx_word' id='word_1_314' title='bbox 1503 4837 1566 4910; x_wconf 92' lang='lat' dir='ltr'><strong>per</strong></span> <span class='ocrx_word' id='word_1_315' title='bbox 1580 4833 1660 4906; x_wconf 87' lang='lat' dir='ltr'><strong>quas</strong></span> 
     </span>
     <span class='ocr_line' id='line_1_36' title="bbox 338 4937 1655 5038; baseline -0.005 -28"><span class='ocrx_word' id='word_1_316' title='bbox 338 4937 463 5012; x_wconf 91' lang='lat' dir='ltr'><strong>habuit</strong></span> <span class='ocrx_word' id='word_1_317' title='bbox 488 4939 542 5012; x_wconf 92' lang='lat' dir='ltr'><strong>ire</strong></span> <span class='ocrx_word' id='word_1_318' title='bbox 567 4943 684 5036; x_wconf 89' lang='lat' dir='ltr'><strong>Papa:</strong></span> <span class='ocrx_word' id='word_1_319' title='bbox 706 4940 954 5015; x_wconf 81' lang='lat' dir='ltr'><strong>interfuerunt</strong></span> <span class='ocrx_word' id='word_1_320' title='bbox 976 4941 1100 5038; x_wconf 84' lang='lat' dir='ltr'><strong>viginti</strong></span> <span class='ocrx_word' id='word_1_321' title='bbox 1126 4965 1220 5015; x_wconf 92' lang='lat' dir='ltr'><strong>unus</strong></span> <span class='ocrx_word' id='word_1_322' title='bbox 1242 4939 1459 5028; x_wconf 89' lang='lat' dir='ltr'><strong>cardinales,</strong></span> <span class='ocrx_word' id='word_1_323' title='bbox 1479 4937 1655 5012; x_wconf 77' lang='lat' dir='ltr'><strong>videlicet:</strong></span> 
     </span>
     <span class='ocr_line' id='line_1_37' title="bbox 338 5058 1654 5163; baseline 0.004 -30"><span class='ocrx_word' id='word_1_324' title='bbox 338 5085 367 5134; x_wconf 91' lang='lat' dir='ltr'><strong>s.</strong></span> <span class='ocrx_word' id='word_1_325' title='bbox 394 5063 578 5152; x_wconf 87' lang='lat' dir='ltr'><strong>Praxedis,</strong></span> <span class='ocrx_word' id='word_1_326' title='bbox 611 5067 817 5161; x_wconf 78' lang='lat' dir='ltr'><strong>Regiensis,</strong></span> <span class='ocrx_word' id='word_1_327' title='bbox 852 5066 1103 5156; x_wconf 90' lang='lat' dir='ltr'><strong>Bononiensis,</strong></span> <span class='ocrx_word' id='word_1_328' title='bbox 1139 5065 1403 5163; x_wconf 83' lang='lat' dir='ltr'><strong>Legioniensis,</strong></span> <span class='ocrx_word' id='word_1_329' title='bbox 1434 5088 1465 5140; x_wconf 73' lang='lat' dir='ltr'><strong>s,</strong></span> <span class='ocrx_word' id='word_1_330' title='bbox 1493 5058 1654 5137; x_wconf 74' lang='lat' dir='ltr'><strong>severini,</strong></span> 
     </span>
     <span class='ocr_line' id='line_1_38' title="bbox 337 5183 1656 5288; baseline -0.004 -30"><span class='ocrx_word' id='word_1_331' title='bbox 337 5187 571 5276; x_wconf 83' lang='lat' dir='ltr'><strong>camerarius,</strong></span> <span class='ocrx_word' id='word_1_332' title='bbox 594 5191 823 5280; x_wconf 76' lang='lat' dir='ltr'><strong>Cusentinus,</strong></span> <span class='ocrx_word' id='word_1_333' title='bbox 844 5191 975 5263; x_wconf 83' lang='lat' dir='ltr'><strong>Montis</strong></span> <span class='ocrx_word' id='word_1_334' title='bbox 994 5191 1152 5288; x_wconf 80' lang='lat' dir='ltr'><strong>Regalis,</strong></span> <span class='ocrx_word' id='word_1_335' title='bbox 1172 5190 1366 5278; x_wconf 81' lang='lat' dir='ltr'><strong>Adrianus,</strong></span> <span class='ocrx_word' id='word_1_336' title='bbox 1384 5189 1573 5269; x_wconf 83' lang='lat' dir='ltr'><strong>Ascanius,</strong></span> <span class='ocrx_word' id='word_1_337' title='bbox 1592 5183 1656 5256; x_wconf 86' lang='lat' dir='ltr'><strong>Gri-</strong></span> 
     </span>
    </p>
   </div>
   <div class='ocr_carea' id='block_1_8' title="bbox 0 0 1764 6036">
    <p class='ocr_par' dir='ltr' id='par_1_9' title="bbox 0 0 1764 6036">
     <span class='ocr_line' id='line_1_39' title="bbox 0 0 1764 6036; baseline 0 3"><span class='ocrx_word' id='word_1_338' title='bbox 0 0 1764 6036; x_wconf 95' lang='lat' dir='ltr'><strong> </strong></span> 
     </span>
    </p>
   </div>
  </div>
 </body>
</html>
