3502 6036
75 599 266 665 [suavissimi]
399 597 525 658 RERUM
552 597 778 658 URBANARUM
803 599 1066 659 condensatur.
1344 605 1392 660 107

120 753 453 850 interloquendum
478 771 561 828 cum
585 777 657 827 uno
677 777 722 828 ex
742 756 1007 852 penitentiariis
1020 755 1169 830 basilica
1186 780 1215 830 s.
1235 756 1331 830 Patri
1348 755 1392 832 de

75 879 218 967 casibus,
235 879 298 975 qui
317 879 362 951 ad
385 877 543 976 collegas
571 901 657 954 suos
677 879 828 977 singulis
849 882 978 956 diebus
998 881 1225 980 perveniunt,
1246 882 1392 956 deside-

75 1004 136 1078 rari
153 1003 295 1100 aliquos
315 1002 361 1076 ab
383 1026 427 1075 eo
453 1003 668 1099 intelligere,
691 1005 752 1100 qui
778 1006 867 1078 mihi
892 1008 983 1080 dixit
1005 1007 1123 1082 varios
1144 1013 1180 1081 ot
1204 1007 1390 1082 mirabiles

73 1153 165 1202 rasus
193 1129 246 1200 eis
274 1128 421 1224 exponi,
440 1151 478 1200 se
499 1135 620 1202 tamen
642 1129 852 1228 hujusmodi
874 1133 1090 1206 memoriam
1115 1154 1188 1206 uon
1210 1131 1386 1218 retinere;

75 1277 194 1351 paucos
209 1254 255 1327 de
273 1253 405 1350 quibus
418 1253 677 1328 recordabatur
693 1255 783 1328 mibi
799 1258 972 1332 recitavit.

116 1410 130 1446 a
148 1379 352 1466 Quemdam
370 1379 641 1454 matrimonuim
660 1383 882 1456 contraxisse
900 1405 984 1456 cum
1001 1383 1133 1478 puella,
1149 1391 1184 1454 ot
1195 1387 1387 1480 postquam

72 1529 140 1580 ram
160 1507 332 1604 cognovit
357 1507 550 1582 carnaliter
572 1513 608 1582 et
626 1507 658 1581 ei
676 1509 721 1580 ad
745 1515 885 1582 certum
910 1517 1050 1606 tempus
1071 1508 1304 1601 cohabitavit,
1328 1511 1389 1584 illa

72 1633 192 1715 relicta,
222 1633 407 1708 contraxit
431 1653 515 1706 cum
543 1631 624 1719 alia,
655 1633 787 1707 deinde
808 1656 891 1706 cum
914 1633 1040 1723 tertia;
1070 1633 1166 1709 idem
1190 1635 1275 1708 lecit
1304 1658 1387 1708 cum

71 1765 185 1855 qiuarta
200 1765 235 1831 et
255 1759 310 1830 sic
334 1757 463 1832 habuit
481 1764 637 1856 quatuor
657 1781 788 1832 uxores
806 1759 912 1832 simul
929 1759 1099 1834 viventes.
1122 1761 1219 1834 idem
1239 1761 1284 1834 de
1300 1785 1389 1857 qua-

71 1884 141 1956 dam
170 1883 328 1956 muliera
353 1883 441 1958 mibi
464 1882 585 1958 retulit
606 1907 675 1982 que
697 1885 899 1958 successive
927 1909 1010 1958 cum
1029 1893 1185 1983 quatuor
1200 1886 1286 1960 viris
1305 1911 1390 1962 cou-

71 2009 160 2083 traxit
175 2008 464 2098 matrimonium,
483 2005 652 2084 omnibus
667 2017 841 2106 quartuor
855 2010 1065 2084 viventibus.

111 2135 299 2222 «Quidam
324 2135 509 2232 protessus
533 2135 735 2210 monachus
770 2160 799 2208 s.
830 2136 1016 2210 Benedicti
1046 2137 1082 2212 in
1107 2137 1389 2237 presbyteriatus

71 2261 180 2334 ardna
203 2260 427 2334 constitutus
448 2259 629 2334 contraxit
649 2261 922 2335 matrimonium
943 2285 1028 2336 cum
1044 2263 1201 2361 quadam
1218 2263 1385 2352 muliere,

70 2385 164 2484 quod,
181 2385 327 2459 carnali
347 2386 480 2482 copula
504 2387 710 2476 subsecuta,
732 2389 1014 2476 consummavit;
1036 2395 1072 2464 ot
1090 2390 1388 2464 cohabitaverunt

71 2511 218 2585 simulad
233 2511 387 2608 triginta
413 2534 528 2586 annos
553 2512 609 2586 vel
633 2512 735 2600 citra,
765 2519 801 2588 et
828 2523 1112 2610 procreaverunt
1136 2539 1198 2588 sex
1223 2515 1385 2606 soboles3

71 2644 194 2711 nortua
208 2637 346 2712 deinde
361 2635 529 2728 muliere,
543 2635 602 2711 ilie
622 2639 803 2713 contraxit
816 2639 1090 2713 matrimonium
1108 2641 1386 2731 cameliacum

72 2763 310 2859 quababitavit
320 2765 365 2837 ad
383 2771 523 2862 septem
536 2787 650 2838 annos
665 2764 720 2838 vel
732 2765 830 2839 circa
845 2773 880 2838 et
894 2787 975 2840 eam
989 2767 1185 2842 carnaliter
1202 2768 1386 2864 coguovit3

72 2891 150 2964 ronit
174 2891 218 2964 ud
241 2890 427 2988 jubileum
456 2897 491 2964 et
518 2889 594 2987 ipse
625 2891 795 2988 cognovit
826 2915 907 2988 uero
928 2915 1096 2966 errorem
1122 2917 1241 2967 suum.
1272 2895 1385 2986 Alius,

74 3023 247 3113 postquam
264 3021 496 3090 contraxerat
509 3017 783 3090 matrimonium
798 3039 880 3090 oum
896 3017 1052 3113 quadam
1068 3018 1231 3112 muliere,
1250 3026 1286 3093 et
1301 3019 1386 3092 illud

75 3141 190 3215 carnali
208 3141 345 3239 copula
362 3149 665 3230 consummasset,
687 3143 771 3215 lecit
786 3167 824 3216 se
840 3143 877 3216 in
890 3143 1142 3242 presbyterum
1158 3145 1330 3234 ordinari,
1353 3152 1388 3218 et

76 3267 242 3342 ordinatus
261 3267 440 3342 contraxit
457 3267 729 3341 matrimonium
745 3291 829 3342 cum
841 3267 915 3362 ¹alia
929 3291 1054 3342 uxore.

115 3423 128 3458 u
146 3393 301 3480 Quidam
322 3395 493 3490 cognovit
512 3394 708 3468 carnaliter
720 3395 914 3490 quamdam
930 3395 1134 3485 mulierem,
1156 3396 1287 3471 deinde
1303 3421 1388 3470 con·

77 3518 166 3592 traxit
178 3520 454 3594 matrimonium
470 3543 552 3594 cum
575 3519 649 3594 iilia
672 3521 894 3618 illiusquam
917 3522 1017 3619 prius
1042 3522 1232 3596 carnaliter
1247 3544 1384 3619 cogno-

78 3651 177 3732 i‘rrat3
197 3647 355 3722 renitad
370 3645 551 3744 jubileum
569 3648 699 3744 etipse
717 3671 803 3720 vero
822 3647 989 3745 cognovit
1005 3671 1173 3721 errorem
1192 3671 1311 3723 suum.

118 3801 131 3835 u
153 3771 308 3856 Quidam
327 3773 521 3870 presbyter
538 3772 708 3870 cognovit
725 3771 924 3846 carnaliter
942 3777 1113 3870 nepotem
1132 3797 1234 3847 suam
1253 3797 1322 3870 que
1340 3799 1386 3850 ex

80 3916 112 3967 co
126 3899 289 3994 concepit
308 3901 345 3970 et
364 3895 478 3971 filium
496 3897 652 3994 peperit,
680 3919 787 3993 quem
811 3899 1004 3996 presbyter
1030 3899 1106 3996 ipse
1129 3905 1165 3973 et
1184 3905 1288 3997 pater
1304 3907 1392 3998 post

80 4025 201 4112 padum
218 4022 417 4119 baptizavit
435 4027 471 4097 et
489 4024 613 4097 statim
632 4023 765 4097 occidit
783 4029 819 4097 et
836 4024 1000 4121 sepelivit
1018 4025 1055 4098 in
1073 4025 1229 4114 stabulo,
1245 4031 1280 4100 at
1298 4025 1389 4101 nibi-

82 4143 214 4222 lominus
242 4149 289 4222 ad
318 4149 448 4223 decem
475 4153 513 4222 et
540 4153 623 4222 octo
651 4171 766 4221 annos
787 4157 981 4246 sequentes
1004 4151 1202 4225 celebravit
1225 4151 1385 4242 missam,

81 4269 161 4344 uuila
182 4297 294 4371 super
318 4273 506 4371 premissis
530 4274 802 4372 dispensatione
825 4275 880 4348 vel
906 4275 1203 4350 rehabilitatione
1226 4278 1388 4351 obtenta.

120 4428 133 4461 «
152 4399 248 4472 Alius
267 4399 363 4472 vovit
381 4397 520 4474 intrare
538 4399 775 4497 religionem3
800 4399 944 4475 intravit
967 4401 1134 4475 ordinem
1156 4423 1184 4474 s.
1207 4402 1391 4476 Francisci

83 4519 117 4592 de
139 4525 369 4600 observantia
392 4530 429 4599 et
451 4524 546 4600 inira
563 4525 701 4622 primos
719 4532 876 4622 quatuor
895 4550 1039 4600 mensos
1062 4527 1146 4602 anni
1166 4529 1392 4625 probationis

84 4645 169 4722 exixit
185 4657 406 4725 conventum
425 4655 472 4740 et,
495 4651 653 4726 demisso
673 4652 813 4741 habitu,
837 4675 921 4725 cum
940 4653 1096 4748 quadam
1113 4653 1265 4726 muliere
1282 4651 1392 4724 mari-

86 4773 142 4845 tata
166 4777 343 4850 contraxit
366 4777 654 4866 matrimonium,
685 4801 795 4874 quam
823 4778 1006 4876 cognitam
1030 4779 1230 4852 carnaliter
1254 4775 1390 4848 dimisit

86 4901 111 4966 rt
124 4897 259 4976 intravit
276 4902 387 4976 aliam
405 4903 634 5001 religionem,
656 4927 766 5000 quam
784 4903 877 4976 inira
894 4927 1030 4976 annum
1042 4901 1270 5000 probationis
1288 4901 1390 4972 dese-

87 5021 139 5094 ruit
161 5031 192 5099 et
213 5027 393 5101 contraxit
415 5028 691 5101 matrimonium
720 5051 802 5101 cum
827 5029 899 5101 alia
926 5028 1079 5100 muliere
1103 5026 1287 5112 maritata,
1318 5048 1389 5120 qua

87 5151 257 5225 carnaliter
267 5177 428 5250 pereum
440 5155 599 5251 cognita,
616 5177 700 5226 cum
719 5153 953 5228 intellexisset
966 5177 1043 5224 esse
1055 5151 1385 5236 alteriusuxorem,

89 5267 200 5348 dimisit
220 5301 298 5350 eam
322 5284 356 5352 et
384 5279 565 5353 contraxit
594 5279 864 5352 matrimonium
891 5301 972 5351 curn
993 5277 1063 5349 alia
1086 5275 1239 5348 muliere
1259 5273 1384 5353 libera,
