3506 6034
33 535 35 542 ·
107 523 176 584 [loll
189 522 251 582 tall}
424 516 550 576 RERUM
575 517 802 575 UHBANAHUM
827 517 1090 576 CObllllEN'l'Allll.
1365 517 1417 580 243

106 701 210 773 supra,
229 675 323 748 inter
342 672 521 746 amreellos
540 672 665 746 altaris
678 673 840 770 majoriS,
860 678 895 746 et
909 673 1013 772 juxta
1029 697 1113 746 eum
1132 679 1285 769 quatuor
1301 673 1416 750 intor-

106 801 176 874 liaia
188 806 363 887 arserunt,
382 803 419 872 et
436 798 609 874 continuo
628 799 743 872 erevit
759 798 942 895 turpitudo
960 803 996 871 el
1009 797 1160 895 nigredo
1178 801 1306 890 taciei;
1325 800 1416 874 adeo

105 925 186 1020 qnod
202 925 291 998 bora
308 924 479 1020 vigesima
498 925 615 1010 tertia,
637 947 709 1020 qua
729 947 813 998 eum
836 923 923 1013 vidi,
948 924 1063 998 laetus
1088 929 1142 998 est
1161 925 1254 997 siout
1277 949 1416 1022 pannus

103 1049 149 1122 rel
177 1072 295 1122 morus
328 1047 559 1148 nigerrimus,
597 1047 718 1120 livoris
751 1053 848 1121 totus
881 1047 1021 1144 plenus,
1058 1072 1167 1122 nasus
1197 1049 1340 1146 plenus,
1377 1074 1416 1122 os

102 1173 360 1270 amplissimum,
384 1173 508 1268 lingna
529 1172 662 1268 duplex
685 1172 722 1244 in
750 1196 826 1261 ore,
858 1195 928 1270 qne
949 1172 1046 1247 labia
1068 1177 1143 1247 lota
1166 1173 1351 1270 implebat,
1377 1199 1417 1247 os

102 1303 251 1394 apertum
277 1305 313 1373 el
341 1299 434 1372 adeo
459 1297 634 1370 horribile
662 1297 761 1392 quod
785 1321 894 1371 nemo
917 1298 1047 1370 viderit
1072 1321 1229 1395 unquam
1256 1299 1311 1373 val
1336 1323 1416 1372 esse

102 1423 158 1496 lale
181 1422 308 1495 dixerit
331 1423 391 1522 (t).
418 1425 457 1496 ln
482 1445 577 1508 sero,
604 1427 685 1519 posl
704 1421 826 1519 viginti
853 1430 1010 1518 quatuor
1032 1423 1155 1510 boras,
1179 1428 1343 1520 portatus
1363 1431 1417 1498 est

100 1547 137 1619 de
152 1545 242 1620 dicto
261 1547 343 1620 loeo
362 1548 407 1620 ad
425 1547 600 1642 capellam
612 1540 664 1620 'de
685 1546 861 1619 l'ebribns
878 1553 911 1620 et
932 1547 1137 1644 depositum
1151 1547 1253 1645 juxta
1271 1571 1417 1621 murum

100 1673 128 1744 in
155 1673 280 1768 angulo
317 1673 363 1745 ad
393 1672 573 1745 sinisiram
602 1671 723 1746 altaris
757 1697 823 1769 per
849 1696 912 1746 sex
948 1671 1102 1748 bilulaos
1133 1697 1198 1746 sen
1233 1673 1417 1748 laeebinos

98 1795 247 1871 ludentes
266 1801 302 1870 et
328 1801 530 1871 annuentes
552 1797 652 1870 eirea
671 1799 819 1894 Papam,
849 1803 884 1871 el
909 1799 1001 1872 dnos
1026 1799 1219 1896 magistros
1246 1799 1417 1897 lignarios

98 1923 147 2017 qni
163 1945 305 2020 sapsam
325 1921 491 1998 lecerunt
508 1923 614 1995 nimis
633 1923 794 1996 siriciam
812 1931 848 1996 el
863 1923 971 1996 nimis
984 1928 1140 1998 curtam.
1159 1927 1418 1999 Assetaverunt

98 2047 153 2119 sibi
174 2047 215 2120 de
237 2055 343 2145 parte
366 2055 535 2147 mytram,
560 2055 595 2120 el
617 2055 883 2146 cooperuerunt
911 2071 994 2122 enm
1014 2073 1097 2122 cum
1127 2049 1273 2146 antiquo
1296 2054 1417 2148 tapete

98 2178 126 2245 el
148 2197 225 2246 enm
248 2175 381 2272 pugnis
407 2173 630 2269 pistaverunl
655 2199 739 2246 eum
767 2181 805 2248 ul
829 2198 974 2272 capsam
1002 2173 1171 2265 intraret,
1203 2175 1281 2248 sine
1307 2175 1420 2250 inlor·

100 2296 178 2370 liciis
202 2297 256 2372 vel
280 2299 419 2372 lumine
436 2298 557 2394 aliquo
575 2299 787 2400 presbytero
806 2300 861 2373 vel
883 2325 1042 2396 persona
1063 2323 1136 2372 nna
1153 2323 1222 2396 que
1239 2301 1318 2398 ejus
1335 2323 1417 2374 eor-

29 2495 32 2502 ,
101 2445 291 2517 passuram
311 2423 480 2497 baberet.
502 2427 578 2497 lloe
597 2429 639 2497 D.
662 2423 899 2522 Clrrispolitus
918 2449 946 2497 s.
971 2424 1066 2498 Petri
1086 2423 1176 2496 mihi
1194 2425 1331 2500 retulit.

138 2547 260 2622 Silvius
280 2548 441 2623 Savellus
468 2548 576 2622 hodie
601 2549 741 2650 aceepit
766 2549 1035 2646 possessionem
1053 2549 1183 2622 domos
1203 2573 1266 2624 suo
1284 2555 1320 2622 el
1336 2573 1416 2624 oar-

98 2672 180 2745 aeris
200 2674 358 2763 Sabelle,
388 2681 423 2748 el
457 2673 577 2747 emisit
609 2697 736 2748 omnes
765 2675 933 2748 detentos
963 2675 1076 2747 libere
1109 2673 1218 2748 exire.
1250 2675 1416 2773 Quinque

99 2796 197 2870 millia
212 2798 323 2872 rubra
340 2797 504 2896 grauida
524 2823 552 2871 s.
575 2798 675 2872 Sixto
692 2799 815 2872 eduxit
833 2798 957 2871 disens
973 2798 1018 2871 de
1035 2799 1108 2871 suis
1125 2798 1416 2896 possessionibus

99 2943 165 2992 esse
192 2927 349 3019 portata,
382 2929 418 2996 el
445 2923 488 2996 de
520 2921 672 2996 Sabellis
703 2929 738 2996 et
765 2923 809 2996 de
835 2949 864 2996 s.
889 2923 986 3003 Petri
1018 2923 1063 2996 ad
1089 2922 1242 2998 Vincula
1269 2925 1416 2999 luerunt

97 3051 223 3120 extorta
244 3053 281 3122 el
305 3047 500 3121 distributa
524 3071 589 3144 pro
610 3049 781 3120 Romanis
797 3054 905 3144 atque
930 3049 1096 3138 ducibus,
1123 3055 1160 3122 el
1184 3049 1295 3122 rubra
1311 3050 1413 3147 grani

97 3170 287 3263 delibare,
308 3173 404 3270 quod
423 3173 488 3246 luit
507 3197 535 3248 s.
556 3173 685 3270 Angeli
706 3172 715 3271 (
741 3173 765 3266 l.

248 3345 397 3434 Saoitia,
417 3345 554 3434 lusidio,
572 3346 697 3430 radios,
717 3349 838 3446 saror,
857 3347 923 3436 ira,
944 3347 1062 3438 libido,

327 3471 525 3569 Sanpainr's
541 3485 647 3570 atpae
661 3473 742 3544 aori
756 3473 904 3569 sporrpio
920 3472 997 3544 dira
1014 3472 1104 3562 silis,

249 3598 383 3672 Sealas
401 3597 622 3688 Alaaaader,
638 3597 740 3693 jaceo
757 3597 837 3669 bie:
853 3596 932 3692 jana
950 3597 1058 3670 libera
1076 3594 1207 3693 parade,

325 3721 456 3815 Roma,
475 3721 537 3796 libi
551 3723 718 3820 quoniam
733 3747 827 3795 mors
842 3747 920 3796 orrea
936 3722 1006 3795 nita
1022 3721 1111 3821 fait.

247 3849 380 3923 Sestos
394 3847 602 3920 Alabanda·
621 3847 770 3919 renatavit
782 3847 921 3920 redibas
940 3847 1069 3934 orbern,

327 3973 464 4048 Tertius
480 3985 519 4046 at
530 3983 674 4069 reparat
686 3973 827 4058 norrrr'ae
841 3997 947 4070 reque
964 3973 1067 4047 Pius.

125 4199 146 4254 l.
162 4221 174 4250 a
232 4218 250 4258 a
265 4215 438 4256 mezzozorno
448 4197 517 4270 (eloe
531 4197 575 4270 29)
590 4197 618 4254 ln
632 4202 740 4271 portato
750 4197 784 4253 de
798 4213 873 4253 more
885 4196 914 4272 (il
928 4195 1066 4270 paulillus)
1079 4197 1104 4252 in
1116 4197 1210 4254 chiesa
1221 4198 1248 4254 di
1260 4215 1310 4254 san
1325 4197 1415 4256 Pielro

96 4295 262 4356 amonstralo
277 4289 303 4346 al
321 4287 434 4362 popolo;
450 4295 551 4356 tamen,
565 4304 614 4360 per
636 4303 712 4342 esser
724 4288 748 4342 el
763 4285 810 4360 piu
824 4285 927 4356 brello,
944 4294 1119 4344 monstruoso
1141 4293 1169 4345 el
1186 4288 1319 4345 horrendo
1333 4305 1415 4361 corpo

95 4372 208 4436 dimurlo
229 4379 281 4436 che
295 4377 319 4434 si
343 4375 459 4434 uedesse
479 4375 542 4445 mai,
567 4393 648 4432 senza
662 4375 741 4432 alena
768 4376 852 4432 torma
873 4379 907 4431 ne
931 4376 1021 4448 ligura
1035 4376 1069 4432 de
1090 4394 1163 4442 omo,
1178 4378 1214 4433 da
1235 4393 1375 4452 vergogna
1389 4375 1414 4432 lo

96 4466 195 4525 tenuero
209 4487 245 4525 un
260 4487 342 4543 pezzo
361 4474 482 4540 roperto,
498 4465 570 4540 epoi
585 4464 677 4522 avanti
701 4463 726 4521 el
742 4465 782 4521 sol
796 4483 813 4521 a
828 4471 918 4520 merila
940 4463 966 4521 lo
981 4464 1104 4538 sepelite,
1119 4468 1295 4523 adstantibus
1310 4467 1414 4522 dnobus

95 4557 268 4616 cardinalibus
283 4557 311 4613 di
334 4555 395 4613 suoi
410 4555 437 4611 di
463 4553 588 4612 Palazzo.
615 4553 823 4624 »Giustinianl
847 4561 867 4610 l.
885 4553 920 4624 ll,
937 4573 964 4628 p.
982 4555 1073 4610 tal-5.
1096 4555 1129 4611 El
1144 4554 1285 4623 Coslabili,
1302 4573 1335 4611 en
1350 4555 1414 4610 date

95 4641 124 4697 du
137 4650 217 4704 meme
228 4647 294 4722 jour
311 4648 368 4717 (19)
385 4661 391 4700 :
409 4669 423 4696 ιι
438 4644 469 4700 ΕΙ
485 4661 567 4718 corpo
580 4642 624 4699 del
643 4644 718 4716 l‘apa
732 4644 768 4699 ha
783 4649 854 4699 slato
868 4649 928 4700 luto
943 4643 989 4716 ogi
1004 4642 1032 4698 in
1047 4643 1150 4699 Sana-lo
1166 4643 1258 4710 Petro,
1276 4649 1412 4715 seoperto,

96 4747 163 4790 cossa
175 4734 344 4794 brullissima
358 4734 393 4790 da
407 4735 514 4803 vedere,
530 4751 616 4806 aegro
631 4739 659 4790 et
671 4733 804 4804 gonlialo,
820 4737 848 4788 el
863 4750 910 4806 per
924 4731 999 4788 molti
1013 4750 1044 4788 se
1058 4731 1156 4789 dubilo
1170 4749 1224 4787 uon
1241 4729 1259 4785 li
1274 4729 1316 4786 sia
1331 4729 1413 4788 intra·

96 4829 181 4880 renato
194 4843 311 4883 veneno.
330 4846 344 4876 u
360 4825 453 4896 (Arete.
471 4824 503 4880 de
518 4822 653 4894 lloaltae),
671 4823 721 4890 nl,
733 4840 767 4878 en
783 4827 856 4890 uota,
873 4827 900 4877 el
913 4821 983 4877 dans
994 4818 1217 4876 Pelrueellidella
1230 4819 1352 4888 Gallina,
1364 4819 1412 4892 qui

95 4910 201 4981 apublie
214 4913 240 4971 la
251 4911 405 4970 traduction
420 4913 470 4968 des
482 4912 618 4984 deptclres
633 4911 666 4966 de
679 4909 894 4966 l'ambassadeur
909 4910 946 4965 du
961 4909 1014 4965 due
1029 4909 1062 4965 de
1075 4909 1194 4965 l'errare.
1209 4912 1281 4965 llist.
1296 4910 1410 4979 diplom.

96 4997 134 5053 das
146 5001 295 5071 enatares,
305 5009 327 5060 t.
341 5002 362 5071 l,
379 5021 406 5076 p.
422 5001 475 5058 435
489 5007 517 5058 et
531 4999 608 5058 suiv.
913 5021 916 5025 ·

15 5079 16 5152 ᾖ
123 5089 146 5143 2.
166 5089 297 5159 balexle,
314 5089 461 5166 incomplel
483 5091 553 5147 dans
568 5098 630 5148 tous
646 5089 685 5147 les
702 5107 782 5161 mss,
798 5095 841 5148 est
855 5089 903 5146 des
917 5089 979 5164 plus
995 5089 1123 5147 obseura.
1142 5088 1181 5146 Le
1199 5095 1271 5148 texta
1292 5089 1327 5147 du
1344 5108 1411 5149 mss.
1505 5126 1507 5132 ·

15 5163 17 5244 l
97 5172 175 5252 eligi,
189 5180 235 5241 tol.
254 5183 281 5252 7,
298 5185 370 5238 aete
386 5179 457 5238 snivi
476 5179 519 5237 iel.
