3506 6034
90 499 298 560 [Octobre'lbttt
418 493 544 550 RERUM
567 492 792 550 URBANARUM
817 491 1080 551 COMMENTARll.
1363 501 1410 555 221

88 650 258 723 memorie
268 649 1069 746 cardinalisMutinensisettlapuani.Missam
1080 649 1276 723 celebravit
1287 655 1411 724 Rmus.

88 781 125 850 b.
145 775 338 850 cardinalis
355 775 573 848 Cusentinus
593 775 632 848 in
651 774 788 872 capella
805 782 842 846 et
857 774 961 847 altari
981 774 1084 847 beate
1099 775 1213 849 Maria
1229 775 1274 849 de
1291 775 1417 848 Febri-

86 901 160 988 bus,
176 902 284 998 juxta
301 899 488 972 basilicam
501 924 531 972 s.
560 899 668 973 Petri.
689 904 854 974 Castrum
869 899 1017 990 doloris,
1042 900 1124 973 loca
1142 900 1366 974 funestorum
1380 908 1416 976 et

86 1025 350 1100 intorticiorum
376 1031 411 1099 et
435 1024 558 1098 omnia
584 1025 654 1097 alia
681 1029 807 1121 parata
834 1027 918 1096 sunt
945 1031 1053 1121 prout
1080 1024 1117 1097 in
1144 1025 1305 1121 exequiis
1320 1027 1415 1100 bone

85 1149 257 1223 memorie
283 1149 432 1222 ulterius
457 1147 648 1222 cardinalis
672 1149 844 1244 Capuani,
867 1149 974 1246 hujus
994 1149 1279 1246 predecessoris,
1308 1156 1417 1248 prout

84 1275 167 1346 mibi
185 1274 254 1347 luit
271 1273 437 1346 relatum.
457 1271 585 1346 Nescio
596 1272 657 1368 qui
669 1270 872 1345 cardinales
882 1271 1113 1345 absolverunt
1130 1277 1211 1370 post
1223 1274 1368 1348 missam
1381 1282 1417 1347 et

84 1398 299 1482 orationem,
319 1397 404 1492 quia
418 1396 528 1470 etiam
547 1395 668 1469 socius
691 1419 794 1469 meus
821 1419 895 1470 non
918 1396 1082 1470 interfuit
1104 1397 1150 1470 ob
1169 1397 1416 1472 infirmitatem

85 1545 190 1618 quam
210 1523 248 1594 iu
267 1522 449 1594 dominica
466 1521 686 1618 precedente
714 1521 851 1594 incidit.
883 1519 1010 1595 Clerici
1031 1521 1254 1618 campanarii
1280 1522 1418 1619 capelle
1472 1609 1475 1615 ¹

86 1656 210 1721 nostre
239 1647 406 1721 feceruut
431 1669 497 1742 pro
522 1645 626 1720 nobis
643 1645 805 1719 olficium
826 1645 932 1733 male,
954 1667 1028 1718 non
1048 1645 1186 1720 dubito.
1206 1647 1415 1722 Orationem

86 1771 166 1843 lecit
186 1769 358 1843 Camillus
379 1768 583 1858 porcarius,
602 1767 734 1841 nobilis
749 1772 948 1842 Romanus.

130 1895 240 1968 Feria
254 1893 392 1990 quinta,
413 1899 451 1966 lt
472 1892 559 1967 dicti
576 1893 712 1966 mensis
725 1892 881 1989 augusti,
899 1894 977 1967 dies
991 1892 1237 1968 anniversaria
1253 1907 1420 1994 assump'-

86 2021 192 2094 tionis
216 2021 281 2093 SS.
299 2023 341 2092 D.
360 2019 473 2092 nostri
494 2018 689 2093 Alexandri
703 2022 762 2108 Vl,
787 2023 911 2092 Rmus.
931 2023 974 2093 D.
994 2018 1186 2094 cardinalis
1205 2021 1420 2095 Cusentinus

5 2211 9 2224 ,
86 2143 287 2218 celebravit
303 2145 453 2218 missam
472 2143 674 2217 solemnem
698 2145 734 2215 in
755 2143 894 2241 capella
916 2144 1067 2243 majore,
1097 2148 1194 2240 Papa
1218 2154 1418 2242 presente:

87 2271 220 2356 omnia,
242 2280 281 2344 ut
296 2269 469 2359 intellexi,
488 2273 571 2342 sunt
588 2277 669 2342 acta
685 2291 787 2343 more
805 2269 925 2342 solito.

133 2394 243 2467 Faria
259 2397 374 2484 sexta,
402 2399 447 2467 26
470 2393 634 2493 ejusdem
653 2393 788 2467 mensis
806 2392 959 2490 augusti,
988 2395 1066 2468 dies
1084 2396 1329 2472 anniversaria
1353 2402 1417 2474 SS.

90 2523 130 2592 u.
159 2519 279 2596 nostri
304 2518 471 2616 predicti,
499 2523 623 2592 Rmus
656 2521 698 2592 l).
728 2519 920 2594 cardinalis
946 2519 1202 2617 Agrigentinus
1229 2523 1421 2597 celebravit

88 2646 238 2720 missam
256 2644 459 2719 solemnem
477 2644 514 2717 in
530 2643 668 2741 capella
686 2645 905 2741 supradicta,
928 2649 1025 2742 Papa
1039 2652 1224 2743 presente,
1243 2648 1302 2744 qui
1318 2673 1421 2722 rece-

90 2771 137 2866 pit
165 2772 205 2844 in
230 2769 409 2867 prelatum
428 2793 533 2844 suum
562 2768 791 2843 assistentem
817 2774 857 2842 R.
879 2769 916 2842 in
946 2769 1088 2844 Christo
1111 2773 1148 2845 P.
1168 2775 1210 2844 D.
1231 2773 1422 2846 Bartholo-

2 2875 3 2882 ἵ
89 2919 225 2984 meum,
261 2896 419 2970 electum
442 2894 718 2993 ,Bellunensem
752 2901 922 2991 nepotem
961 2895 1054 2970 Rmi.
1093 2900 1136 2969 D.
1171 2897 1363 2970 cardinalis
1391 2923 1420 2971 s.

89 3021 230 3119 Angeli,
250 3022 310 3095 cui
333 3021 509 3095 Sanctitas
528 3044 594 3093 sua
616 3020 798 3095 mandavit
819 3021 897 3094 dori
921 3021 1041 3094 lucum
1066 3022 1163 3096 inter
1194 3023 1421 3114 assistentes,

91 3153 124 3219 et
149 3146 274 3221 socius
291 3169 394 3219 meus
418 3145 519 3218 dedit
535 3151 618 3242 post
641 3148 685 3218 b.
713 3144 927 3234 auianum,
958 3145 1169 3244 episcopum
1194 3147 1423 3222 Herlordien-

91 3295 180 3358 sem,
200 3271 443 3345 secretarium
462 3274 571 3368 Pape,
594 3275 682 3342 tunc
702 3269 870 3342 ultimum
894 3269 1138 3362 assistentem,
1166 3272 1250 3346 licet
1267 3272 1328 3346 hic
1344 3273 1423 3348 Bel·

90 3397 251 3471 luuensis
279 3401 377 3470 esset
394 3396 587 3492 episcopus
606 3419 669 3467 seu
687 3394 838 3474 electus,
864 3393 910 3467 ad
930 3394 1076 3468 circiter
1101 3402 1174 3470 tres
1205 3420 1321 3470 annos
1338 3404 1421 3472 ante

91 3522 296 3618 predictum
314 3520 510 3594 adrianum
531 3519 588 3593 eui
612 3523 693 3616 post
709 3519 868 3592 reditum
893 3541 1016 3592 meum
1031 3521 1077 3593 ad
1094 3521 1241 3610 Urbem,
1260 3545 1421 3596 errorem

95 3647 161 3720 loci
178 3645 394 3744 hujusmodi
414 3645 711 3734 commemoravi,
736 3643 797 3738 qui
820 3643 909 3716 mihi
934 3644 1123 3741 respondit
1138 3669 1176 3718 se
1196 3645 1422 3719 existimasse

94 3771 185 3844 iuter
201 3771 415 3844 assistentes
433 3769 600 3843 ordinem
617 3767 840 3865 receptionis
859 3768 904 3842 ad
922 3769 1166 3842 assistentiam
1191 3776 1226 3844 et
1243 3795 1316 3845 non
1343 3794 1425 3867 pro-

96 3895 266 3970 motionis
297 3895 343 3967 ad
373 3893 620 3991 pontificalem
652 3893 885 3990 dignitatem;
908 3898 944 3966 et
975 3893 1005 3966 si
1042 3893 1152 3969 modo
1178 3894 1229 3968 illi
1259 3896 1422 3986 cederet,

96 4027 377 4116 recognosceret
404 4041 567 4092 errorem
594 4041 700 4090 suum
726 4019 824 4114 quod
849 4023 945 4092 esset
969 4017 1036 4092 sibi
1062 4019 1291 4111 verecundia,
1314 4043 1423 4118 prop-

97 4143 329 4218 tereanoluit
354 4143 485 4218 cedere
510 4165 579 4216 nec
603 4164 671 4238 ego
689 4141 783 4215 volui
804 4141 841 4214 in
859 4142 928 4215 hoc
953 4143 1186 4227 severitatem
1213 4145 1422 4233 ostendere,

98 4291 179 4342 aum
203 4269 337 4344 scirem
356 4267 556 4342 Adrianum
581 4289 654 4340 nou
679 4266 793 4339 multo
817 4271 981 4364 tempore
1008 4269 1044 4340 in
1061 4267 1123 4342 illo
1148 4269 1229 4342 loco
1254 4291 1425 4365 perman-

100 4417 220 4467 surum
236 4395 302 4468 sed
313 4398 565 4467 assecuturum
584 4390 829 4465 cardinalatus
844 4391 1022 4466 honorem
1039 4391 1049 4490 (
1075 4391 1099 4491 ).

147 4519 248 4593 Faria
270 4517 442 4606 secunda,
465 4517 592 4590 ultima
615 4516 750 4590 mensis
777 4515 948 4608 octobris,
967 4517 1089 4616 vigilia
1104 4519 1267 4593 omnium
1287 4525 1431 4593 sancto-

101 4667 192 4734 rum,
211 4643 363 4718 mutatio
380 4665 590 4741 capparum,
610 4643 755 4715 luerunt
768 4665 915 4739 vespere
929 4643 1077 4739 papales
1093 4643 1131 4715 in
1142 4645 1281 4741 capella
1293 4645 1430 4741 majore

62 4774 67 4785 '
104 4771 199 4864 Papa
213 4774 380 4868 presente
395 4795 403 4856 ;
421 4774 457 4842 et
473 4767 614 4854 martis,
636 4772 650 4838 t
670 4765 888 4856 novembris,
906 4767 998 4840 lesto
1017 4767 1179 4841 omnium
1203 4773 1427 4856 sanctorum,

104 4892 213 4967 missa
228 4893 400 4969 solemnis
419 4892 455 4964 in
473 4890 602 4966 eadem
623 4891 776 4988 capella,
794 4914 903 4988 quam
921 4892 1115 4968 celebravit
1138 4897 1263 4966 Rmus.
1283 4897 1324 4966 u.
1348 4915 1428 4966 ear·

144 5172 168 5226 l.
183 5169 335 5246 Lejourual
349 5169 383 5227 de
396 5165 535 5226 Burcbard
550 5169 675 5240 prasente
692 5165 852 5224 unelaeune
867 5169 900 5225 de
912 5167 986 5224 deux
1002 5166 1081 5227 mois.
