3590 6042
117 593 295 672 [vairrlbtl]
417 583 545 642 RERUM
569 581 796 641 URBANARUM
820 581 1083 640 COMMENTARll.
1376 580 1410 634 97

112 745 214 818 tardis
227 746 387 838 quartam
402 746 542 837 partem
557 737 651 810 illius
666 737 771 834 pretii
787 736 885 834 quod
900 734 1078 808 visitando
1090 732 1218 806 limina
1232 731 1413 829 apostolo-

110 893 175 943 rum
193 865 281 942 Petri
301 871 337 939 et
360 864 474 952 Pauli,
492 867 526 937 et
547 861 635 934 alias
656 861 825 936 basilicos
845 861 940 934 dicte
963 858 1080 946 Urbis,
1102 864 1138 932 et
1153 863 1254 931 extra
1268 879 1350 930 eam
1368 855 1415 930 ad

108 995 136 1067 id
149 995 337 1090 deputatas,
356 989 477 1062 tamin
493 985 614 1063 eundo
628 987 673 1062 de
687 986 779 1061 locis
791 985 865 1060 suis
876 985 922 1060 ad
938 985 1072 1060 Urbem
1088 981 1290 1082 predictam
1305 1007 1414 1079 quem

109 1115 270 1191 redeundo
285 1114 330 1188 de
345 1113 474 1187 eadem
490 1111 534 1186 ad
557 1133 683 1186 corum
705 1110 786 1185 locs
800 1109 975 1207 predicta,
997 1109 1238 1184 verisimiliter
1254 1133 1415 1206 expone-

109 1247 185 1330 rent,
209 1239 262 1313 rel
286 1239 375 1312 alias
397 1239 500 1335 juxta
527 1235 642 1308 nuntii
668 1240 704 1308 et
724 1234 964 1308 commissarii
990 1257 1033 1309 ac
1062 1234 1352 1332 deputandorum
1380 1241 1417 1308 et

109 1363 441 1462 subdelegandorum
458 1359 989 1460 predictorumJordinationem
1009 1383 1073 1435 seu
1095 1359 1283 1434 arbitrium
1306 1361 1418 1435 elfec-

109 1491 231 1565 tualiler
255 1488 457 1588 posuerint,
489 1485 633 1562 etiamsi
661 1485 799 1560 dictum
826 1485 1006 1583 J‘ubileum
1035 1485 1107 1560 hoo
1131 1509 1226 1560 anno
1255 1483 1292 1556 in
1321 1483 1418 1557 dicta

110 1616 188 1690 Urbe
203 1613 256 1688 vel
275 1614 360 1688 alibi
378 1610 589 1710 consequuti
611 1610 776 1700 tuissent,
796 1610 963 1685 eamdem
988 1633 1136 1709 prorsus
1156 1609 1417 1708 indulgentiam

108 1737 177 1810 noni
191 1735 314 1835 J'ubilei
335 1743 372 1810 et
389 1735 640 1835 plenissimam
660 1743 896 1834 peccatorum
914 1759 1064 1810 suorum
1085 1735 1353 1826 remissionem,
1376 1759 1418 1810 ac

108 1885 176 1936 rum
186 1861 367 1937 ditissimo
382 1861 716 1938 reconciliationem
732 1861 840 1935 etiam
856 1869 1014 1937 asancte
1031 1863 1208 1936 memorie
1224 1861 1419 1960 predeces-

108 1987 229 2061 soribus
261 1987 471 2062 nostrised
503 1985 820 2084 recuperationem
848 1987 957 2062 Terre
988 1992 1127 2078 sancte,
1155 1993 1193 2098 et
1218 1991 1418 2061 Turcarum

109 2112 300 2188 eommdem
321 2113 628 2210 expugnationem
649 2112 802 2185 concedi
824 2111 981 2196 solitam,
1004 2118 1287 2210 consequantur,
1310 2135 1419 2210 quam
1532 2177 1534 2181 ,

108 2245 412 2335 consequerentur,
432 2237 460 2311 si
476 2237 635 2334 presenti
658 2260 753 2309 anno
770 2237 900 2335 jubilei
919 2238 1130 2336 hujusmodi
1151 2241 1303 2312 Romam
1321 2244 1354 2312 et
1376 2238 1421 2312 ad

108 2363 408 2460 recuperationem
436 2361 645 2460 hujusmodi
671 2367 707 2435 et
735 2362 1041 2460 expugnationem
1068 2361 1221 2459 proiecti
1250 2361 1417 2452 tuissent,

108 2509 247 2562 necnon
271 2487 442 2562 basilicas
463 2497 498 2562 et
520 2493 693 2568 ecclesias
716 2490 762 2564 od
783 2491 818 2566 id
833 2491 871 2563 in
889 2490 1018 2564 eadem
1043 2491 1136 2564 Urbe
1156 2497 1192 2566 et
1215 2497 1320 2565 extra
1339 2515 1420 2564 eam

111 2612 296 2710 deputatas
314 2614 419 2710 juxta
434 2623 597 2691 nostram
618 2623 654 2693 et
673 2619 974 2716 predecessorum
994 2622 1203 2690 nostrorum
1227 2617 1422 2690 ordinatio-

111 2760 180 2812 nem
214 2739 418 2838 predictam
457 2742 699 2837 personaliter
729 2743 918 2816 visitarent
951 2749 988 2814 el
1018 2741 1267 2817 visitavissent.
1303 2745 1347 2814 Et
1383 2750 1422 2814 ut

112 2859 219 2936 fideles
239 2863 313 2960 ipsi
330 2864 538 2960 hujusmodi
557 2866 781 2964 indulgentie
803 2865 1031 2941 commodius
1050 2867 1190 2963 possint
1210 2865 1289 2940 lieri
1310 2867 1422 2964 parti-

112 2986 205 3084 cipes,
222 2989 391 3086 predicto
403 2992 528 3064 nuntio
542 2997 579 3068 et
597 2993 861 3082 commissario,
882 2991 926 3064 de
942 2991 1046 3089 cujus
1066 2991 1301 3088 providentia,
1327 2991 1422 3066 inte·

111 3111 222 3206 gritatc
241 3120 276 3188 et
304 3113 452 3189 solertia
474 3116 510 3190 in
536 3117 592 3191 bis
619 3125 655 3193 et
677 3117 755 3192 aliis
780 3115 975 3214 specialem
1003 3115 1040 3187 in
1068 3115 1222 3188 Domino
1251 3115 1422 3189 fiduciam

112 3236 315 3332 obtinemus,
327 3263 393 3337 per
407 3263 447 3315 se
459 3242 514 3316 vel
525 3243 711 3340 paralium
726 3267 790 3316 seu
807 3242 908 3331 alios,
927 3240 1056 3338 quibus
1072 3239 1167 3314 vices
1182 3263 1264 3313 suas
1279 3240 1424 3316 duxerit

112 3364 388 3456 committendas,
412 3367 626 3442 auctoritate
643 3375 781 3458 nostra,
805 3366 1056 3462 ecclesiisque
1076 3371 1269 3462 propterea
1289 3366 1423 3440 visitari

112 3485 247 3563 debeant
267 3490 480 3565 declarandi
501 3498 538 3566 et
554 3493 590 3565 in
611 3491 771 3590 qualibet
789 3490 1001 3566 earumdem
1019 3487 1131 3564 semel
1147 3489 1204 3562 vel
1221 3490 1423 3564 successive

112 3619 231 3690 certum
264 3640 463 3692 numerum
493 3603 802 3717 presbyterorum,
837 3614 1091 3712 religiosorum
1120 3613 1177 3688 vel
1206 3615 1423 3690 secularium

112 3738 259 3815 ordinum
275 3761 605 3839 quommcumque,
626 3741 736 3818 etiam
754 3740 1051 3828 mendicantium,
1071 3739 1180 3814 etiam
1196 3741 1423 3816 observantie

114 3863 283 3958 regularis,
304 3866 350 3939 de
366 3885 437 3962 quo
456 3865 523 3938 sibi
539 3865 718 3940 videbitur
730 3866 776 3940 ad
790 3865 1011 3940 audiendum
1029 3867 1242 3940 eorumdem
1260 3866 1422 3941 fidelium

113 4003 165 4078 pro
194 3987 422 4086 indulgentia
454 3989 683 4064 alssuentium
720 3990 967 4066 consessiones
1002 3989 1212 4087 deputandi,
1247 3999 1283 4068 et
1314 3995 1423 4070 etiam

113 4105 232 4184 eisdem
246 4113 473 4211 presbyteris
494 4113 719 4189 secularibus
742 4115 797 4191 rel
812 4116 1039 4214 regularibus
1058 4141 1150 4214 quos
1172 4143 1239 4216 per
1258 4122 1423 4194 nuntium

115 4237 142 4303 et
154 4237 437 4311 commissarium
455 4239 502 4313 ad
517 4239 744 4337 deputandos
764 4245 801 4315 et
816 4241 1106 4339 subdelegandos
1124 4245 1308 4342 predictos
1326 4248 1371 4320 ad
1390 4247 1425 4320 id

115 4354 261 4454 deputari
276 4363 484 4460 contigerit,
500 4387 615 4462 usque
630 4365 676 4438 ad
692 4369 837 4461 tempus
852 4389 919 4462 per
935 4390 998 4440 eos
1013 4368 1279 4466 prefigendum,
1298 4393 1425 4445 eorum

115 4479 259 4559 fidelium
284 4487 514 4563 confessione
543 4489 739 4587 diligenter
765 4487 888 4563 audita
915 4513 981 4588 pro
1008 4492 1212 4582 commissis
1237 4517 1304 4592 per
1327 4494 1426 4591 ipsos

116 4603 229 4683 Christi
244 4609 373 4686 fideles
393 4613 565 4706 excessiS,
588 4611 814 4704 criminibus,
834 4615 1004 4690 videlicet
1020 4617 1254 4713 quibuslibet,
1273 4617 1426 4694 etiamsi

117 4729 187 4806 talia
200 4733 319 4811 forent
335 4745 569 4836 propterque
585 4739 690 4814 sedes
705 4739 908 4834 apostolica
921 4745 1015 4814 esset
1031 4743 1279 4837 quovismodo
1295 4745 1426 4817 merito

117 4859 337 4954 consulendo,
355 4864 649 4952 masculanum,
668 4863 831 4936 censuris
847 4870 884 4937 et
899 4867 1003 4962 penis
1024 4869 1278 4943 ecclesiasticis
1297 4870 1426 4964 quibus

117 4986 373 5072 quomodolibet
396 4988 498 5084 ligati
526 4988 657 5078 lorent,
688 4987 742 5060 eis
763 4985 807 5058 de
834 4989 1073 5064 absolutionis
1098 4993 1220 5066 debile
1247 4994 1426 5068 beneficio

116 5107 326 5201 providendi,
356 5115 393 5186 ct
416 5112 655 5210 penitentiam
680 5114 874 5188 salutarem
901 5115 1127 5215 injungendi,
1148 5143 1215 5193 nec
1243 5142 1317 5192 non
1347 5127 1429 5194 vota

117 5249 330 5333 quecumque
349 5260 416 5336 per
434 5261 497 5313 eos
519 5237 664 5329 emissa,
692 5243 771 5314 voto
794 5239 981 5337 religionis
1003 5241 1176 5320 duntaxat
1196 5252 1361 5354 excepto,
1390 5245 1427 5317 iu

246 5401 269 5441 r.
290 5405 326 5444 ur.
1268 5399 1286 5452 7
