3590 6042
121 632 314 700 [sauvissima
445 631 571 692 acuon
595 631 823 694 onaaaanun
848 631 1108 694 counanraan.
1409 637 1443 697 ol

122 793 236 864 fluas.
258 791 302 862 ll.
326 787 518 866 cardinalis
541 790 571 864 s.
595 789 768 867 Praxodis
787 790 823 864 in
844 785 985 887 capella
1004 783 1177 889 predicta,
1196 792 1289 866 inlru
1311 783 1442 870 missa·

119 937 193 988 rum
213 935 279 1009 per
300 936 388 988 eum
410 914 675 990 celebratarum
698 915 891 1006 solemnia,
914 912 1165 990 assistentibus
1190 909 1258 991 sibi
1282 921 1358 992 Dl).
1382 923 1444 994 Jo-

120 1041 230 1114 honne
246 1040 525 1139 archiepiscopo
545 1034 728 1138 Rogusino
747 1047 783 1116 et
801 1041 966 1139 Philippo
982 1035 1197 1139 adjacense,
1215 1045 1441 1120 consecravit

119 1168 186 1238 llll.
207 1165 434 1262 Rephaclam
458 1165 700 1240 Melitensem
728 1173 765 1241 et
788 1159 988 1264 Baptistom
1015 1163 1249 1260 Bobicnsem,
1276 1193 1320 1242 cx
1341 1193 1443 1245 com-

116 1289 278 1364 missione
292 1313 364 1388 per
377 1293 440 1366 SS.
457 1295 499 1364 o.
517 1295 560 1366 N.
578 1295 713 1390 Papam
731 1290 807 1367 vire
825 1293 924 1368 vocis
939 1293 1101 1384 essenis,
1122 1281 1161 1367 ut
1181 1295 1348 1386 asseruit,
1369 1295 1437 1368 sibi

115 1414 214 1504 lacta,
231 1415 437 1488 secundum
454 1416 609 1490 formam
630 1423 754 1492 sancte
775 1421 937 1492 Romane
956 1417 1127 1510 ecclesie;
1148 1419 1293 1491 retinuit
1312 1442 1439 1494 conse-

115 1544 223 1614 cratos
245 1545 282 1614 el
302 1540 517 1616 assistentes
537 1549 574 1616 et
592 1565 659 1615 nos
682 1542 869 1617 ministros
889 1565 1014 1618 secum
1040 1544 1076 1616 in
1098 1542 1251 1640 prandio
1274 1549 1309 1617 et
1327 1543 1440 1619 voluit

115 1665 201 1760 quod
214 1667 257 1738 I).
276 1665 472 1764 episcopus
489 1667 628 1764 primus
646 1673 880 1744 consecratus
896 1665 1130 1746 benediceret
1145 1675 1229 1741 ante
1248 1655 1439 1764 prandium

114 1795 145 1864 cl
161 1788 295 1864 diceret
318 1791 397 1866 Deo
416 1793 576 1888 pretias·
597 1801 633 1867 ot
654 1793 762 1868 ambo
784 1791 957 1868 sederunt
977 1793 1015 1868 in
1031 1793 1211 1868 manseio
1228 1793 1436 1868 rocchetlis.

115 1915 284 1990 Saderunl
309 1917 421 2014 igitur
439 1917 477 1992 in
501 1941 630 1994 mensa
650 1919 721 1992 hoc
744 1920 871 1994 ordine
895 1941 903 1992 :
926 1919 963 1992 in
985 1915 1270 2016 capite'mense,
1294 1907 1438 1992 insede

114 2041 286 2132 camerali,
310 2043 506 2142 episcopus
524 2044 753 2137 Mellitensis;
774 2044 821 2118 ad
840 2045 918 2143 ejus
941 2044 1125 2118 sinistram
1146 2043 1183 2116 ln
1205 2033 1321 2142 capite
1335 2045 1439 2142 juxta

114 2188 246 2241 murum
263 2169 462 2268 episcopus
485 2171 692 2262 Bobiensis;
714 2169 876 2244 insimili
896 2170 996 2260 sede,
1014 2177 1094 2268 post
1116 2171 1230 2260 illurn,
1248 2169 1437 2246 cardinalis

114 2317 138 2366 s.
162 2295 347 2389 Praxcdis,
371 2317 501 2369 omues
524 2297 559 2370 in
574 2297 790 2388 rocalrettis3
812 2295 943 2370 deinde
960 2296 1258 2394 archiepiscopus
1281 2297 1436 2393 Ragusi-

114 2441 185 2506 nus,
200 2421 396 2520 episcopus
414 2423 642 2520 adjacensis,
661 2427 704 2497 D.
723 2419 923 2498 Ludoricus
941 2426 1096 2496 Grossus
1115 2421 1370 2513 subdiaconus,
1390 2425 1432 2499 l).

114 2545 284 2622 lohannes
302 2549 467 2646 Baptista
484 2549 529 2624 de
546 2547 683 2624 Glande
700 2549 873 2625 accolitus
890 2547 1124 2647 apostolicus,
1143 2567 1211 2644 ego
1227 2553 1359 2644 etpost
1377 2569 1435 2622 me

115 2671 247 2766 quidam
276 2679 465 2748 mercator
486 2675 697 2765 lennensls3
727 2698 855 2748 omncs
880 2697 947 2748 nos
977 2697 1039 2747 sex
1065 2678 1180 2770 super
1204 2670 1382 2762 scabellis,
1403 2678 1439 2747 ct

116 2797 400 2900 archiepiscopus
418 2807 454 2876 et
473 2802 664 2898 episcopus
684 2801 719 2874 in
738 2787 888 2901 gabenis
909 2821 1019 2898 super
1034 2799 1254 2874 rocchetlos.

156 2927 252 3000 Faria
276 2927 422 3024 quinto,
445 2929 571 3002 ultima
591 2927 809 3021 decembris,
826 2928 948 3026 uigilia
966 2925 1254 3002 circumcisionis
1277 2907 1436 3016 Domini,

114 3051 246 3128 luerunt
266 3077 421 3151 vespere
442 3055 479 3128 in
506 3053 647 3151 capella
669 3055 801 3153 majori
826 3053 962 3153 palatii,
992 3057 1089 3150 Papa
1108 3056 1297 3150 presente;
1317 3059 1353 3125 et
1379 3051 1436 3125 dic

115 3181 262 3277 sequenti
272 3181 460 3270 veneris,l
478 3181 749 3280 januarii,lcsto
765 3181 1067 3270 circumcisionis,
1083 3179 1194 3252 missa
1205 3177 1378 3253 solemnis
1394 3178 1430 3250 in

115 3306 226 3381 eadem
241 3307 386 3405 capella
400 3331 510 3404 quam
529 3307 723 3382 celebravit
739 3313 863 3381 Rmus.
881 3312 924 3382 l).
941 3305 1136 3380 cardinalis
1146 3303 1429 3392 Alexandrinas,

117 3433 197 3526 Papa
211 3434 324 3506 otiam
340 3438 525 3529 presente.
544 3436 760 3507 Sermonem
776 3433 861 3507 lecit
874 3432 991 3507 trater
1003 3429 1199 3527 Gregorius
1208 3427 1252 3501 de
1265 3425 1428 3501 Salviatis

117 3549 234 3630 ordinis
257 3558 457 3651 Minorem,
475 3557 529 3631 vir
543 3559 684 3649 doctus,
698 3558 759 3656 qui
777 3557 931 3634 multum
949 3556 1083 3654 placuit
1103 3559 1211 3651 Papo.
1228 3552 1306 3626 rtlia
1324 3573 1428 3625 more

118 3681 223 3756 solito.
802 3663 803 3666 Ἴ

156 3809 252 3882 Ferte
267 3811 389 3896 tertia,
403 3815 423 3886 5
435 3811 572 3884 mensis
585 3807 754 3908 januarii,
772 3807 1096 3907 vigiliaepiphanie
1108 3805 1268 3896 Domini,
1285 3805 1428 3881 luerunt

119 3955 246 4030 uespere
261 3935 411 4034 papales
432 3935 468 4008 in
489 3935 628 4033 capella
644 3937 782 4034 maj0rc
799 3933 934 4032 palatii,
951 3937 1049 4030 Papa
1065 3917 1251 4030 presente,
1271 3933 1331 4030 qni
1347 3933 1433 4008 dum

118 4067 314 4152 paramenta
331 4067 492 4158 caperet,
516 4062 758 4158 interrogavit
783 4083 842 4134 me
859 4085 929 4160 que
947 4058 1155 4134 ceremonia
1172 4063 1292 4132 essent
1309 4057 1435 4130 obser-

120 4184 214 4259 vanda
235 4187 272 4260 in
294 4185 461 4260 clausura
489 4191 677 4283 portarum
701 4207 893 4260 aurearum
921 4187 1078 4282 quatuor
1105 4182 1342 4258 ecclesiarum
1368 4207 1433 4280 pro

118 4297 237 4402 jubileo
253 4313 518 4386 ordinatarum.
537 4312 718 4410 Respondi
742 4289 840 4409 quod
855 4309 973 4384 clerus
995 4307 1238 4418 quarumlibet
1253 4309 1429 4384 ecclesio-

121 4453 185 4507 rum
202 4437 410 4534 hujusmodi
431 4437 585 4512 deberet
608 4437 929 4535 processionaliter
951 4437 1087 4544 intrare
1110 4441 1267 4534 portam,
1287 4437 1322 4509 et
1348 4441 1428 4534 post

122 4581 172 4630 cos.
192 4569 394 4639 moratores
414 4568 537 4662 portas
559 4563 764 4654 recludere,
794 4559 878 4638 cum
914 4561 1099 4636 versiculis
1122 4559 1429 4634 convenientibus.

122 4683 253 4762 Extunc
286 4691 466 4764 Sanctitas
490 4713 556 4764 sue
579 4689 756 4764 ordinavit
781 4689 878 4790 quod
900 4689 1024 4763 illimi.
1050 4689 1125 4762 oo.
1159 4680 1376 4760 Gosentinus
1396 4689 1430 4760 et

122 4809 316 4888 llutincnsis
330 4815 508 4889 baberent
520 4837 646 4888 curam
661 4815 826 4890 clausura
840 4817 946 4912 porte
960 4837 1071 4889 auree
1085 4839 1115 4886 s.
1134 4812 1247 4902 Petri,
1261 4809 1319 4884 dle
1334 4833 1432 4885 cras-

123 4935 183 5010 tina
208 4951 286 5036 post
310 4964 494 5039 vesperas,
514 4947 550 5016 et
577 4943 702 5016 limus.
733 4945 775 5016 D.
806 4939 1001 5015 cardinalis
1035 4935 1289 5013 Ulisbononsis
1325 4941 1428 5032 porto

123 5061 351 5140 lateranensis
366 5073 473 5165 alque
489 5091 518 5140 s.
535 5067 631 5142 Petri
653 5069 698 5141 ad
717 5067 872 5148 vincula,
891 5071 926 5140 et
942 5071 1065 5140 Rmus.
1085 5065 1128 5136 l).
1149 5061 1300 5135 Ursinus
1323 5067 1426 5158 porte

123 5211 213 5263 amec
229 5191 262 5264 b.
281 5193 393 5268 llario
410 5194 571 5290 Majoris,
586 5192 684 5290 quod
699 5193 764 5266 luit
784 5192 937 5286 singulis
951 5191 1169 5265 intimatum.
1187 5190 1260 5260 Pro
1275 5186 1428 5263 ecclesia

126 5335 148 5380 s.
166 5316 252 5391 Pauli
268 5318 404 5391 nullum
421 5319 616 5417 deputavit.
