3506 6034
119 643 221 706 {lutttct
235 641 303 702 15⁰2]
446 638 574 697 RERUM
598 637 824 700 beardaneu
849 638 1114 698 COMMENTARII.
1400 641 1454 698 219

121 827 140 864 ιι
162 795 226 870 nisi
239 793 339 868 mille
357 791 508 866 ducatos
528 793 762 890 persolveris,
785 815 939 890 regnum
957 793 1023 870 Dei
1044 814 1115 868 noo
1134 793 1303 869 intrabis.
1325 821 1342 860 u
1364 799 1452 870 Res-

117 919 242 1018 pondit
264 917 506 994 Mutinensis:
532 948 550 986 ιι
576 921 655 994 Non
678 919 796 992 babeo
822 919 918 993 uude
943 919 1093 997 solvam.
1119 948 1136 984 ι
1162 918 1260 992 Dixit
1286 921 1416 994 Petrus
1442 947 1450 1004 r

119 1078 137 1114 ιι
161 1049 229 1120 bes
243 1044 481 1144 quingentum
506 1075 523 1113 u
541 1044 731 1144 respondit
753 1045 994 1120 Mutinensis:
1018 1075 1035 1112 ιι
1056 1048 1131 1118 Nec
1149 1043 1248 1118 mille
1265 1067 1333 1118 nee
1348 1044 1453 1141 quin-

115 1178 246 1268 gentos
268 1169 401 1246 babeo.
432 1171 590 1248 Discessi
611 1172 657 1246 ab
680 1169 742 1246 illa
763 1170 837 1244 vita
855 1193 1006 1268 pauper,
1032 1171 1202 1244 omnibus
1228 1169 1333 1244 bonis
1360 1169 1452 1246 meis

114 1295 317 1394 spoliatus:
339 1295 532 1386 beneficia,
555 1295 742 1394 peounias,
766 1318 849 1370 vasa
867 1319 981 1370 aurea
1003 1299 1040 1370 et
1063 1299 1238 1393 argentea
1257 1317 1300 1368 ac
1325 1316 1452 1371 omnes

113 1420 257 1494 divitias
275 1443 377 1496 meas
395 1421 532 1519 recepit
556 1425 665 1518 Papa.
689 1421 814 1496 Nudus
838 1421 934 1512 veni,
953 1424 1101 1518 propter
1123 1423 1255 1509 Deum,
1279 1420 1453 1496 miserere

110 1545 218 1621 mihi.
240 1575 256 1612 a
276 1549 403 1620 Petrus
419 1545 601 1644 gradatim
618 1545 807 1622 descendit
823 1547 868 1622 de
885 1546 1098 1644 quingentis
1117 1545 1257 1622 ducatis
1273 1567 1388 1642 usque
1405 1546 1451 1622 ad

109 1693 225 1744 unum
240 1670 414 1744 ducatum
434 1693 543 1767 quem
561 1691 631 1768 pro
648 1670 803 1746 introitu
822 1671 868 1744 ab
888 1693 932 1746 eo
948 1671 1116 1766 recipere
1135 1670 1291 1747 volebat.
1312 1671 1353 1744 ut
1368 1693 1451 1746 cum

109 1794 327 1870 Mutinensis
349 1795 521 1870 continuo
543 1801 798 1893 paupertatem
817 1795 1006 1892 allegaret,
1030 1795 1119 1870 dixit
1142 1793 1176 1870 ei
1197 1798 1352 1868 Petrus:
1376 1825 1393 1862 ιι
1414 1795 1450 1870 Si

109 1941 187 1994 non
206 1919 322 1994 babes
344 1920 486 1996 solvere
501 1943 614 1994 unum
639 1918 824 2010 ducatum,
846 1920 937 1996 vade
958 1921 1002 1994 ad
1025 1919 1211 1996 diabolum
1230 1923 1268 1994 et
1289 1943 1373 1996 cum
1389 1919 1450 1996 illo

110 2043 161 2116 sis
191 2066 331 2142 pauper
357 2043 394 2118 in
417 2049 600 2120 eternum.
633 2075 650 2111 u
678 2044 890 2120 Collndebet
914 2044 1035 2118 Gallus
1060 2045 1097 2120 in
1125 2045 1236 2120 vitam
1262 2051 1298 2120 et
1324 2067 1447 2123 mores

108 2168 327 2242 Mutinensis
352 2169 410 2265 qui
439 2169 610 2266 pecunias
640 2193 662 2244 a
691 2169 913 2268 pauperibus
939 2168 1140 2244 crudeliter
1172 2170 1343 2260 extorsit;
1372 2191 1447 2248 non

111 2293 288 2368 misertus
304 2299 358 2368 est
371 2294 525 2393 alicujus
535 2294 598 2368 sed
611 2309 791 2392 pauperes
802 2294 848 2370 ad
857 2294 1043 2370 diabolum
1054 2293 1222 2372 mittebat
1234 2317 1392 2392 semper,
1407 2298 1447 2370 ut

110 2425 295 2516 perpetua
309 2441 392 2497 cum
410 2442 454 2494 eo
479 2423 694 2518 paupertate
715 2419 941 2510 frumentum
958 2427 1151 2517 propterea
1165 2443 1250 2494 eum
1272 2419 1447 2518 inignem

107 2543 282 2641 gebenna
310 2543 523 2620 eternaliter
553 2545 845 2620 substituendum
872 2549 999 2622 Petrus
1031 2545 1176 2624 dixerit.
1202 2544 1311 2622 Venit
1337 2544 1447 2643 igitur

108 2669 330 2744 Mutinensis
348 2671 394 2744 ad
415 2669 612 2762 internum,
633 2673 679 2748 ad
694 2671 829 2748 ostium
849 2670 1009 2768 pulsans.
1030 2670 1206 2746 Ostiarius
1226 2669 1308 2768 quis
1327 2669 1446 2768 pulsat

108 2793 329 2892 interrogat.
363 2797 562 2894 Respondit
595 2797 655 2872 ille
690 2819 729 2872 se
758 2819 838 2872 esse
870 2795 1127 2872 Mutinensem.
1160 2794 1338 2870 Ostiarius
1366 2793 1446 2893 pari

63 2901 66 2904 ⁵
106 2919 219 2994 modo
247 2925 435 2996 mercatur
455 2921 501 2996 de
527 2921 663 3019 pretio;
686 2929 723 2997 et
747 2945 831 2998 oum
845 2919 1060 2998 Mutinensis
1083 2945 1157 3000 non
1179 2919 1285 2996 vellet
1308 2918 1446 3016 aliquid

106 3043 329 3140 persolvere,
357 3043 527 3118 ostiarius
548 3069 632 3120 eum
656 3046 801 3144 repulit,
827 3051 864 3124 et
887 3046 1010 3122 locum
1034 3045 1067 3122 ei
1089 3045 1136 3122 ad
1157 3051 1302 3144 partam
1325 3043 1446 3122 oensi-

106 3169 244 3266 gnarit‚
263 3169 299 3242 in
317 3193 388 3266 que
404 3175 582 3267 perpetuo
599 3170 777 3269 supplicio
795 3171 1033 3248 cruciaretur.

154 3294 274 3370 Doleo
300 3317 344 3374 ex
369 3295 490 3372 animo
512 3296 610 3372 bunc
635 3319 725 3394 erga
749 3317 930 3396 pauperes
957 3297 1068 3370 tuisse
1096 3301 1170 3374 tam
1194 3293 1380 3372 crudelem
1410 3300 1447 3372 et

106 3421 235 3496 salutis
253 3444 318 3494 sue
333 3421 588 3498 immemorem
600 3423 662 3520 qui
673 3423 772 3500 omni
787 3423 1019 3512 liberalitate,
1036 3421 1260 3519 benignitate
1276 3427 1312 3496 et
1327 3421 1443 3518 gratia

106 3567 195 3642 erga
215 3567 276 3620 me
304 3569 391 3620 nsua
411 3547 538 3644 est(t).
564 3546 800 3645 Omnipotens
818 3551 914 3626 Deua
937 3547 1108 3644 dignetur
1123 3545 1299 3620 miserere
1319 3543 1441 3618 anima

106 3693 186 3746 sua.
208 3671 388 3746 Dicebant
408 3671 505 3746 bunc
525 3671 705 3746 dimisisse
724 3672 762 3746 in
781 3673 935 3770 pecunia
953 3679 1144 3748 numerata
1159 3669 1307 3766 triginta
1329 3667 1443 3744 millia

106 3796 327 3872 ducatorum
341 3795 537 3894 duplicium
553 3804 589 3874 et
602 3798 729 3872 decem
745 3798 905 3874 milliein
915 3797 994 3872 aliis
1009 3795 1166 3871 monetis
1179 3800 1216 3870 ot
1229 3817 1314 3871 vasa
1328 3817 1442 3872 aurea

106 3930 138 3994 et
157 3925 339 4020 argentea
356 3922 488 3996 valoris
506 3924 635 3998 decem
652 3924 766 4000 millia
781 3925 999 4000 ducatorum
1018 3925 1146 4020 preter
1162 3942 1303 4020 pannos
1319 3925 1354 3996 et
1369 3919 1441 3996 alia

106 4047 203 4120 bona
225 4069 234 4120 :
252 4047 298 4121 de
314 4052 367 4122 tot
385 4047 525 4122 ducatis
540 4048 683 4124 ridetur
702 4049 790 4122 mibi
806 4048 1045 4146 impossibile.

151 4171 294 4250 Eadem
318 4170 390 4262 die,
412 4178 459 4247 20
472 4174 565 4272 julii,
594 4175 631 4248 in
661 4175 776 4254 Civitt
794 4172 980 4272 bucalitt)
1006 4173 1096 4250 obiit
1120 4173 1270 4270 Carolus
1287 4171 1440 4247 Ursinus

107 4303 228 4372 morte
248 4297 455 4395 repentina.

142 4535 169 4586 t.
193 4528 233 4585 La
249 4527 376 4585 canduita
391 4528 414 4584 si
428 4547 481 4604 peu
499 4530 678 4606 evangelique
705 4532 743 4590 du
759 4531 880 4593 cardinal
895 4531 929 4590 de
948 4532 1064 4594 Modtne
1078 4549 1175 4592 envers
1188 4530 1228 4590 tes
1242 4545 1359 4606 pauvres
1373 4529 1440 4591 etait

106 4617 297 4692 pariaitement
319 4625 437 4676 correcte
451 4636 486 4676 an
509 4619 587 4698 point
603 4619 637 4677 de
652 4638 705 4678 rue
722 4621 757 4678 de
771 4621 798 4677 la
809 4621 898 4680 Curia.
921 4622 963 4678 On
979 4622 1009 4678 tit
1022 4639 1056 4678 en
1077 4622 1140 4678 ettet
1155 4622 1223 4678 dans
1234 4620 1275 4678 les
1291 4624 1363 4678 Tunc
1377 4637 1441 4676 can·

104 4711 214 4766 cellaria
228 4709 374 4780 apostolice
389 4714 416 4764 et
430 4715 492 4766 tona
514 4725 590 4766 ruore
603 4712 799 4782 penitentiorie
814 4713 910 4770 itidem
925 4713 1080 4783 apostolice,
1095 4711 1140 4768 tol.
1154 4713 1190 4768 23
1205 4709 1284 4783 (edic.
1302 4709 1335 4765 da
1348 4707 1437 4778 Paris,

108 4799 200 4870 1520),
226 4803 296 4854 cette
310 4796 467 4872 increpabla
487 4798 711 4857 observationem
731 4801 804 4876 sujet
817 4801 865 4858 des
885 4804 981 4875 greces
998 4800 1195 4874 expectativas,
1218 4802 1267 4856 des
1294 4799 1440 4872 dispenses

106 4886 331 4959 matrimoniales,
346 4892 419 4945 etc:
442 4908 457 4940 ιι
470 4887 543 4945 Nota
565 4886 713 4962 diligenter
727 4889 801 4964 quod
820 4889 977 4964 hujusmodi
998 4889 1086 4964 gretie
1105 4895 1132 4946 et
1151 4887 1371 4963 dispensationes
1385 4904 1441 4944 non

107 4975 295 5034 conceduntur
307 4975 485 5050 pauperibus,
502 4976 568 5051 quia
580 4994 637 5036 non
648 4985 714 5037 sunt
726 4978 765 5049 ei3
779 4977 840 5036 ideo
856 4996 911 5036 non
925 4984 1044 5053 possunt
1057 4977 1201 5038 consolari.
1218 4999 1233 5030 o

139 5069 166 5126 2.
182 5065 256 5124 Tella
271 5073 315 5125 est
324 5066 350 5124 la
363 5065 441 5136 lacon
453 5068 502 5126 des
516 5067 597 5139 mss,
608 5073 637 5126 et
650 5067 721 5126 ainai
732 5069 836 5126 doit-on
849 5067 907 5139 lira,
921 5069 986 5126 bien
997 5068 1062 5144 qu’il
1073 5068 1167 5143 puisse
1178 5070 1294 5142 parattre
1307 5067 1441 5142 singutier

109 5173 159 5229 que
174 5154 290 5214 l'euteur
307 5173 336 5214 se
351 5156 405 5214 soit
420 5157 491 5214 servi
506 5157 572 5214 d’un
591 5165 648 5216 mot
661 5159 754 5216 italien
768 5165 795 5218 et
812 5159 882 5218 ,talin
901 5177 972 5233 pour
983 5157 1104 5218 traduire
1117 5158 1143 5214 le
1158 5175 1223 5214 nom
1237 5157 1272 5214 de
1286 5155 1313 5214 la
1325 5155 1388 5214 ville
1407 5157 1441 5214 de

107 5243 317 5304 cino-uncus.
333 5247 455 5321 Lorsqua
468 5246 544 5304 Jnles
560 5249 595 5318 ΙΙ,
611 5265 646 5305 au
671 5249 740 5307 mnis
756 5249 791 5306 ds
810 5248 953 5307 decembre
973 5251 1054 5318 1508,
1069 5265 1139 5323 pose
1153 5246 1179 5304 la
1200 5247 1335 5322 premiere
1350 5247 1439 5322 pierre

108 5333 140 5392 de
153 5334 316 5394 lacitadelle
335 5337 370 5393 de
390 5335 619 5408 civita-versuta,
640 5339 665 5397 te
688 5339 814 5398 medaitls
834 5339 881 5414 qui
898 5339 940 5398 tut
963 5339 1056 5413 plecte
1078 5339 1149 5396 dans
1164 5337 1205 5396 iss
1217 5337 1391 5396 tondemants
1405 5338 1439 5394 de
