3612 6064
505 215 516 247 l

507 479 654 540 NOTICU
683 472 965 544 BlOGRAPlllQUE.
1345 480 1409 520 xnrx

96 663 155 735 ont
181 653 212 730 si
239 649 327 728 bien
350 643 531 724 rennerse
556 639 660 716 leurs
684 636 918 735 arguments,
946 625 1039 731 qu'il
1070 624 1186 701 serait
1208 622 1341 699 oiseux
1361 618 1408 696 de

93 769 233 869 revenir
261 805 326 860 sur
354 803 430 857 une
461 773 635 880 question
665 764 909 872 aujourd’hui
927 763 1044 865 jugee
1057 757 1119 857 (1).
1150 759 1210 835 On
1240 779 1302 832 me
1324 777 1409 856 per-

93 927 218 1001 mettra
235 893 414 995 toutefois
434 911 482 988 dc
500 907 650 986 relever
669 902 851 1008 quelques
871 895 1095 998 allegations
1110 893 1162 970 du
1180 889 1265 994 plus
1280 891 1411 966 recent

93 1063 126 1136 et
140 1056 194 1134 dn.
203 1052 288 1156 plats
307 1047 457 1126 celebre
476 1041 544 1119 des
563 1037 794 1144 apologistes
818 1029 1072 1112 d’Alexendre
1090 1030 1140 1105 vt
1165 1021 1410 1104 dl'oocesion

94 1191 134 1268 de
150 1186 309 1266 certains
326 1181 546 1286 jugements
565 1173 657 1278 qu'il
675 1176 784 1275 porte
809 1193 875 1246 sar
893 1163 1090 1243 Burohard
1109 1167 1147 1240 et
1165 1187 1231 1238 sur
1243 1159 1282 1236 le
1300 1161 1409 1236 vero·

94 1323 155 1400 cite
172 1321 217 1398 de
236 1343 308 1396 son
320 1311 494 1395 Journal.
508 1309 548 1387 Si
565 1309 646 1386 l'on
663 1331 712 1384 nc
727 1303 848 1383 serait
865 1305 889 1378 b
905 1299 1048 1405 quelles
1065 1295 1302 1374 aberratione
1320 1295 1413 1394 peut

93 1461 208 1560 porter
228 1453 266 1530 la
283 1447 441 1555 passion
463 1443 679 1545 religiense,
702 1465 752 1518 on
770 1436 942 1542 pourreit
961 1457 1201 1538 sonpponner
1223 1431 1262 1509 lo
1283 1431 1411 1508 bonne

93 1591 137 1666 loi
163 1588 207 1666 de
233 1585 400 1663 l'auteur
422 1581 487 1686 qui
519 1581 772 1683 purulentae
801 1571 945 1650 saureit
972 1568 1052 1648 letne
1078 1568 1173 1644 misc
1202 1589 1250 1642 cn
1277 1564 1407 1642 doute.

124 1828 146 1884 t.
163 1823 310 1882 b'ecrirein
323 1819 479 1896 cntbollque
489 1819 580 1877 Gantu
591 1815 664 1876 avait
676 1822 738 1890 trop
748 1814 840 1872 bonne
849 1811 962 1887 opinion
972 1811 1006 1868 de
1016 1827 1067 1868 son
1080 1807 1161 1866 siecle
1171 1807 1262 1882 quand
1271 1804 1291 1863 il
1301 1803 1414 1864 ecrirait

96 1933 168 1990 «quc
184 1932 214 1972 ce
227 1930 299 1990 popa
316 1911 482 1985 (Alexandro
495 1909 542 1980 Vl)
559 1907 606 1966 n'a
619 1906 719 1982 jamnis
737 1905 833 1963 trouve
852 1921 890 1960 un
905 1900 1070 1976 apologista.
1081 1916 1132 1975 pos
1147 1903 1235 1955 meme
1249 1897 1319 1954 dans
1334 1901 1414 1953 notre

98 2008 189 2079 ἐροᾳιιο
208 2001 372 2060 abdomine
387 1999 413 2058 la
426 1997 516 2056 menie
529 1997 579 2055 des
593 1996 758 2070 paredoxes.
767 2036 786 2051 ..
798 2015 813 2046 n
829 1994 910 2062 (Uist.
924 1991 971 2048 dea
983 1990 1117 2058 Italicos„
1133 1993 1155 2046 t.
1172 1986 1232 2056 vlt,
1243 2003 1271 2060 p.
1287 1987 1362 2058 203.)
1378 1985 1417 2042 Le

94 2093 218 2168 jugement
232 2109 287 2165 que
302 2089 456 2165 lepieuxet
466 2091 566 2145 serant
575 2083 665 2144 blansi
679 2089 756 2160 porte
771 2098 819 2140 sur
833 2079 986 2140 Alexandro
999 2079 1037 2136 Vl
1051 2084 1095 2138 cst
1107 2078 1133 2136 le
1148 2077 1251 2135 rcrdict
1260 2077 1379 2136 delinitil
1389 2083 1419 2136 et

98 2199 152 2240 sans
164 2180 240 2256 appel
256 2180 292 2238 de
306 2177 440 2236 l’bistoire
454 2175 618 2234 elle-meme.
635 2197 649 2227 o
711 2173 745 2230 de
763 2188 819 2245 qno
834 2169 967 2227 Pontifice
980 2167 1086 2226 facilius
1101 2167 1205 2237 siletur,
1226 2185 1307 2242 qoam
1323 2169 1416 2226 mode-

96 2269 137 2326 rati
146 2269 363 2344 eliquiddicitur.
375 2269 407 2325 lo
420 2265 467 2324 illo
481 2265 547 2324 vitia
559 2271 690 2332 extrema,
706 2263 822 2320 virtutes
835 2261 1001 2328 moderntae,
1016 2257 1069 2315 nisi
1084 2257 1181 2316 melius
1193 2257 1306 2328 dixeris,
1315 2257 1417 2316 nullae.

97 2357 252 2416 Pontificiam
260 2357 427 2433 dignitatem
441 2372 524 2432 quam
537 2353 617 2412 malie
627 2353 732 2412 artibus
747 2350 863 2426 peperit,
876 2347 962 2406 nihilo
975 2346 1134 2404 melioribus
1144 2345 1264 2406 retinuit.
1278 2347 1331 2416 Qui
1344 2350 1418 2406 bunc

97 2447 185 2516 tutet,
203 2447 343 2504 neminem
357 2447 412 2503 buc
427 2461 517 2519 usque
529 2443 689 2517 scriptorem
706 2439 818 2510 offendi,
843 2455 899 2496 non
918 2435 1058 2511 aequalem
1073 2453 1165 2494 eorum
1179 2442 1343 2512 temporum,
1362 2456 1418 2498 non

99 2535 294 2594 recentiorem.»
307 2535 442 2609 (Annales
455 2534 573 2602 Eccl.,t.
585 2531 673 2602 XXX,
687 2536 752 2588 note
761 2529 799 2602 1.)
808 2529 931 2603 Rephae'l
941 2529 1207 2588 Malleidellolterra
1217 2534 1244 2586 et
1257 2529 1283 2586 le
1297 2527 1419 2586 cardinal

101 2623 253 2698 tgttturde
270 2623 397 2692 Viterbe,
412 2629 476 2680 tous
494 2622 568 2678 deux
586 2617 806 2694 contemporains
832 2618 1014 2676 d'lllexendre
1028 2617 1075 2687 vt,
1097 2625 1146 2677 ont
1163 2621 1238 2676 truce
1257 2619 1291 2675 de
1310 2634 1340 2673 cs
1359 2615 1420 2673 der-

100 2711 149 2770 nier
157 2711 179 2770 le
189 2712 304 2787 portrait
319 2711 346 2769 le
360 2710 421 2786 plns
432 2717 522 2780 exect,
536 2709 638 2770 faisant
651 2727 718 2766 arec
732 2725 786 2764 une
796 2707 900 2782 grande
912 2705 1085 2782 impartialite
1094 2707 1121 2763 la
1134 2711 1197 2782 part
1209 2706 1246 2764 du
1260 2705 1325 2763 bien
1339 2710 1368 2762 et
1380 2706 1419 2761 du

101 2801 155 2858 mid.
167 2801 196 2858 Je
206 2800 320 2858 renvois
333 2799 534 2875 pourRapha‘dl
542 2797 660 2856 Mslleit
672 2813 717 2854 ses
726 2813 836 2854 murres
846 2795 1010 2871 imprimtes,
1022 2797 1284 2855 Commentariorum
1294 2797 1419 2852 Urbano·

101 2905 161 2958 rura,
169 2889 213 2947 lib.
222 2889 380 2946 XXXVlll.
388 2889 599 2960 Antropolopiu,
611 2885 659 2946 lib.
670 2885 760 2956 XXll,
770 2885 799 2942 in
811 2885 875 2954 fine.
888 2885 980 2955 Quent
992 2903 1026 2942 au
1037 2885 1150 2952 second,
1158 2883 1228 2944 reici
1240 2885 1266 2942 le
1275 2885 1421 2960 jugement

105 2977 240 3051 qu'ilporte
252 2977 328 3034 dans
343 2992 375 3032 sa
384 2974 539 3048 Chroniqne
551 2974 665 3040 inedita,
680 2977 826 3032 conservio
835 2977 853 3030 t
863 2973 889 3032 lu
901 2973 1089 3049 bibliotheque
1103 2975 1234 3049 Angelioa
1252 2975 1286 3031 de
1301 2974 1406 3031 Rome:

131 3085 144 3117 α
159 3105 200 3128 ,..
221 3065 318 3124 luerat
325 3063 482 3121 Menandro
495 3062 657 3120 ecerrimum
671 3061 824 3138 ingenium,
835 3062 924 3120 inerat
939 3062 1057 3122 solertia.
1071 3065 1226 3141 prudentia,
1237 3063 1382 3138 diligentia
1391 3067 1423 3136 et
1449 3075 1553 3120 Arar!
1562 3075 1660 3120 virtores.

106 3155 191 3212 nultra
204 3154 342 3212 efficatiae
356 3151 485 3210 facondia
497 3151 643 3211 naturalis.
658 3152 744 3210 Nemo
758 3151 816 3226 egit
829 3151 993 3223 accuratius,
1009 3153 1147 3228 persuasit
1159 3154 1358 3220 vehementius,
1374 3154 1421 3211 de·

106 3242 178 3301 tendit
190 3243 367 3318 pertinatius.
375 3242 534 3316 lentusque
546 3241 629 3299 rebus
640 3240 767 3299 omnibus
782 3239 917 3317 apparuit,
926 3249 958 3299 ut
970 3241 1129 3316 cogitando,
1140 3242 1288 3318 loquendo,
1303 3243 1422 3318 agendos

105 3333 269 3391 mbrtinendo
282 3331 362 3407 quod
385 3330 422 3388 ad
446 3329 595 3388 maximnm
618 3329 769 3404 prinoipem
791 3329 893 3388 laceret
915 3331 939 3388 si
962 3331 1078 3390 virtutes
1101 3332 1204 3406 quibua
1224 3337 1338 3391 ornatus
1366 3338 1425 3390 erat

103 3419 174 3477 libero
186 3420 315 3490 lmsaent,
328 3437 380 3476 nec
389 3418 475 3478 molta
489 3436 536 3476 eas
551 3419 617 3477 vitia
630 3419 797 3478 obruissent.
806 3420 879 3477 Nihil
889 3420 970 3496 plane
984 3422 1082 3480 deesse
1096 3421 1244 3491 videretur,
1253 3429 1283 3479 ut
1297 3419 1423 3495 quisquis

105 3525 159 3566 enm
172 3527 257 3568 coram
271 3515 405 3584 egentem
415 3509 585 3573 observaret,
596 3509 632 3566 ad
646 3509 786 3583 agendum
802 3509 904 3567 diceret
918 3517 946 3567 et
958 3509 1147 3586 imperandum
1161 3517 1256 3568 natum
1270 3509 1335 3566 Orbi
1350 3526 1357 3565 ε
1374 3507 1426 3565 luit

107 3613 242 3674 somnoque
261 3597 456 3675 parcissimos,
478 3597 649 3674 voluptetum
671 3603 763 3656 umen
788 3599 1043 3673 appetentissimus,
1065 3598 1174 3657 tametsi
1200 3599 1308 3656 illorum
1336 3597 1427 3672 gratia

106 3705 230 3763 nunquam
244 3687 359 3764 publico
370 3704 485 3746 munera
498 3687 584 3758 obire,
600 3705 741 3762 nunquam
750 3688 905 3746 accedentis
919 3688 1070 3758 admittere,
1086 3704 1227 3762 nunquam
1238 3685 1366 3762 cuiquam
1378 3703 1427 3762 pro

108 3777 180 3834 ollitio
199 3776 241 3835 rel
262 3777 367 3836 edesse
380 3775 423 3833 rel
442 3777 608 3852 respondere
628 3777 775 3835 recusarit.
789 3777 864 3835 llaec
886 3795 1043 3853 quanquam
1064 3777 1092 3834 in
1110 3785 1245 3848 socrant,
1265 3784 1428 3836 nontamen
1495 3775 1522 3818 Η
1532 3847 1537 3858 ¹
1559 3846 1564 3856 Ι
1620 3769 1652 3814 '³⁸

108 3863 185 3924 illuxit
201 3873 414 3942 entempestate
427 3865 486 3924 dies
499 3883 551 3924 occ
569 3865 624 3924 diei
638 3865 758 3924 humano
768 3866 881 3924 verbum
895 3874 1018 3926 eructare
1028 3865 1139 3925 divinos
1150 3866 1239 3942 potuit
1252 3867 1322 3924 dies.
1348 3867 1428 3924 lnrn-
1528 3860 1536 3889 ⁸
1556 3857 1589 3888 '¹¹⁸

110 3971 161 4012 sere
179 3957 266 4014 omnia
286 3955 430 4026 tenebrae,
443 3973 499 4014 nox
513 3955 679 4031 intempesta
692 3957 784 4014 omnia
798 3957 942 4033 occupavit
956 3975 964 4014 ε
980 3964 1011 4015 ut
1031 3957 1182 4016 domestica
1195 3963 1312 4028 taceam,
1325 3956 1431 4031 Thyes·

109 4051 210 4120 teneque
223 4043 394 4120 tragaediam
409 4061 551 4120 nunquam
561 4045 588 4102 in
603 4046 762 4105 civitatibus
777 4064 872 4104 sacrae
886 4045 999 4104 ditionis
1012 4046 1109 4104 seditio
1123 4045 1276 4118 immanior,
1289 4063 1431 4121 nunquam

110 4133 212 4208 direptio
233 4133 365 4203 crebrior,
381 4151 523 4210 nunquam
537 4137 620 4194 cedes
635 4137 783 4205 cruentior,
798 4152 940 4209 nunquam
953 4133 982 4191 in
994 4133 1046 4192 riis
1060 4142 1246 4193 cressatorom
1262 4133 1304 4192 ris
1312 4134 1431 4205 liberior,

110 4235 240 4296 nunquam
253 4221 467 4296 peregrinorum
485 4222 536 4280 iter
550 4223 741 4298 periculosius,
754 4241 896 4299 nunquam
910 4225 938 4282 in
954 4223 1026 4282 Urbe
1044 4224 1107 4300 plus
1120 4223 1254 4282 malorum
1270 4225 1340 4282 luit:
1357 4243 1433 4282 nun·

113 4327 185 4383 pam
197 4310 351 4370 delatorum
364 4309 454 4385 copia,
469 4311 629 4370 sicariorum
641 4311 759 4384 licentia,
775 4311 910 4372 latronum
925 4312 967 4370 rel
982 4331 1112 4371 numerus
1126 4315 1168 4372 vel
1183 4314 1297 4372 eudocia
1311 4315 1396 4390 major
1404 4321 1435 4374 ut

113 4405 195 4472 portas
208 4399 288 4458 Urbis
305 4398 414 4474 prodire
427 4399 469 4458 fas
483 4417 539 4458 non
549 4407 637 4472 eaeet3
649 4399 750 4460 Urbem
763 4400 851 4477 ipsam
865 4399 983 4458 incolere
998 4419 1052 4460 non
1066 4403 1173 4474 liceret;
1191 4419 1239 4477 pro
1254 4403 1350 4463 eodem
1368 4412 1436 4463 tunc

115 4487 224 4546 habitum
235 4489 408 4564 majestatem
421 4487 521 4560 ledere,
533 4490 642 4549 bostem
656 4491 757 4548 hebere
767 4491 826 4548 auri
838 4499 886 4548 ant
897 4491 1007 4549 lormoei
1019 4491 1122 4566 aliquid
1137 4492 1210 4550 domi
1224 4494 1364 4570 cohibire;
1380 4511 1435 4551 oon

117 4575 249 4648 doml,non
258 4577 288 4636 in
296 4577 435 4649 cubiculo,
443 4596 498 4637 non
505 4579 534 4636 in
544 4578 611 4637 turri
621 4579 687 4652 tuti;
699 4580 766 4637 nihil
773 4580 953 4656 jus,nibilles
961 4597 968 4636 :
976 4579 1130 4650 aurum,ris
1141 4580 1266 4638 ethnus
1275 4581 1435 4658 imperabat.

119 4664 246 4724 llectenue
255 4667 342 4726 latina
353 4666 622 4744 libertae,hujusque
632 4668 717 4728 libera
726 4670 805 4728 ltalia
813 4669 849 4728 ab
863 4669 976 4746 imperio
990 4677 1144 4728 exterorum
1158 4671 1364 4748 luitpostqoam
1374 4673 1436 4730 bar-

119 4753 178 4811 bare
190 4755 349 4830 tyrannides
367 4756 463 4815 erasit.
471 4779 486 4810 o
502 4760 620 4831 (Epidii
633 4761 947 4818 Viterbtenrr'allistortc
959 4761 1060 4832 erpino*
1070 4761 1245 4820 Socculorom
1257 4780 1312 4836 per
1325 4764 1437 4820 totidem

116 4847 226 4915 pootnor
242 4845 392 4918 descripto,
403 4844 471 4904 bibl.
485 4846 619 4922 Xngclica
633 4848 742 4921 (Rome)
758 4851 791 4907 G.
802 4851 828 4906 8.
841 4851 898 4914 te.)
913 4849 950 4906 ll.
963 4849 1049 4920 Cerri,
1069 4851 1235 4909 admirateur
1249 4851 1437 4910 enthousiastc

120 4929 289 4990 d'Xlexendre
304 4933 353 5005 Vl,
369 4935 424 4992 cite
438 4934 465 4992 la
478 4937 611 5010 premiere
625 4939 713 5012 partie
728 4939 762 4996 de
772 4956 803 4995 ce
813 4939 968 5014 jugement,
983 4937 1052 4995 meis
1065 4957 1096 4996 se
1105 4941 1190 5013 gordo
1204 4940 1268 4996 bien
1278 4939 1312 4995 de
1327 4938 1386 4995 dire
1401 4957 1440 4996 nn

124 5027 173 5078 mot
191 5022 224 5080 de
241 5022 269 5080 la
292 5023 423 5082 seconde.
443 5025 555 5099 (timeto
578 5029 832 5086 consternendo
849 5029 887 5086 Vl
902 5046 981 5102 popo
1009 5033 1034 5086 et
1056 5033 1117 5086 auct
1139 5032 1366 5101 contemporanei,
1382 5037 1402 5088 t.
1417 5029 1440 5100 l,

124 5125 151 5182 p.
168 5113 235 5184 118.)
248 5112 320 5188 Voy.
339 5114 366 5171 le
389 5123 623 5174 commencement
644 5117 679 5174 de
697 5116 798 5175 l’etude
822 5118 856 5176 de
875 5119 914 5178 M.
929 5119 965 5176 de
989 5115 1134 5192 l'Espincis
1153 5135 1201 5175 sur
1219 5117 1374 5178 Alexandro
1387 5118 1441 5191 Vl;

127 5199 202 5257 tecue
215 5201 261 5258 des
276 5210 369 5274 queat.
385 5203 559 5274 tondeat,
575 5221 607 5278 p.
620 5206 672 5262 357
688 5211 717 5264 et
731 5206 803 5264 suiv.

241 5347 268 5386 T·
288 5347 324 5388 lll.
1292 5343 1311 5397 d
