3502 6036
355 577 407 630 tto
812 569 988 628 qunuuts
1012 567 1232 639 Bttflcttauut,
1484 569 1599 630 [tanain
1613 569 1672 630 isat]

358 731 455 798 tratu
473 713 635 798 habitum
654 727 691 796 et
709 722 922 796 senteutiam
948 727 1075 796 contra
1086 745 1129 794 ‘se
1148 721 1260 795 lateam
1281 719 1440 794 recitarit
1457 725 1497 792 et
1514 743 1578 816 pro
1592 719 1671 794 illius

359 849 592 946 reparatione
611 847 760 945 injurias
778 851 815 922 et
830 847 1014 920 infamiam
1030 847 1238 944 hujusmodi
1258 845 1450 936 revocavit,
1471 844 1590 920 verbis
1603 869 1672 920 cou-

355 973 584 1050 venientibus
603 995 767 1046 errorem
785 995 889 1046 suum
907 991 1187 1069 recognoscam,
1209 977 1244 1046 et
1258 972 1377 1046 infine
1397 970 1604 1068 subjunxit:
1622 971 1672 1042 sed

359 1123 457 1188 vere,
489 1096 655 1172 concives
682 1097 767 1188 mei,
797 1119 879 1172 cum
908 1096 1068 1172 viderem
1096 1098 1289 1172 mulierem
1323 1097 1423 1171 illam
1450 1119 1519 1192 per
1554 1103 1674 1170 terram
1740 1157 1741 1170 ,

360 1231 547 1300 extensam
563 1230 599 1299 et
615 1222 765 1298 Paulum
783 1245 893 1320 super
908 1223 1004 1296 illam
1013 1224 1201 1321 jacentem
1212 1229 1249 1296 et
1264 1245 1391 1298 eorum
1401 1221 1564 1296 verenda
1578 1220 1673 1299 nuda.

356 1356 449 1424 etse
475 1353 603 1423 mutuo
624 1370 809 1436 exercere,
830 1353 945 1444 prout·
963 1348 999 1420 in
1023 1355 1105 1422 actu
1134 1347 1331 1422 fornicario
1356 1347 1428 1422 sive
1451 1345 1589 1421 carnali
1608 1345 1675 1418 fieri

358 1477 463 1564 solet,
485 1473 624 1548 credidi
641 1473 794 1546 firmiter
815 1495 877 1546 eos
897 1473 1104 1572 hujusmodi
1122 1479 1243 1548 actum
1260 1475 1487 1556 exercuisse:
1507 1475 1543 1544 et
1562 1470 1610 1544 sic
1622 1470 1675 1542 tuit

358 1601 577 1674 norissimus
593 1620 695 1671 error
712 1597 812 1671 Pauli
829 1598 931 1695 pejor
950 1597 1061 1695 priori
1081 1598 1091 1696 t
1117 1599 1141 1696 ).

411 1729 538 1800 «Cum
571 1723 817 1820 superioribus
845 1723 948 1797 annis
980 1723 1090 1798 abbas
1120 1731 1156 1798 ct
1187 1731 1386 1798 conventus
1412 1721 1622 1796 monasterii
1649 1719 1677 1792 iu

362 1847 651 1944 Wissemburgh,
673 1847 851 1944 Spirensis
861 1847 1028 1938 diocesis,
1044 1847 1191 1944 quidam
1205 1871 1331 1923 eorum
1349 1855 1383 1922 et
1396 1847 1610 1922 monasterii
1624 1871 1676 1918 sou

360 1976 471 2053 castri
487 1974 664 2050 violenter
674 1972 817 2070 spoliati
832 1972 986 2046 tuissent
997 1997 1063 2070 per
1075 1975 1272 2070 quemdam
1284 1973 1490 2048 iohannem
1508 1973 1555 2046 de
1570 1973 1675 2047 Trotu.

364 2103 514 2178 militem
531 2101 713 2186 auratum,
736 2105 771 2172 et
782 2102 938 2172 Mensam
955 2105 991 2172 ct
1008 2099 1205 2174 Henricum
1220 2101 1329 2190 Pacis,
1343 2099 1553 2195 armigeros
1568 2097 1677 2170 favore

366 2227 470 2302 lllmi.
494 2224 638 2299 comitis
655 2222 803 2321 palatini
822 2223 925 2312 Rani,
953 2229 988 2297 et
1011 2223 1062 2298 ois
1082 2247 1147 2321 per
1165 2224 1245 2297 ilios
1264 2224 1403 2298 diverse
1420 2222 1559 2322 injurie
1582 2219 1676 2297 illato.

366 2361 401 2427 ct
420 2346 723 2450 proptereaidcm
738 2345 860 2435 abbaS,
883 2349 928 2420 ad
944 2353 1141 2422 conventus
1160 2348 1392 2436 senteutiam,
1410 2355 1447 2420 et
1464 2371 1545 2420 rem
1557 2345 1679 2443 judica-

366 2485 437 2554 tam
454 2483 584 2549 contra
600 2473 786 2570 predictos
812 2480 1034 2569 reportasset
1056 2478 1092 2546 et
1115 2473 1331 2548 obtinuisset
1352 2495 1415 2547 eos
1433 2473 1480 2544 ob
1506 2495 1581 2546 non
1596 2469 1678 2568 pari·
1742 2479 1743 2550 j

361 2599 711 2676 tionemlitterarum
723 2596 1019 2671 executorialium
1033 2597 1200 2670 incidisse
1212 2597 1675 2686 sententias‚censurasetc.

363 2723 557 2811 declarari,
586 2746 628 2796 ac
650 2722 799 2794 eosdem
821 2721 1020 2819 aggravari,
1046 2723 1291 2819 reaggravari,
1328 2722 1421 2810 loca,
1457 2725 1548 2808 etc,
1581 2719 1679 2792 inter-

363 2851 434 2926 dici
457 2873 570 2944 usquo
598 2847 643 2920 ad
663 2845 928 2922 invocationem
947 2847 1068 2922 auxilii
1091 2847 1228 2922 brachii
1250 2846 1424 2922 secularis
1443 2844 1628 2927 inclusive,
1651 2845 1677 2912 ot

364 2976 461 3048 idom
483 2971 666 3046 iohannes
692 2969 736 3043 de
762 2973 883 3059 Trota,
906 2971 1090 3045 lohannes
1110 2975 1230 3046 Mersa
1256 2976 1292 3046 et
1314 2971 1492 3046 Henricus
1521 2987 1678 3044 censuras

285 3189 288 3195 Ι
365 3097 577 3196 hujusmodi
606 3095 812 3170 nullatenus
843 3096 1095 3186 formidarent,
1129 3105 1341 3194 procurator
1368 3095 1502 3170 fiscalis
1541 3090 1679 3168 obtinuit

367 3222 545 3298 committi
571 3232 697 3294 contra
714 3245 777 3294 eos
796 3243 943 3296 causam
963 3227 1000 3296 et
1019 3222 1226 3296 citationem
1250 3221 1297 3296 ad
1315 3219 1600 3318 comparendum
1614 3237 1680 3314 per·
1743 3215 1744 3268 3

366 3348 539 3424 sonaliter
553 3347 589 3420 iu
612 3349 772 3420 Romana
788 3346 900 3437 curia,
921 3369 1046 3420 coram
1071 3346 1234 3420 auditore
1254 3346 1525 3422 adducendum
1548 3343 1627 3442 quid
1643 3341 1678 3412 dr

365 3475 436 3548 tide
468 3471 644 3546 sentirent
669 3477 704 3546 ot
727 3472 878 3568 aliisque
911 3471 947 3544 iu
976 3472 1151 3546 similibus
1173 3473 1258 3570 poni
1286 3478 1564 3546 consueverunt.
1594 3467 1678 3542 ldem

358 3595 550 3674 Johannes
564 3596 608 3670 de
622 3600 743 3686 Trota,
755 3598 939 3672 tohannas
956 3601 1079 3674 Mursa
1094 3604 1131 3674 et
1146 3598 1323 3672 Henricus
1341 3598 1512 3696 componi
1530 3598 1679 3670 iecerunt

364 3724 503 3798 litteras
520 3722 766 3796 excusatorias
782 3723 828 3796 ad
850 3725 912 3796 SS.
933 3726 974 3796 D.
999 3726 1040 3795 N.
1059 3723 1307 3809 Alexandrum
1329 3727 1464 3820 Papam
1481 3726 1544 3810 Vt,
1562 3741 1627 3817 que
1642 3714 1678 3786 dc

368 3871 494 3922 mense
513 3847 684 3920 februarii
704 3847 865 3944 proxime
882 3848 1057 3943 preteriti,
1078 3848 1222 3923 sirecte
1240 3847 1404 3938 memini,
1423 3843 1609 3922 Sanctitati
1625 3863 1677 3913 sur

369 3977 577 4069 presentata
594 3972 752 4060 suerunt,
770 3972 979 4070 hujusmodi
998 3974 1147 4063 tenoris,
1167 3975 1211 4048 de
1230 3973 1336 4049 rerbo
1354 3972 1564 4048 adverbum
1582 3995 1589 4042 :

419 4129 436 4164 «
464 4095 700 4172 sanctissimo
728 4097 765 4170 in
785 4097 929 4171 Christo
963 4098 1058 4172 Patri
1083 4107 1118 4174 et
1145 4098 1299 4174 Domino
1325 4097 1548 4187 Alexandro,
1575 4091 1677 4168 divina

365 4221 593 4321 providentia
617 4221 783 4295 Pontitici
808 4222 980 4315 maximo,
999 4223 1184 4298 tohannes
1202 4224 1247 4299 de
1269 4227 1379 4298 Treta
1399 4246 1510 4320 eques
1530 4226 1674 4302 auratus,

364 4347 552 4422 iohannes
569 4349 691 4420 Mersa
708 4353 745 4422 et
765 4348 942 4422 Henricus
960 4348 1067 4440 Pack,
1088 4349 1273 4446 armigeri,
1291 4355 1373 4447 post
1391 4347 1567 4422 humilem
1582 4349 1677 4419 Sanc*

367 4473 480 4546 titatis
496 4475 613 4546 vestre
629 4471 763 4570 pedum
781 4473 1062 4564 osculatioucm;
1077 4475 1172 4547 venit
1186 4476 1231 4547 ad
1247 4497 1327 4565 nos,
1345 4473 1553 4548 beatissime
1570 4475 1675 4550 Pater,

365 4621 431 4696 por
450 4596 552 4672 triste
567 4619 706 4694 ⁸novum
725 4621 796 4693 quo
817 4599 993 4673 certiores
1009 4599 1093 4674 tacti
1111 4623 1249 4690 sumus,
1268 4624 1334 4673 nos
1350 4623 1371 4672 a
1389 4598 1503 4673 fiscali
1518 4592 1677 4672 Sanctita-

365 4723 411 4794 tis
438 4730 556 4796 vestre
583 4721 629 4795 ad
655 4724 788 4798 Urbem
816 4747 896 4796 esse
921 4724 1064 4814 citatos,
1085 4724 1174 4798 utin
1191 4725 1346 4822 propriis
1374 4723 1540 4822 personis
1568 4735 1674 4794 coram

366 4847 532 4924 auditore
560 4849 760 4924 camerario
784 4850 1021 4946 comparituri
1047 4851 1244 4925 doceamus
1269 4875 1335 4926 nos
1357 4851 1572 4926 christianos
1594 4864 1673 4926 esso,

366 4973 454 5047 acsi
480 4973 567 5070 quid
583 4975 664 5048 novi
683 4975 727 5048 de
755 4973 826 5048 tide
854 4955 1066 5064 sentiamus,
1095 4975 1256 5074 alioquin
1280 4976 1462 5053 hereticos
1481 4985 1516 5052 et
1533 4969 1674 5072 predicte

402 5251 425 5307 1.
447 5251 483 5306 Ce
495 5255 666 5327 paragrapho
682 5253 853 5312 n'cstdoune
867 5271 921 5327 que
936 5271 986 5326 par
1000 5253 1039 5312 ies
1052 5271 1118 5312 mss.
1135 5254 1226 5328 Chigi,
1242 5256 1352 5321 5522-4,
1365 5261 1392 5311 et
1409 5255 1505 5310 13737.
1586 5327 1588 5334 Ι
