3590 6042
352 609 388 667 50
810 604 984 662 JOHANNlS
1008 605 1230 677 BURCHAHDI,
1538 615 1605 674 {blut
1619 617 1702 680 two]

353 760 608 860 colligendam,
623 757 812 832 levandam
825 764 862 832 et
882 758 1096 856 exigendam
1118 760 1213 834 inira
1235 760 1434 836 terminum
1454 785 1521 860 per
1541 765 1693 858 legatus

354 886 426 960 sive
442 883 588 958 nuntios
604 887 641 956 et
653 883 867 961 collectores
882 907 949 984 per
968 913 1035 963 nos
1059 913 1169 986 super
1194 911 1321 962 omnes
1346 889 1595 986 deputandos,
1613 895 1670 965 eis

353 1013 436 1088 dem
451 1009 719 1108 pretigendum,
731 1009 768 1084 in
783 1012 1003 1108 premissum
1018 1013 1102 1087 tidei
1117 1019 1191 1087 tam
1208 1036 1415 1105 commune,
1429 1019 1504 1088 tam
1519 1021 1696 1092 sanctum

353 1143 500 1233 tamque
524 1134 774 1210 necessarium
801 1159 915 1235 opus,
949 1139 1117 1214 videlicet
1143 1143 1273 1214 eontra
1295 1139 1392 1238 ipsos
1421 1141 1698 1238 perfidissimos

353 1266 487 1336 Turcas
501 1264 537 1335 et
551 1259 677 1342 nonin
700 1259 789 1334 alios
803 1285 890 1336 usus
904 1264 1183 1357 convertendos,
1197 1266 1396 1363 apostolica
1417 1265 1636 1340 auctoritate
1653 1273 1697 1342 ct

353 1414 404 1464 ex·
419 1395 522 1464 certa
536 1385 839 1479 scientianostre,
857 1395 986 1467 tenore
1007 1391 1233 1490 presentium
1254 1415 1321 1489 per
1341 1387 1539 1466 triennium
1560 1417 1581 1466 a
1605 1393 1696 1466 data

351 1515 576 1614 presentium
599 1513 883 1610 computandum
909 1516 1141 1615 imponimus,
1160 1524 1197 1592 et
1218 1521 1258 1590 ut
1277 1517 1458 1615 premissa
1476 1525 1695 1613 metu'pene

353 1643 398 1717 ab
409 1640 577 1716 omnibus
590 1637 844 1714 inviolabiliter
855 1641 1107 1734 observentur,
1121 1641 1694 1734 contradictores,inobedientes

353 1773 389 1841 et
412 1764 569 1842 rebelles
591 1767 654 1838 aut
676 1763 835 1840 scienter
856 1767 1068 1844 fraudantes
1086 1775 1119 1843 et
1137 1767 1347 1866 hujusmodi
1367 1767 1529 1842 decimas
1545 1766 1694 1868 integre

352 1917 425 1968 non
442 1893 636 1984 solventes,
654 1891 917 1991 cujuscumque
935 1901 1064 1986 status,
1081 1895 1226 1994 gradus,
1245 1893 1382 1969 ordinis
1398 1897 1434 1968 et
1450 1893 1629 1990 potentie,
1649 1899 1693 1968 ut

352 2021 555 2120 prefertur,
584 2014 741 2106 luerint,
767 2017 999 2114 patriarcali,
1032 2017 1333 2118 archiepiscopali
1370 2023 1433 2092 aut
1460 2019 1531 2093 alia
1563 2019 1694 2118 quavis

353 2146 507 2222 ecclesie
530 2141 761 2242 prefulgeant
786 2144 980 2243 dignitate,
1006 2141 1388 2222 excommunicationis
1416 2148 1453 2218 et
1481 2143 1695 2242 privationis

354 2271 615 2360 ecclesiarum,
656 2269 963 2344 monasteriorum
1004 2271 1233 2368 aliorumque
1263 2269 1548 2363 beneficiorum,
1581 2277 1621 2344 et
1654 2277 1694 2344 ut

352 2397 520 2474 vocontio
537 2391 725 2492 impetrari
741 2396 778 2466 et
796 2393 912 2471 libere
937 2397 1105 2472 conferri·
1120 2396 1274 2495 possint,
1293 2395 1493 2470 sententias
1516 2401 1551 2470 et
1575 2419 1693 2494 penas

353 2525 450 2623 ipsas
471 2525 550 2622 ipso
573 2521 667 2596 lacto
690 2520 882 2596 incurrere
903 2523 1153 2615 declaramus;
1171 2523 1302 2620 quibus
1326 2521 1517 2597 sententiis
1536 2543 1694 2597 venera·

353 2651 445 2725 biles
458 2651 592 2724 iratres
605 2649 718 2723 nostri
734 2647 939 2723 cardinales
952 2649 1109 2747 predicti
1124 2649 1210 2724 buic
1226 2655 1353 2724 sancto
1365 2649 1465 2746 operi
1481 2671 1553 2724 uno
1568 2647 1693 2722 nobis-

354 2799 437 2850 cum
461 2780 537 2850 toto
567 2773 688 2849 cordis
718 2774 848 2847 affectu
877 2774 1037 2868 intente,
1069 2779 1197 2874 sponte
1235 2773 1362 2872 scripti
1399 2797 1438 2848 se
1472 2775 1691 2852 submittere

353 2903 563 2991 voluerunt;
593 2903 794 2975 statuentes
819 2899 927 2972 etiam
943 2905 991 2972 ut
1013 2923 1140 2976 omnes
1162 2909 1198 2977 et
1221 2899 1362 3000 singule
1377 2921 1625 2997 personaque
1645 2899 1693 2974 ob

355 3051 427 3102 non
442 3027 601 3101 solutum
618 3027 691 3099 sive
703 3021 1018 3098 defraudationem
1033 3025 1259 3102 decimarum
1273 3025 1329 3100 vel
1341 3025 1430 3100 alias
1439 3047 1692 3123 quascumque

356 3152 568 3228 occasiones
592 3151 855 3248 premissorum
884 3151 1270 3227 excommunicationis
1302 3151 1479 3226 sententie
1513 3149 1691 3225 innodate

355 3278 504 3351 luerunt
518 3275 563 3352 ab
577 3273 724 3350 alionisi
735 3297 802 3370 per
816 3275 1549 3375 Romanumpontificem,preterquamin
1561 3275 1692 3350 mortis

355 3403 507 3478 articulo
530 3403 743 3492 constitute,
771 3405 806 3475 et
830 3399 898 3474 nisi
920 3399 1022 3498 prius
1047 3400 1231 3477 satisfacto
1256 3403 1300 3478 de
1325 3403 1381 3477 bis
1409 3427 1480 3500 que
1513 3409 1689 3478 tenentur

355 3529 490 3605 absolvi
504 3539 685 3629 nequeant
699 3553 816 3626 neque
833 3529 1097 3603 absolutionem
1112 3526 1228 3626 ipsam
1239 3529 1360 3604 tamin
1371 3528 1450 3604 loro
1462 3528 1689 3604 conscientie

355 3680 465 3765 quam
485 3656 724 3746 contentios0,
740 3661 776 3730 et
797 3653 1110 3751 impetrationibus
1132 3655 1407 3748 beneficiorum,
1425 3655 1482 3729 rel
1499 3653 1579 3728 eliis
1604 3657 1688 3754 qui-

356 3783 580 3878 buscumque
596 3779 719 3878 gratiis
733 3777 930 3854 obtinuisse
946 3785 1163 3856 censeantur
1182 3785 1217 3855 et
1232 3781 1302 3855 nisi
1318 3780 1362 3856 de
1382 3781 1683 3856 excommunica-

355 3905 463 3982 tionis
485 3905 665 3980 sententia
684 3903 904 4003 hujusmodi,
928 3911 963 3979 et
987 3905 1033 3980 ob
1059 3927 1168 4003 quam
1184 3929 1332 3981 causam
1349 3931 1429 3982 eam
1445 3905 1683 3996 incurrerint,

358 4032 564 4131 specificam
581 4035 617 4105 et
633 4053 840 4130 expressam
856 4030 1007 4105 iecerint
1020 4031 1257 4126 mentionem,
1275 4031 1633 4131 alioquin-absolutio
1651 4039 1688 4106 et

357 4157 479 4232 littere
515 4157 713 4256 apostolice
738 4179 781 4230 oc
807 4179 1033 4254 quecumque
1067 4158 1323 4233 concessiones
1358 4155 1620 4235 beneficiorum
1641 4163 1688 4232 ‘et

357 4281 472 4383 gratie
488 4282 554 4357 snb
570 4281 693 4380 quavis
708 4283 907 4357 verborum
920 4282 1037 4358 lorma
1053 4307 1226 4359 concesse
1248 4284 1454 4360 nullatenus
1479 4285 1530 4359 eis
1556 4283 1690 4358 suffra⁴

283 4468 289 4482 .
359 4413 491 4509 gentur
514 4409 720 4508 nulliusque
743 4410 814 4484 sint
836 4407 981 4483 roboris
1013 4417 1049 4484 et
1073 4411 1270 4502 momenti,
1295 4411 1457 4488 volentes
1481 4432 1625 4508 quoque
1653 4393 1694 4484 el

357 4535 596 4612 decernentes
620 4535 716 4633 quod
740 4536 782 4628 si,
799 4542 946 4611 auctore
964 4536 1136 4630 Domino,
1163 4533 1364 4638 protligatis
1387 4538 1572 4630 hostibus,
1601 4535 1689 4613 [idei

357 4662 547 4739 victoriam
570 4661 787 4737 christianus
813 4661 992 4738 exercitus
1016 4671 1326 4762 consequeretur,
1354 4663 1436 4737 finis
1467 4662 1553 4737 huic
1587 4661 1688 4736 bello

357 4788 548 4888 impositus
564 4792 675 4880 esset,
693 4787 722 4861 si
736 4788 773 4861 in
791 4791 834 4862 ll⁰
853 4787 908 4863 vel
931 4791 991 4861 lll⁰
1007 4811 1101 4862 anno
1124 4813 1204 4864 esse
1229 4789 1439 4888 contigerit,
1453 4796 1549 4863 ¹tunc
1574 4785 1620 4862 ab
1645 4811 1692 4861 eo

358 4921 521 5014 tempore
542 4915 650 5008 citra,
675 4913 905 5012 expeditione
928 4921 1109 5004 cessante,
1135 4913 1277 4988 decima
1300 4913 1511 5012 hujusmodi
1530 4912 1689 5010 amplius

359 5063 432 5115 non
447 5042 587 5116 levetur
602 5053 670 5116 nec
686 5039 861 5138 exigatur.
880 5037 982 5111 Circa
1004 5061 1089 5112 vero
1115 5035 1369 5114 collectionem
1394 5027 1430 5114 et
1455 5039 1688 5113 exactionem

359 5171 432 5238 tam
448 5166 672 5241 decimarum
688 5189 797 5264 quam
818 5161 1051 5260 pecuniarum
1073 5164 1315 5260 quarumlibet
1338 5171 1374 5238 et
1395 5164 1550 5238 aliorum
1571 5163 1689 5237 bono·

356 5313 439 5364 rum
456 5291 708 5389 undecumque
724 5296 761 5367 et
775 5287 1115 5388 quomodocumque
1129 5287 1175 5363 ad
1189 5289 1260 5364 hoc
1273 5297 1438 5366 sonetum
1455 5313 1545 5388 opus
1562 5311 1690 5387 prove-
