3520 6036
238 489 296 548 att·
698 485 871 542 tonsurus
897 485 1116 554 concitarent,
1400 489 1484 550 [svnt
1502 491 1577 552 reon

238 645 327 718 seria
338 649 507 718 currente
526 666 609 715 cum
627 639 977 715 commemoratione
990 640 1033 714 de
1050 641 1156 714 beate
1167 639 1317 737 Virgine
1331 648 1367 714 et
1382 665 1445 738 pro
1458 645 1572 738 Papa.

238 775 277 842 ln
301 770 449 842 introitu
471 767 639 858 ecclesie,
664 766 839 839 Ascanius
865 766 996 840 obtulit
1017 769 1114 862 Papa
1136 789 1284 840 crucem
1311 766 1573 854 osculandam,

237 894 367 967 deinde
392 897 488 990 Papa
511 892 643 966 obtulit
665 891 855 964 incensum
883 892 920 964 in
940 891 1106 966 navicula
1131 914 1199 988 pro
1226 891 1383 964 Ascanio
1405 891 1467 987 qui
1490 914 1576 964 eum

235 1019 451 1101 incensavit,
488 1018 619 1091 deinde
651 1016 750 1090 dedit
780 1018 813 1088 ei
845 1017 1093 1113 aspersorium
1125 1022 1162 1090 et
1198 1021 1297 1114 Papa
1326 1017 1479 1113 aspersit
1514 1039 1576 1090 ses

237 1145 383 1216 demum
401 1143 504 1232 alioS,
527 1142 721 1240 genuflexit
738 1141 773 1213 in
789 1148 918 1239 parato
937 1141 1138 1215 faldistorio
1158 1149 1242 1214 ante
1262 1141 1376 1215 altare
1399 1150 1435 1214 et
1451 1166 1578 1214 versus

236 1270 281 1342 ad
303 1287 451 1342 crucem
477 1291 594 1356 suam,
624 1268 743 1364 capite
770 1267 928 1359 detecto,
958 1267 1145 1341 benedixit
1171 1267 1318 1365 populo,
1343 1267 1420 1339 sinc
1448 1275 1575 1346 cantu,

238 1394 362 1488 dicens
380 1421 385 1465 :
404 1393 461 1464 Sit
485 1417 611 1464 norrea
632 1392 781 1464 Domini
801 1391 1039 1475 benedictoria·
1056 1399 1091 1466 et
1114 1393 1246 1466 iterum
1268 1392 1431 1466 osculato
1452 1393 1575 1480 altari,

236 1518 366 1590 obtulit
387 1543 452 1614 pro
470 1541 514 1592 eo
534 1540 703 1613 supereo
720 1521 762 1589 D.
782 1517 946 1590 Julianus
963 1517 1063 1608 Cibo,
1084 1517 1325 1591 cubicularius
1343 1541 1443 1606 suuS,
1461 1517 1580 1590 duca-

236 1651 292 1714 tos
322 1643 448 1715 decem
476 1644 515 1722 in
535 1664 638 1714 auro.
669 1641 839 1715 Ascendit
865 1665 1011 1737 equum,
1044 1647 1080 1715 et
1108 1649 1205 1716 recta
1233 1644 1300 1729 via,
1330 1643 1502 1739 equitavit
1530 1643 1581 1715 ad

237 1791 265 1838 s.
295 1771 442 1839 Petrum
469 1791 536 1863 per
560 1767 707 1839 domum
731 1770 980 1841 parmensem.
1014 1767 1222 1842 Cardiuales
1251 1768 1461 1864 equitarunt
1493 1775 1582 1865 post

236 1895 372 1988 Papam
396 1891 605 1964 immediate
629 1901 710 1988 post
734 1915 899 1965 crucem:
929 1893 963 1964 in
992 1892 1141 1966 introitu
1167 1893 1301 1989 pontiS,
1329 1893 1437 1967 vertit
1464 1916 1503 1965 se
1528 1893 1579 1966 ad

237 2015 437 2088 cardinales
464 2023 498 2088 et
518 2017 619 2090 dedit
637 2016 689 2088 eis
712 2017 1003 2090 benedictionem
1025 2023 1061 2088 et
1083 2017 1271 2090 licentiam
1293 2017 1392 2112 quod
1409 2017 1580 2090 redirent

236 2141 387 2236 quisque
404 2141 553 2214 domum
570 2165 670 2214 suam
687 2165 693 2211 :
716 2141 957 2214 interfuerunt
974 2141 1099 2238 viginti
1118 2142 1274 2238 quinque
1295 2142 1512 2216 cardinales.

286 2265 475 2339 Dominica
497 2267 717 2362 palmorum,
743 2267 869 2338 ultima
891 2267 1027 2352 martii,
1056 2271 1150 2364 Papa
1173 2267 1355 2340 benedixit
1373 2267 1515 2364 palmas
1536 2269 1581 2340 in

237 2389 378 2486 capella
397 2391 524 2487 majori
546 2399 580 2464 et
601 2391 782 2463 distribuit
802 2415 862 2462 eas
883 2412 983 2462 more
1003 2391 1121 2464 solito.
1147 2393 1279 2464 Orator
1294 2395 1456 2466 Venetus
1472 2391 1582 2466 dedit

236 2537 366 2608 aquam
398 2514 563 2588 manibus
592 2518 713 2611 Pape;
746 2513 940 2588 cardinalis
970 2515 1159 2612 Regiensis
1189 2515 1382 2588 celebravit
1407 2515 1579 2602 missam,

237 2638 419 2734 prefectus
447 2640 551 2712 Urbis
576 2640 690 2712 tenuit
717 2639 875 2736 palmam
902 2663 923 2712 a
949 2640 1085 2712 dextris
1112 2647 1149 2713 et
1174 2643 1217 2712 D.
1245 2641 1427 2726 NicolanS,
1456 2639 1583 2713 frater

237 2763 429 2836 ceredinalis
453 2789 481 2834 s.
514 2765 607 2837 Petri
635 2765 680 2836 ad
704 2765 853 2840 Vincula
885 2788 906 2837 a
935 2765 1111 2838 sinistris:
1143 2765 1319 2838 diaconus
1342 2764 1478 2861 capelle
1505 2765 1581 2840 sub

238 2909 324 2960 roco
348 2889 523 2984 crarrgelii
550 2895 585 2962 et
607 2891 679 2961 duo
705 2899 870 2962 cantores
896 2890 1043 2986 Hispani
1073 2890 1138 2963 sub
1154 2891 1236 2962 aliis
1258 2891 1425 2978 vocibus,
1457 2897 1493 2963 et
1519 2891 1583 2963 bis

236 3019 425 3086 cantarunt
457 3015 578 3109 plures
612 2995 818 3110 passionem
853 3023 890 3088 ut
923 3016 1027 3088 annis
1057 3016 1329 3112 superioribus;
1362 3017 1432 3088 alia
1464 3015 1577 3090 more

236 3135 418 3235 solitott).

286 3261 350 3333 Die
376 3261 475 3352 lune,
504 3269 518 3336 l
547 3263 685 3360 aprilis,
712 3266 878 3353 lacobus,
907 3266 1101 3362 episcopus
1126 3265 1347 3350 Caiacensis,
1379 3267 1506 3350 Rome,
1534 3263 1577 3336 iu

238 3386 402 3458 sacristia
416 3411 444 3458 s.
467 3389 650 3460 Laurentii
669 3389 704 3460 in
721 3392 888 3480 Damas0,
910 3391 1033 3486 vigore
1053 3389 1329 3486 supplicationis
1349 3412 1415 3484 per
1438 3391 1500 3460 SS.
1523 3391 1572 3460 D.

236 3517 397 3582 nostrum
429 3514 580 3610 signate,
607 3515 783 3588 ordinavit
810 3519 953 3586 ltmum.
983 3519 1024 3588 D.
1053 3513 1276 3587 cardinalem
1302 3537 1331 3586 s.
1362 3513 1503 3609 Georgii
1535 3513 1575 3585 iu

236 3635 510 3732 presbyterum:
533 3638 695 3711 officium
715 3639 850 3712 dictum
870 3639 936 3712 lnit
952 3638 995 3710 de
1013 3639 1105 3711 teria
1124 3644 1312 3712 currente.

288 3759 349 3830 Die
367 3762 507 3850 martis
528 3763 702 3856 ttrpriliS,
725 3767 766 3834 D.
787 3769 924 3854 Petrus,
943 3763 1135 3858 episcopus
1155 3763 1509 3858 Carpentoratensis,
1533 3769 1571 3838 in

236 3885 376 3982 capella
392 3885 519 3980 majori
539 3886 575 3956 in
592 3886 727 3980 palatio
743 3889 838 3982 apud
854 3911 883 3959 s.
903 3891 1046 3970 Petrum
1067 3882 1109 3958 ex
1130 3887 1390 3960 commissione
1407 3894 1442 3961 et
1457 3889 1575 3963 licen·

235 4013 282 4082 tin
301 4033 366 4107 per
383 4011 444 4080 SS.
465 4012 507 4080 D.
529 4016 707 4098 nostrum,
726 4012 800 4084 vive
816 4013 910 4084 vocis
929 4012 1091 4098 oraculo,
1114 4011 1339 4084 cardinalem
1359 4038 1387 4082 s.
1407 4014 1503 4085 Petri
1523 4017 1571 4087 ad

234 4133 396 4217 Vincula,
419 4157 476 4204 me
496 4141 678 4229 presente,
693 4135 788 4224 data,
807 4136 983 4209 ordinavit
997 4136 1166 4209 eumdem
1183 4136 1406 4208 cardinalem
1422 4139 1466 4210 ad
1484 4163 1574 4233 qua-

234 4267 315 4331 tuor
335 4257 512 4348 minores,
533 4259 830 4351 subdiaconatus,
854 4261 1067 4333 diaconatus
1090 4269 1125 4334 et
1147 4261 1418 4358 presbyteratus
1444 4285 1573 4336 sacros

233 4384 403 4456 ordines:
427 4383 536 4455 missa
557 4383 655 4456 dicta
675 4393 727 4457 ost
746 4387 790 4457 de
807 4387 898 4459 seria
914 4393 1095 4477 currente,
1115 4387 1251 4482 absque
1266 4385 1390 4482 aliqua
1404 4409 1571 4462 comme-

232 4511 453 4582 moratione.
1386 4561 1391 4574 .

281 4635 347 4706 Die
376 4635 567 4724 mercurii,
592 4641 611 4708 3
638 4635 774 4734 aprilis,
803 4639 845 4708 D.
871 4635 1071 4732 [Raplracl],
1098 4635 1290 4731 opiscopus
1315 4635 1570 4732 llelphitensis

233 4759 408 4831 ordinarit
431 4765 472 4832 D.
494 4764 518 4832 F
522 4761 744 4850 rancisrnrn,
766 4760 921 4834 electum
947 4759 1226 4855 llelpbitensem
1251 4761 1296 4832 ad
1316 4767 1476 4855 ¹quatuor
1503 4763 1570 4834 uri-

234 4907 340 4956 noros
365 4884 526 4970 ordines,
552 4885 848 4972 subdiaconatus,
867 4885 1091 4973 diaconatus
1112 4892 1146 4958 et
1171 4885 1381 4976 Antonium,
1409 4885 1568 4959 electum

268 5073 296 5125 l.
320 5072 356 5127 Co
373 5075 544 5146 paragrapho
558 5083 599 5128 est
613 5074 681 5127 suiri
698 5073 730 5126 de
746 5073 772 5126 la
790 5072 914 5144 listetdes
930 5074 1077 5128 cardinaux
1094 5071 1217 5127 aladate
1233 5071 1467 5128 du2tlddcambre
1480 5073 1561 5129 15ot.

234 5161 310 5213 tlt-tto
326 5161 397 5223 tiste,
415 5169 573 5234 transposeo
589 5164 657 5216 (lans
673 5162 711 5216 les
727 5179 805 5227 mss,
823 5169 865 5216 est
876 5162 982 5217 donnes
996 5161 1057 5234 plus
1073 5160 1124 5214 loin
1141 5163 1195 5216 asa
1209 5159 1286 5234 place
1301 5159 1528 5232 chronologicus.
