3590 6042
103 463 199 522 ,tmvter
214 460 280 520 taut]
404 455 531 516 RERUM
557 453 785 514 subsannent
808 455 1071 520 uuunsu't'natr.
1371 454 1407 512 95

101 607 406 712 propriosauguine
423 613 741 699 consecraverunt,
753 608 835 686 etin
852 630 1007 705 querum
1020 605 1179 682 basilicis
1190 605 1406 680 subillsrum

100 735 275 835 majoribus
299 733 473 808 altaribus
507 733 671 832 ipsorum
697 734 942 832 apostolorum
965 753 1120 830 corpora
1139 731 1298 830 gloriosa
1318 737 1357 805 et
1374 731 1411 804 iu

98 864 215 960 majore
226 860 327 936 altari
339 860 495 936 ecclesie
513 860 769 934 Lateraoensis
780 859 899 957 capite
913 859 1102 936 recondita
1113 857 1315 933 honorilice
1327 880 1410 932 cou-

97 993 272 1074 servantur,
290 1009 357 1084 pro
374 985 611 1082 indulgentiis
627 984 715 1058 dicti
729 985 860 1083 jubilei
876 983 1143 1082 consequendis
1157 983 1410 1080 undecumque

96 1111 313 1210 personaliter
335 1111 526 1200 accedere,
551 1133 617 1184 nos
637 1133 703 1208 per
726 1109 814 1184 alias
837 1109 996 1186 diversas
1015 1110 1155 1184 litteras
1174 1116 1316 1184 nostras
1333 1109 1411 1207 ple·

96 1238 262 1312 nissimam
288 1235 403 1333 ipsius
427 1235 511 1308 anni
530 1233 658 1333 jubilei
677 1234 940 1332 indulgentiam
961 1235 1174 1334 litterasque
1197 1233 1410 1310 eorumdem

96 1363 377 1461 predecessorum
398 1367 607 1436 nostrorum
633 1361 789 1458 desuper
808 1367 1008 1452 emanatas,
1031 1360 1075 1435 de
1099 1361 1252 1436 lratrum
1270 1366 1412 1434 nostru-

97 1512 161 1568 rrrm
180 1487 328 1564 consilio
355 1488 590 1585 approbando
618 1495 654 1562 et
682 1487 901 1580 innovando,
928 1512 975 1562 ne
999 1487 1229 1586 contingeret
1255 1487 1412 1584 aliquem

97 1617 243 1711 ignorare
266 1637 332 1688 seu
354 1613 521 1688 dubitare
537 1636 610 1711 quo
627 1621 790 1712 tempore
811 1637 927 1690 annus
946 1613 1013 1688 iste
1032 1613 1162 1712 jubilei
1186 1613 1364 1711 inciperet
1378 1617 1415 1686 et

96 1762 152 1835 que
172 1745 205 1814 at
229 1745 318 1836 quot
341 1739 496 1814 ecclesie
521 1762 587 1836 pro
616 1738 712 1814 dicta
738 1739 1001 1836 consequenda
1025 1737 1248 1836 indulgentia
1275 1744 1309 1813 et
1327 1743 1415 1834 quot

94 1864 203 1937 diebus
235 1864 284 1938 illi
314 1863 457 1938 visitari
487 1863 677 1954 deberent,
705 1888 749 1940 ex
773 1869 874 1939 certa
899 1869 1026 1940 nostra
1053 1864 1208 1940 scientia
1232 1888 1298 1962 per
1325 1862 1413 1936 alias

94 1988 212 2062 litteras
229 1996 376 2064 nostras
397 1987 566 2062 omuibus
585 1993 622 2064 et
638 1989 789 2087 singulis
803 1991 995 2087 utriusqus
1012 2012 1119 2064 sexus
1143 1987 1275 2063 Christi
1293 1986 1412 2062 fideli-

96 2113 148 2186 bus
162 2137 224 2211 per
241 2113 454 2188 universum
471 2113 601 2188 orbem
613 2113 818 2190 constitutis
832 2093 1081 2188 nrrnciavimus
1097 2121 1133 2187 et
1148 2112 1413 2188 declaravimus

96 2239 196 2333 ipsum
210 2263 351 2314 aunum
364 2238 495 2338 jubilei
517 2239 553 2312 iu
572 2238 696 2336 vigilia
714 2250 750 2313 et
764 2239 892 2337 primis
911 2239 1073 2338 vesperis
1091 2237 1293 2314 Natiuitatis
1315 2239 1413 2334 ejus-

94 2363 162 2438 dem
175 2368 215 2438 b.
234 2369 276 2441 N.
297 2369 387 2440 lesu
401 2364 535 2442 Christi
551 2365 737 2462 preteritis
752 2364 938 2457 inchoare,
954 2369 1060 2464 prout
1076 2365 1112 2438 in
1124 2365 1264 2440 eisdem
1278 2363 1412 2439 nostris

94 2488 213 2579 litteris,
238 2515 396 2588 quarum
422 2496 582 2580 tenores,
612 2515 654 2566 ac
681 2490 711 2566 si
734 2491 778 2566 de
802 2492 912 2566 verbo
935 2492 981 2566 sd
1004 2491 1155 2565 verbum
1180 2489 1411 2587 presentibus

32 2653 36 2666 ·
95 2614 343 2705 insererentur,
364 2615 494 2691 haberi
518 2615 696 2692 soluimus
717 2640 783 2714 pro
805 2616 1029 2692 sufficienter
1049 2615 1244 2713 expressis,
1270 2614 1414 2712 plenius

94 2741 295 2817 continetur.
312 2745 402 2817 Cum
415 2747 537 2817 autem
554 2743 646 2818 sicut
662 2743 922 2818 nonnullorum
939 2743 1010 2817 side
1025 2742 1221 2839 dignorum
1238 2739 1414 2815 relatione

95 2869 284 2966 accepimus
300 2869 538 2967 quamplures
553 2869 690 2944 Christi
706 2869 847 2960 fideles,
865 2870 975 2946 etiam
989 2869 1269 2966 archiepiscopi,
1292 2890 1411 2964 reges,

96 2993 213 3090 regine,
239 2994 371 3084 duces,
396 2993 596 3092 principes,
619 2993 864 3085 marchiones
891 2994 1047 3083 nobiles,
1070 2993 1233 3083 abbates,
1254 2993 1409 3090 priores,

95 3115 256 3196 abbatisse
273 3127 315 3196 ot
330 3117 502 3216 priorisse
518 3141 560 3194 ao
576 3117 644 3193 alie
656 3141 813 3217 persone
829 3119 1088 3210 ecclesiastice,
1103 3117 1212 3192 etiam
1226 3117 1410 3224 religiose,

97 3250 124 3315 et
147 3245 331 3320 seculares
360 3243 549 3342 utriusque
578 3268 686 3320 sexus
714 3267 780 3342 per
806 3245 1014 3320 universam
1044 3245 1183 3320 ltaliam
1212 3240 1413 3332 constituti,

95 3366 302 3444 devotissimi
326 3369 473 3467 quidem
496 3375 532 3444 et
551 3370 685 3459 allecti,
704 3377 740 3444 et
755 3369 876 3468 cupidi
892 3369 1017 3445 salutis
1042 3369 1244 3445 animarum
1268 3391 1415 3442 suarum

96 3499 124 3568 et
147 3493 454 3594 indulgentiarum
484 3494 578 3572 dicte
611 3495 727 3586 Urbis,
747 3497 825 3593 jam
849 3495 910 3592 qui
929 3519 1025 3570 anno
1051 3493 1261 3593 hujusmodi
1287 3491 1416 3590 jubilei
1506 3554 1513 3566 .

96 3617 244 3714 durante,
261 3621 435 3696 basilicas
456 3627 492 3694 et
512 3620 601 3696 alias
621 3621 735 3720 ipsius
760 3621 865 3696 Urbis
891 3621 1063 3696 ecclesias
1078 3645 1144 3718 pro
1161 3617 1417 3716 consequenda

97 3745 295 3824 remissione
313 3753 350 3824 et
364 3746 588 3844 indulgentia
601 3747 810 3846 hujusmodi
826 3771 892 3846 por
907 3771 973 3822 nus
989 3747 1187 3846 approbata
1198 3751 1235 3822 et
1249 3746 1415 3820 innovata

96 3867 233 3950 libenter
246 3873 472 3964 visitassent,
491 3873 527 3946 in
544 3873 661 3965 renio,
679 3873 877 3966 debilitate,
900 3873 1063 3972 corporis
1077 3872 1297 3962 valetudine,
1316 3871 1417 3944 infir-

98 3995 217 4090 mitate,
232 3997 374 4095 inopia,
392 3997 606 4095 impote-ntia
619 3997 821 4074 divinorum
831 3999 1148 4096 humanorumque
1159 3996 1416 4096 obsequiorum

98 4121 141 4196 rel
151 4123 304 4200 aliorum
321 4124 558 4224 negociorum
574 4121 815 4222 occupatione
829 4121 967 4199 detenti
977 4145 1052 4199 non
1067 4121 1221 4197 luissent
1237 4128 1299 4196 aut
1314 4141 1419 4218 guor-

100 4263 203 4323 rnrum
232 4249 414 4340 turbines,
436 4251 566 4348 quihus
592 4249 671 4347 ipsa
694 4249 795 4326 ltalia
818 4249 982 4347 pluribus
1008 4248 1045 4322 in
1067 4247 1158 4322 locis
1182 4246 1328 4339 atllicto,
1354 4267 1419 4320 seu

99 4365 220 4448 itineris
240 4375 428 4468 distantia,
451 4383 488 4452 et
508 4375 797 4450 diversoriorum
817 4373 1040 4463 discrimina,
1064 4379 1100 4448 et
1119 4371 1300 4470 epidemie
1320 4393 1420 4444 mer·

99 4493 212 4576 bumm
225 4501 289 4598 qui
303 4501 415 4576 etiam
426 4501 561 4576 Urbem
577 4508 690 4576 estate
706 4499 870 4600 proxime
882 4497 1046 4574 discursu
1060 4497 1256 4598 plurimum
1269 4518 1419 4595 oppres·

101 4631 223 4716 serunt,
250 4625 416 4723 aliosque
445 4626 612 4702 sinistros
639 4633 787 4702 eventus
809 4648 884 4700 non
909 4624 1178 4716 formidassent,
1201 4623 1287 4720 quin
1310 4621 1420 4697 etiam

101 4747 149 4838 qui
167 4750 267 4826 nullo
288 4749 553 4850 impedimento
573 4751 711 4828 detenti
730 4751 898 4828 basilicas
920 4756 955 4826 et
975 4749 1149 4825 ecclesias
1164 4749 1261 4846 ipsas
1276 4746 1420 4821 visitare

101 4865 264 4950 haetenus
288 4900 363 4950 non
382 4884 664 4974 proposuerunt,
689 4876 836 4974 cupiant
856 4875 944 4950 alias
965 4871 1271 4972 indulgentiarum
1291 4871 1421 4968 hujus·

102 4997 184 5070 modi
200 4999 282 5075 lieri
299 5002 511 5100 participes;
529 5027 597 5078 nos
615 5005 675 5102 qui
691 5009 905 5078 cunctorum
924 5001 1085 5075 fidelium
1106 4999 1308 5074 animarum
1324 4995 1422 5070 salu-

103 5125 175 5212 tem,
200 5115 239 5198 ut
266 5149 314 5201 ex
342 5127 465 5204 debito
492 5129 682 5228 pastoralis
706 5137 873 5203 tenemur
901 5125 1025 5213 oflicii,
1053 5124 1200 5199 intentis
1230 5121 1420 5198 desideriis
