3520 6036
362 500 414 554 320
818 492 1241 562 touxnn1seuncunnm,
1450 493 1606 552 [uocemue
1624 499 1684 551 eos
1749 475 1750 534 ἒ

363 650 520 734 secreta,
535 644 626 718 dixit
644 643 732 716 mibi
751 643 848 738 quod
867 642 911 716 de
927 642 1038 716 missa
1052 647 1180 738 quarte
1194 641 1375 714 dominice
1401 644 1499 716 scire
1518 645 1685 718 volueriut

364 770 589 844 cardinales:
608 767 693 843 lecit
709 779 831 841 autem
848 767 1107 874 Neapolitanus
1123 790 1206 839 cum
1225 766 1304 840 aliis
1321 767 1418 863 quod
1437 779 1685 864 persuaserunt

364 900 483 992 Pape;
516 895 775 968 ordinaverunt
798 892 928 966 deinde
953 892 989 964 in
1015 891 1161 988 publico
1188 891 1285 988 quod
1308 897 1460 990 propter
1479 893 1685 968 brevitatem
1749 931 1750 938 κ

364 1020 435 1093 diei
451 1044 524 1093 non
538 1023 635 1092 esset
651 1017 774 1106 missa,
792 1017 856 1092 sed
871 1041 1021 1115 vespere
1039 1023 1177 1092 tanturn
1193 1017 1312 1114 vigilie
1324 1017 1521 1092 nativitatis
1537 1019 1684 1107 Domini,
1749 1029 1750 1032 ’

364 1151 400 1218 et
420 1145 517 1241 quod
542 1143 724 1218 Sanctitas
745 1167 812 1216 sua
833 1143 940 1216 vellet
959 1143 1137 1216 interesse
1156 1141 1345 1215 matutinis
1360 1142 1481 1215 noctis
1505 1143 1686 1216 nativitatis

364 1268 510 1352 Christi,
530 1277 564 1341 et
584 1269 680 1364 quod
699 1268 736 1340 in
755 1266 919 1342 dicendis
939 1266 1157 1340 lectionibus
1175 1271 1386 1362 sequeretur
1409 1289 1489 1339 mos
1513 1265 1684 1362 antiquus

363 1393 531 1467 videlicet
547 1392 646 1488 quod
666 1392 802 1466 chorus
827 1391 968 1466 diceret
988 1391 1145 1489 primam
1167 1390 1364 1466 lectionem
1383 1390 1428 1464 de
1447 1413 1521 1488 quo
1543 1391 1686 1464 avvisari

364 1517 540 1591 officiales
562 1517 741 1592 babentes
769 1517 892 1590 dicere
920 1515 1109 1590 lectiones.
1139 1515 1296 1589 Avxisavi
1321 1516 1540 1613 magistrum
1568 1515 1687 1589 domus
1749 1571 1750 1576 ,

359 1643 431 1714 uod
478 1643 687 1738 provideret
711 1643 757 1717 de
785 1619 979 1716 duodecim
1004 1640 1186 1714 scutiferis
1209 1645 1246 1713 ct
1276 1638 1471 1714 duodecim
1501 1640 1685 1714 intorticiis

362 1765 448 1848 Ibis,
490 1767 650 1862 quinque
699 1765 879 1840 librarum
906 1767 1094 1862 quolibet,
1121 1764 1329 1842 tenentibus
1356 1764 1393 1838 in
1419 1765 1630 1843 matutinis:
1655 1771 1686 1836 et
1749 1813 1750 1816 =

361 1889 450 1964 dixit
467 1891 558 1964 mibi
576 1891 672 1986 quod
693 1893 751 1965 die
771 1891 942 1965 mercurii
961 1891 1126 1988 proxima
1148 1891 1331 1966 Sanctitas
1349 1914 1415 1964 sua
1437 1899 1534 1966 esset
1554 1890 1689 1965 lactura
1749 1979 1750 1986 ἵ

361 2015 545 2112 publicum
564 2016 822 2091 consistorium
840 2041 906 2114 per
925 2019 1124 2096 Lucenses.
1749 1991 1750 2002 ἵ

410 2141 476 2214 Die
491 2141 634 2232 martis,
663 2145 704 2214 19
732 2141 950 2231 decembris,
977 2142 1068 2217 hora
1090 2164 1337 2238 vesperarum,
1359 2140 1470 2214 rediit
1492 2143 1536 2214 ad
1559 2143 1687 2214 Urbem
1749 2187 1750 2226 ξ

361 2268 404 2338 D.
423 2266 576 2340 Carolus
594 2265 907 2356 Monsohiavelier‚
930 2265 1172 2340 cubicularius
1194 2270 1290 2362 Pape
1313 2267 1419 2340 abeo
1442 2266 1576 2344 missus
1595 2289 1689 2339 cum·

359 2414 431 2486 que
460 2393 568 2464 Petro
590 2392 636 2500 de
664 2390 824 2479 Drvieto,
850 2389 960 2464 etiam
985 2389 1224 2479 cubiculario,
1250 2389 1337 2464 olim
1362 2391 1567 2464 camerario
1600 2394 1687 2487 Pape

359 2514 555 2588 Alexandri
572 2522 605 2588 et
622 2515 723 2588 ducis
740 2515 923 2590 Valentini
941 2515 1001 2612 qui
1022 2539 1086 2612 per
1102 2538 1186 2590 eum
1205 2515 1357 2589 miserat
1373 2519 1416 2588 D.
1434 2519 1541 2589 Petro
1561 2515 1687 2588 castel-

358 2637 443 2712 lano
459 2639 555 2713 arcis
571 2644 707 2714 Cesene
726 2645 764 2713 et
780 2639 811 2712 ei
832 2639 1065 2736 contrasigna
1083 2639 1232 2714 miserat
1247 2647 1285 2712 ut
1302 2663 1427 2714 arcem
1446 2640 1544 2714 dieto
1561 2643 1607 2713 D.
1627 2643 1689 2714 Ca·
1749 2685 1750 2692 .

359 2764 452 2854 rolo,
482 2765 630 2838 nomine
655 2767 764 2862 Pape,
790 2764 982 2862 recipienti
1011 2763 1304 2863 t1·aderet(l),et
1330 2769 1426 2862 Pape
1451 2765 1579 2838 retulit
1598 2763 1688 2861 quod

359 2889 476 2962 dictus
506 2889 738 2980 castellanus,
769 2889 873 2963 lectis
895 2890 1029 2964 litteris
1053 2890 1157 2963 ducis
1186 2895 1223 2964 et
1245 2889 1489 2986 coutrasignis
1516 2889 1685 2986 receptis,
1749 2913 1750 2916 ¹

359 3014 497 3088 dictum
510 3019 553 3089 D.
575 3019 723 3088 Petrum
741 3015 800 3088 die
816 3015 960 3090 veneris
979 3021 1021 3088 15
1040 3015 1161 3112 hujus,
1182 3015 1276 3088 hora
1291 3019 1393 3088 sexta
1409 3014 1465 3088 vel
1483 3013 1595 3104 circa,
1618 3013 1690 3086 sine

358 3161 402 3212 eo
433 3139 530 3235 quod
560 3139 750 3214 consessus
779 3146 889 3231 esset,
919 3140 1090 3239 suspendi
1120 3139 1278 3214 lecisset.
1312 3142 1421 3236 Papa,
1446 3139 1519 3212 boc
1548 3138 1688 3224 audito,
1749 3235 1750 3244 ἵ

358 3261 456 3336 misit
468 3285 535 3358 pro
552 3264 797 3338 cardinalibus
813 3264 1046 3338 Ulixbonensi
1064 3271 1141 3338 ets.
1158 3263 1306 3362 Georgii
1320 3287 1404 3336 cum
1419 3261 1550 3359 quibus
1565 3263 1691 3336 decro-
1749 3269 1750 3282 ¹

357 3385 407 3459 vit
425 3386 555 3460 ducem
573 3388 808 3463 Valentinum
831 3389 893 3484 qui
923 3412 1037 3485 usque
1055 3411 1151 3462 nunc
1176 3388 1213 3462 in
1237 3410 1386 3462 camera
1406 3410 1519 3483 supra
1540 3389 1688 3483 Papam,
1749 3455 1750 3462 .

357 3511 484 3608 inqua
507 3511 686 3587 hactenus
709 3512 829 3588 luerat
850 3512 1044 3588 cardinalis
1062 3511 1380 3610 Rotbomagensis,
1401 3511 1687 3586 custodiebatur.

357 3635 501 3710 mittere
526 3638 571 3710 ad
590 3641 752 3712 castrum
768 3665 797 3711 s.
817 3637 967 3736 Angeli:
988 3637 1144 3711 nonfuit
1163 3643 1284 3710 lamen
1311 3636 1396 3710 illuc
1417 3635 1548 3708 missus
1568 3635 1633 3707 sed
1657 3635 1691 3704 in
1749 3661 1750 3664 ¹

357 3761 589 3857 superiorem
610 3785 797 3838 cameram
821 3763 949 3837 Turris
971 3766 1069 3836 Nove
1090 3766 1186 3859 Pape
1204 3761 1401 3836 Alexandri
1419 3759 1524 3848 sexti,
1547 3759 1607 3832 ubi
1629 3759 1693 3832 luit

356 3885 488 3958 deinde
512 3887 737 3961 custoditus:
768 3888 973 3962 cardinales
1003 3887 1242 3962 Surrentinus
1268 3891 1304 3960 et
1334 3886 1468 3984 Borgia
1493 3885 1555 3981 qui
1581 3883 1691 3957 bodie
1749 3931 1750 3984 5

357 4012 438 4104 post
454 4009 586 4084 boram
608 4035 855 4110 vesperarum,
879 4013 1009 4088 relicta
1029 4011 1257 4088 habitatione
1277 4011 1314 4084 in
1332 4010 1482 4108 palatio,
1506 4009 1691 4104 equitave—
1749 4027 1750 4030 ’

355 4141 442 4207 runt
463 4135 508 4208 ad
534 4135 683 4210 domum
710 4161 813 4212 suam
837 4137 931 4212 inter
958 4137 1151 4211 ecclesiam
1182 4163 1211 4210 s.
1236 4135 1413 4223 Marcelli,
1443 4132 1689 4230 inteDigentes
1749 4139 1750 4154 ³

355 4257 485 4333 ducem
517 4261 704 4334 detentum
732 4287 816 4335 curn
842 4262 1072 4360 paucissimis
1097 4287 1142 4336 ex
1171 4262 1245 4336 suis
1279 4260 1374 4334 inter
1404 4281 1496 4356 quos
1520 4262 1599 4332 erat
1622 4254 1688 4328 bli-

355 4384 459 4456 chaol
492 4384 538 4484 (2)
563 4386 787 4476 llemolinus‚
823 4387 934 4462 irater
969 4387 1165 4461 cardinalis
1202 4383 1411 4460 Surrentini
1440 4381 1486 4480 (3)
1526 4401 1688 4456 recesse-

394 4629 416 4685 l.
437 4625 522 4684 lllrisi
534 4645 551 4686 a
565 4626 657 4701 publie
673 4627 696 4686 le
708 4627 769 4685 bret
779 4628 816 4684 du
828 4645 898 4703 pape
913 4645 967 4685 aux
980 4627 1118 4686 habitante
1134 4629 1168 4685 de
1184 4628 1298 4698 Cesene,
1314 4643 1365 4701 par
1383 4624 1472 4700 lequel
1487 4623 1506 4680 il
1528 4624 1586 4682 leur
1601 4621 1686 4696 enjoi-

354 4715 431 4790 gnait
442 4717 476 4772 de
491 4722 616 4774 remettre
628 4716 654 4772 la
668 4717 793 4774 citadelle
811 4736 864 4774 aux
879 4717 967 4775 mains
980 4717 1014 4774 de
1029 4717 1109 4774 Carlo
1124 4717 1332 4774 blancaraliere.
1343 4715 1415 4789 Voy.
1431 4719 1529 4774 Cerere
1539 4715 1684 4783 aornar...
1749 4719 1750 4760 ἲ

355 4825 381 4880 p.
396 4808 459 4874 587,
476 4807 535 4862 doe.
552 4806 597 4862 99.

389 4896 513 4952 2.Donne
545 4895 622 4964 lacon
637 4896 687 4954 des
702 4913 770 4954 mss.
787 4897 877 4972 Chigi,
887 4899 980 4970 5,163,
998 4899 1035 4954 1το
1050 4915 1123 4972 cop,
1141 4900 1201 4955 ¹52.
1213 4899 1249 4953 Le
1266 4897 1365 4968 l3,739
1378 4901 1405 4952 et
1421 4893 1445 4950 le
1460 4894 1552 4965 alea,
1562 4895 1608 4947 2³*
1619 4907 1683 4961 cop.

354 4985 477 5041 donnent
490 4986 507 5038 a
521 4988 575 5040 tort
591 5000 597 5038 :
615 4984 714 5042 Lucas.

387 5077 414 5134 3.
436 5080 531 5136 Bonna
541 5082 617 5148 leeon
631 5076 680 5133 des
691 5094 758 5134 mss.
774 5076 1010 5147 13,73t]et5,163,
1021 5078 1072 5130 2ΠΜ
1085 5093 1169 5150 cop...
1183 5077 1234 5133 les
1245 5081 1338 5134 autres
1349 5092 1416 5132 mss.
1430 5073 1553 5130 donnent
1565 5073 1682 5126 ttort...
1749 5069 1750 5148 f

356 5188 370 5217 ι(
386 5167 468 5226 irater
481 5166 628 5228 cardinalis
643 5185 666 5224 e.
680 5165 813 5225 Severini.
830 5187 844 5218 x
