3612 6064
308 547 323 599 4
760 549 933 608 turranius
960 545 1179 611 cancrinum,
1433 541 1556 604 [iluna
1570 541 1646 601 15qu

358 703 399 770 V.
424 702 514 772 Dato
537 701 632 795 quod
652 726 723 774 non
743 703 930 798 gauderet,
956 723 1029 773 non
1050 697 1181 794 polerit
1201 717 1358 792 persona
1380 695 1459 790 ejus
1481 691 1640 764 detineri

308 822 353 894 ad
369 823 576 896 instantiam
588 825 720 921 judicis
735 827 907 901 secularis
919 850 984 922 pro
1001 823 1122 896 debito
1139 845 1240 909 casu,
1254 842 1323 915 quo
1340 818 1453 892 laicus
1470 815 1642 890 dubitare

310 955 445 1042 posset.

334 1107 338 1110 ·
357 1076 416 1146 Vl.
436 1073 597 1149 Clericus
612 1077 828 1152 criminosus
842 1083 875 1151 el
890 1076 1071 1174 fugitivus,
1090 1098 1153 1146 seu
1173 1075 1361 1168 suspectus
1381 1069 1425 1142 de
1446 1069 1546 1165 luga,
1565 1089 1641 1140 non

308 1205 425 1293 potest
438 1199 517 1294 capi
536 1200 662 1274 aleico
682 1227 754 1275 non
774 1201 989 1299 particulare
1006 1199 1184 1271 interesse
1204 1195 1362 1269 habento
1384 1193 1430 1266 ad
1449 1193 1637 1279 ellectum,

308 1329 343 1392 ul
357 1330 541 1417 presentet
555 1325 667 1420 judici
685 1351 764 1398 suo.

352 1449 426 1520 t'll.
452 1446 613 1520 Clericus
636 1449 855 1522 interficiens
882 1453 1021 1545 petrem
1042 1468 1144 1517 suum
1168 1468 1231 1518 seu
1259 1443 1502 1533 sacerdotem,
1530 1443 1643 1515 etiam

308 1570 517 1664 proditorie,
536 1596 608 1644 nou
625 1579 679 1646 est
695 1573 883 1646 actualiter
897 1570 1161 1669 degradandus.

358 1700 450 1770 Vlll.
470 1695 632 1770 Clericus
649 1697 833 1794 depositus
851 1699 897 1770 ob
911 1697 1055 1792 aliquod
1071 1695 1256 1786 delictum,
1276 1699 1470 1766 contumax
1486 1692 1522 1764 iu
1539 1693 1648 1788 peni-

313 1821 459 1894 tentiam
488 1822 754 1918 suscipiendam
782 1830 817 1894 et
845 1820 1112 1916 incorrigibilis,
1144 1819 1253 1892 etiam
1283 1823 1365 1914 post
1393 1817 1646 1904 anathemata,

311 1945 603 2042 comprimendus
617 1953 672 2020 est
685 1971 750 2042 per
759 1947 920 2044 judicem
937 1945 1149 2018 secularem.

292 2081 294 2086 ’
362 2075 404 2144 ΙΧ
431 2072 592 2146 Clericus
616 2073 776 2146 incidens
797 2073 833 2144 in
861 2071 997 2144 nudum
1022 2069 1368 2142 assassinamenlum
1398 2091 1470 2141 non
1496 2067 1649 2164 punitur

312 2196 413 2291 penis
429 2197 674 2292 superioribus
691 2199 730 2291 ll,
750 2197 794 2270 de
811 2196 1006 2269 homicidio
1023 2195 1057 2266 in
1073 2199 1134 2269 Vl⁰
1150 2193 1335 2290 capitulo).

360 2323 483 2394 llllmi.
503 2327 578 2395 DD.
599 2323 800 2395 cardinales
820 2323 979 2410 Ursinus,
998 2319 1186 2416 Capuanus
1204 2318 1318 2391 vocati
1336 2343 1357 2391 a
1372 2323 1434 2392 SS.
1454 2322 1494 2390 D.
1516 2326 1645 2394 nostro

311 2470 500 2543 perunum
518 2472 561 2520 ex
576 2449 829 2544 parafrenariis
848 2449 921 2520 suis
939 2451 1168 2520 recesserunt
1184 2443 1228 2516 de
1245 2445 1459 2540 repetitione
1480 2445 1649 2542 predicta

312 2579 505 2668 antequam
520 2577 561 2646 R.
582 2578 620 2646 P.
638 2577 679 2646 D.
699 2575 891 2670 episcopus
907 2575 1104 2648 Pennensis
1118 2581 1300 2670 argueret.

362 2697 465 2770 Feria
484 2698 600 2784 tertia,
626 2698 751 2770 ultima
769 2697 934 2794 ejusdem
954 2699 1103 2786 mensis,
1125 2699 1245 2794 vigilie
1264 2697 1554 2770 circumcisionis
1576 2700 1649 2768 Du-

312 2822 413 2910 mini,
434 2822 578 2895 luerunt
594 2845 741 2918 vespere
757 2823 903 2918 papales
920 2823 955 2894 iu
971 2823 1110 2919 capella
1125 2823 1263 2919 majore
1279 2823 1401 2919 palatii
1419 2821 1642 2918 supradicta,

314 2950 410 3041 Papa
430 2953 617 3041 presente;
641 2946 771 3039 quibus
788 2946 909 3032 finiris,
927 2946 1098 3041 publicati
1124 2952 1206 3018 sunt
1231 2946 1312 3019 novi
1334 2945 1513 3018 officiales
1538 2945 1646 3018 Urbis

314 3070 373 3164 qui
387 3071 597 3165 juraveruut
609 3069 820 3142 fidelitatem
832 3078 867 3142 et
881 3070 1122 3144 obedientiam
1135 3074 1197 3144 SS.
1216 3075 1257 3144 D.
1272 3079 1397 3144 nostro
1409 3095 1511 3143 more
1524 3071 1645 3144 solitu.

363 3193 468 3265 rena
482 3201 610 3288 quarta
624 3202 809 3289 sequente,
834 3200 847 3266 l
871 3195 1005 3268 mensis
1017 3195 1186 3291 januarii,
1205 3195 1267 3266 luit
1284 3195 1395 3267 missa
1416 3195 1593 3268 solemnis
1613 3194 1649 3265 in

313 3315 441 3389 eadem
457 3317 606 3414 capella,
626 3341 734 3414 quam
750 3319 944 3392 celebravit
961 3324 1071 3390 limus
1089 3323 1130 3391 D.
1156 3319 1349 3392 cardinalis
1364 3319 1646 3406 Alexandrinus,

313 3443 422 3516 etiam
438 3450 604 3540 presente
623 3447 733 3540 Papa3
753 3467 960 3516 sermonem
978 3444 1062 3516 lecit
1079 3447 1121 3516 D.
1144 3443 1298 3516 llichael
1315 3448 1459 3518 Vernus
1477 3443 1652 3516 Mediola-

314 3567 435 3640 nensis
452 3592 535 3640 cum
556 3568 699 3641 modica
717 3569 823 3641 laude
842 3575 877 3640 et
897 3569 1049 3641 honore.
1072 3567 1188 3640 Finita
1207 3569 1330 3656 missa,
1355 3572 1419 3640 SS.
1445 3572 1485 3638 D.
1508 3573 1648 3656 noster,

314 3691 396 3763 dala
415 3693 680 3781 benedictione,
707 3693 846 3765 vocavit
869 3691 973 3764 adse
998 3697 1039 3764 R.
1068 3693 1103 3764 in
1124 3691 1268 3764 Christo
1290 3697 1329 3764 P.
1357 3696 1398 3764 D.
1426 3692 1648 3779 iohannem,

314 3815 628 3912 arehiepiscopum
654 3817 888 3912 Ragusinum,
913 3817 1016 3912 cujus
1041 3816 1187 3889 virtutes
1211 3816 1408 3912 plurimum
1433 3814 1595 3888 laudavit
1616 3821 1653 3888 et

315 3939 401 4010 lecit
417 3963 500 4012 eum
515 3939 729 4012 cancellarie
750 3939 947 4036 apostolice
966 3949 1153 4036 regentem
1176 3945 1211 4012 et
1233 3941 1325 4011 Rmi.
1346 3945 1389 4012 D.
1409 3940 1486 4012 vice
1504 3940 1654 4012 cancel-

314 4063 394 4135 larii
409 4063 529 4136 locum
546 4070 743 4152 tenentem,
763 4064 822 4159 qui
840 4065 1025 4137 Sanctitati
1044 4090 1108 4138 sue
1125 4065 1259 4162 gratias
1276 4065 1348 4160 egit
1365 4075 1400 4138 et
1418 4063 1553 4162 pedem
1571 4065 1654 4162 ejus

319 4189 550 4262 deosculatus
567 4198 634 4261 est.

368 4315 452 4385 Post
467 4313 670 4409 prandium,
695 4316 756 4387 SS.
783 4317 825 4387 D.
848 4320 972 4387 noster
991 4315 1051 4386 ivit
1069 4337 1132 4387 seu
1147 4320 1309 4410 portatus
1326 4321 1381 4386 est
1397 4338 1463 4410 per
1479 4311 1656 4387 deambu-

318 4438 486 4511 latorium
503 4439 546 4511 de
567 4440 697 4534 palatio
723 4461 787 4512 suo
812 4439 857 4511 ad
881 4446 1038 4512 castrum
1061 4465 1090 4511 s.
1118 4437 1258 4534 Angeli,
1277 4439 1337 4513 ubi
1356 4439 1487 4512 deinde
1502 4439 1588 4512 vidit
1608 4445 1651 4512 D.

321 4563 524 4635 Lucretiam
542 4563 722 4657 Bergium,
736 4563 848 4634 liliam
863 4585 978 4650 suam,
993 4570 1077 4634 ante
1092 4570 1250 4634 castrum
1265 4588 1294 4635 s.
1309 4564 1437 4658 Angeli
1450 4561 1656 4660 prediclum

321 4687 556 4782 equitantem,
595 4687 725 4758 ituram
759 4685 809 4783 (ut
838 4685 1048 4780 existimavi)
1075 4687 1119 4758 ad
1152 4686 1345 4760 ecclesiam
1371 4691 1658 4760 Lateranensem

322 4835 406 4884 cum
419 4812 520 4907 equis
537 4811 681 4883 circiter
697 4817 840 4882 centum
857 4834 1010 4906 quorum
1026 4811 1286 4906 qninquaginta
1301 4811 1356 4884 vel
1372 4811 1469 4884 circe
1482 4813 1659 4908 precede-

322 4935 421 5025 bant,
444 4959 596 5031 quorum
626 4935 770 5008 ultimus
788 4941 864 5007 erat
881 4940 921 5006 R.
939 4939 981 5007 D.
1004 4938 1144 5026 Petrus,
1168 4935 1360 5032 episcopus
1388 4936 1591 5010 Calmensis
1608 4939 1658 5032 (1)

361 5124 386 5176 l.
408 5123 568 5192 Calmensis,
584 5131 660 5180 autre
675 5123 760 5178 lurme
775 5122 808 5176 de
823 5123 984 5186 Cutinintsis,
1002 5123 1167 5192 Culcncnsis,
1184 5126 1359 5197 Collinensis,
1376 5129 1573 5196 Curinolunsis,
1589 5133 1656 5196 etc,

325 5209 480 5282 Carignolu,
496 5212 565 5268 dans
579 5211 605 5268 lu
619 5229 748 5285 royaume
762 5212 812 5267 des
827 5210 1025 5268 Dour-Siciles
