3590 6042
354 563 389 618 48
797 557 973 614 JOHANNIS
999 553 1221 622 BURCHARDI,
1335 617 1337 626 Α
1540 551 1606 612 [nar
1625 553 1700 614 isco]

356 721 465 812 atque
479 711 589 787 ferris
603 712 814 804 Germanie,
833 711 1030 808 Hnugarie,
1050 707 1211 798 Polonio,
1230 704 1370 778 Croatie
1386 713 1422 776 et
1437 702 1516 796 aliis
1538 703 1591 776 eis
1608 702 1696 774 fini-

359 839 469 928 timis,
487 862 529 913 ac
549 837 727 913 carissimi
749 837 786 910 in
807 836 953 910 Christo
972 835 1035 908 filii
1056 831 1171 907 nostri
1189 829 1426 904 Maximiliani
1443 832 1696 902 Romanorum

359 963 455 1062 regis
474 962 579 1038 lllmi.
599 963 773 1060 subjectis
790 962 930 1037 inferre
945 984 1018 1034 nou
1034 963 1280 1045 cessaverunt,
1298 957 1334 1030 in
1352 955 1549 1029 maximam
1573 954 1697 1028 divine
1724 967 1729 972 '

360 1086 561 1184 majestatis
576 1093 614 1160 et
628 1086 891 1160 catholicorum
907 1108 1036 1182 regum
1053 1091 1088 1157 et
1101 1080 1305 1178 principum
1321 1079 1548 1174 aliorumque
1558 1078 1698 1152 Christi

362 1211 524 1308 fidelium
550 1209 801 1306 ignominiam,
830 1209 988 1283 dedecus
1017 1215 1053 1280 et
1072 1210 1255 1304 jacturam
1274 1203 1333 1303 (l).
1358 1207 1445 1295 Nos,
1472 1205 1571 1278 lllius
1598 1204 1699 1276 vices

361 1340 532 1432 gerentes
552 1332 587 1404 in
616 1331 719 1406 terris
738 1332 814 1428 qni,
831 1356 896 1430 pro
912 1333 1038 1406 mundi
1054 1332 1181 1424 salute,
1201 1331 1403 1406 desummo
1420 1329 1584 1404 celorum
1604 1329 1699 1402 solio
1793 1319 1794 1324 ’

361 1460 409 1532 ad
423 1458 497 1531 ima
511 1455 751 1545 descendens,
767 1477 914 1528 carnem
929 1455 1126 1556 humanam
1143 1479 1331 1530 assumere
1349 1463 1384 1529 et
1402 1462 1558 1530 mortem
1572 1453 1698 1527 subire

362 1606 436 1658 non
451 1579 605 1671 horruit,
623 1585 832 1676 repetentes
850 1581 984 1674 animo,
1001 1604 1074 1656 non
1100 1583 1177 1656 sine
1197 1581 1356 1655 maxima
1379 1580 1498 1654 cordis
1519 1579 1697 1653 amaritu-

363 1707 460 1796 dine,
479 1702 577 1800 quod
588 1701 833 1778 sacratissime
845 1703 1094 1799 patriarcales,
1108 1707 1386 1804 metropolitane
1399 1712 1435 1780 et
1450 1703 1696 1793 cathedrales,
1793 1705 1794 1754 f

363 1830 503 1926 alieqne
521 1827 681 1926 insignes
695 1825 848 1902 ecclesie
863 1853 956 1926 pene
972 1830 1165 1906 innumere
1185 1856 1228 1906 ac
1250 1831 1438 1927 utriusque
1459 1828 1567 1902 sexus
1587 1851 1699 1926 regu·

362 1955 493 2030 larium
517 1975 757 2052 personarum
786 1955 1018 2047 monasteria,
1043 1956 1198 2050 cenobia
1222 1963 1257 2032 et
1277 1956 1336 2054 pia
1353 1955 1435 2028 loca
1454 1954 1648 2051 profanata
1667 1961 1701 2026 ct
1793 1939 1794 1942 ¹

365 2079 518 2156 deformi
545 2079 647 2157 ruine
672 2081 847 2179 subjecta,
873 2084 1041 2180 quodque
1070 2092 1297 2176 ornamenta,
1330 2109 1457 2160 cruces
1482 2089 1519 2158 et
1546 2081 1697 2168 calices,
1793 2091 1794 2118 ³

368 2205 508 2302 aliaque
538 2203 665 2278 divinis
686 2205 859 2304 deputata
881 2207 1102 2302 ministeriis,
1121 2211 1277 2284 conflata
1301 2217 1338 2285 et
1361 2210 1560 2296 destructa,
1585 2213 1698 2301 atque
1793 2265 1794 2316 ᾗ

368 2329 478 2429 (qnod
489 2327 755 2404 lamentabilius
769 2331 834 2432 est)
851 2340 1059 2408 sauctorum
1075 2337 1279 2410 veneranda
1301 2359 1455 2433 corpora
1474 2339 1511 2408 et
1532 2332 1697 2428 ipsorum

369 2478 474 2529 sacre
489 2455 643 2551 reliquie
657 2457 881 2548 conculcate,
897 2481 939 2533 ec
954 2461 1051 2556 quod
1066 2459 1245 2535 innumeri
1262 2485 1369 2536 sexus
1386 2460 1572 2552 utriusque
1584 2455 1699 2530 chris·
1793 2455 1794 2530 3

366 2580 454 2654 tiani
469 2580 595 2656 fideles
611 2579 878 2654 addemnatam
893 2582 1175 2658 mahometioam
1192 2589 1327 2658 sectam
1344 2581 1504 2672 subdira
1525 2577 1698 2652 servitute
1793 2669 1794 2690 ἶ

367 2705 544 2804 compulsi
564 2704 724 2796 fuerunt,
744 2712 779 2779 et
801 2706 870 2778 nisi
895 2731 961 2804 per
980 2709 1180 2784 catholicos
1201 2733 1305 2806 reges
1327 2717 1362 2784 et
1386 2708 1571 2806 principes
1598 2709 1697 2778 tante

365 2829 504 2904 insanie
520 2835 692 2924 tantoque
710 2826 826 2900 furori
843 2829 1011 2903 celeriter
1022 2839 1251 2922 occurratur,
1269 2833 1410 2929 majora
1423 2831 1459 2903 in
1485 2829 1562 2903 dies
1584 2825 1698 2902 detri-
1793 2899 1794 2922 ,

366 2959 489 3028 menta
507 2951 747 3027 verisimiliter
770 2961 1006 3048 perventuru;
1031 2955 1292 3054 cupientesque
1319 2977 1386 3052 pro
1417 2953 1581 3052 ejusdem
1612 2948 1697 3024 fidei

366 3076 577 3152 defensione
590 3083 627 3152 et
639 3077 925 3152 christianorum
941 3079 1055 3154 salute
1075 3079 1134 3179 (2),
1153 3105 1224 3154 non
1246 3081 1363 3154 solnm
1378 3087 1523 3154 nostras
1540 3085 1577 3154 ct
1599 3075 1698 3150 sedis

366 3203 563 3300 apostolice
588 3201 776 3277 facultates
798 3209 921 3278 nostre
946 3181 1173 3302 dispositioni
1197 3205 1243 3303 (3)
1260 3205 1473 3280 commissas
1494 3227 1694 3302 exponere,

364 3329 428 3404 sed
442 3328 683 3428 personaliter
699 3327 819 3426 (prout
829 3329 906 3427 jam
926 3329 1105 3425 aliquibus
1127 3331 1315 3404 catholicis
1336 3331 1485 3430 regibus
1502 3335 1538 3406 et
1555 3327 1696 3426 princi·

363 3453 467 3553 pibus
482 3477 547 3552 per
562 3453 723 3528 diversas
739 3459 882 3527 nostras
897 3453 1038 3526 litteras
1054 3453 1347 3554 significavimus)
1362 3456 1391 3527 si
1418 3455 1611 3530 nobiscum
1637 3479 1697 3528 ac·
1793 3439 1794 3508 l

364 3579 494 3652 cedere
511 3578 688 3654 voluerint
706 3602 779 3652 uua
794 3601 877 3652 cum
900 3601 1004 3652 sacro
1026 3579 1287 3653 venerabilium
1308 3581 1460 3654 fratrum
1484 3585 1696 3655 nostrorum
1793 3627 1794 3678 ,

365 3708 490 3777 sancte
508 3707 670 3778 Romane
687 3704 841 3778 ecclesie
861 3703 1100 3778 cardinalium
1120 3705 1294 3803 collegio,
1312 3706 1372 3802 qui
1395 3730 1433 3778 se
1455 3705 1567 3778 etiam
1593 3706 1641 3779 ad
1662 3704 1695 3776 id

365 3851 429 3924 pro
451 3851 578 3900 eorum
598 3829 658 3925 pia
677 3829 714 3901 in
734 3827 973 3902 christianam
994 3827 1206 3926 religionem
1227 3828 1417 3902 devotione
1438 3835 1567 3926 sponte
1589 3829 1696 3904 obtu·

364 3951 498 4041 lerunt,
514 3951 552 4024 iu
567 3953 638 4025 hac
652 3951 898 4027 sacratissima
913 3958 949 4026 et
964 3953 1241 4049 pernecessaria
1256 3955 1486 4051 expeditione
1503 3955 1694 4043 accedere,
1793 3951 1794 3954 ’

367 4081 403 4150 et
427 4076 615 4174 proprium
638 4075 853 4174 sanguinem
877 4078 1083 4169 effundere,
1102 4079 1131 4150 si
1157 4103 1247 4174 opus
1264 4079 1386 4169 fuerit;
1405 4084 1441 4152 et
1458 4079 1634 4176 qnoniam
1652 4081 1694 4153 ad

366 4204 506 4273 tantam
528 4199 581 4272 roi
602 4200 737 4274 molem
761 4199 1032 4298 perficiendam,
1051 4207 1177 4276 nostre
1203 4207 1239 4276 et
1266 4203 1430 4298 ejusdem
1451 4203 1607 4278 ecclesie
1622 4229 1694 4278 nou

369 4329 566 4421 suppetunt
584 4325 789 4414 facultates,
803 4325 965 4400 volentes
985 4352 1050 4424 pro
1076 4327 1210 4400 viribus
1231 4328 1316 4402 huic
1340 4329 1571 4403 sanctissimo
1592 4331 1695 4428 operi

368 4447 427 4546 (ne
440 4447 511 4522 alia
526 4448 698 4539 dominia,
711 4474 840 4548 regna,
853 4450 1072 4547 provincias,
1090 4451 1255 4526 civitates
1271 4453 1697 4528 etlocaclnistianorum

404 4687 430 4744 1.
451 4684 524 4744 Tolle
538 4692 581 4744 est
596 4684 623 4744 la
637 4686 714 4756 lecca
728 4685 762 4743 de
777 4693 839 4744 tons
858 4683 898 4744 les
912 4706 990 4755 mss„
1012 4689 1074 4746 sauf
1087 4689 1111 4747 le
1127 4691 1197 4748 1516
1212 4692 1258 4766 qui
1278 4690 1369 4750 donne
1383 4691 1408 4749 le
1423 4699 1499 4750 texto
1514 4690 1548 4748 de
1563 4688 1675 4749 Riualdi
1690 4707 1696 4748 :
1793 4753 1794 4756 ,

368 4801 380 4826 x
443 4775 470 4832 in
485 4774 631 4834 maximam
641 4775 739 4832 divinae
755 4775 905 4848 majestatis
919 4777 1061 4848 offensam,
1075 4788 1196 4838 nostram
1212 4788 1238 4838 et
1253 4782 1452 4839 Catholiccrum
1467 4797 1566 4855 regum
1582 4789 1611 4838 et
1625 4779 1698 4856 prin·

370 4866 460 4940 cipum
480 4865 648 4940 aliorumque
667 4864 769 4922 Christi
790 4863 910 4922 fidelium
933 4865 1144 4940 ignominiosum
1164 4871 1282 4927 dedecus
1299 4878 1328 4928 ct
1342 4871 1489 4946 jacturam.
1513 4893 1528 4922 x
1549 4870 1584 4929 T.
1610 4872 1697 4942 XXX,

368 4957 494 5100 11210191
509 5049 551 5100 est
564 5043 589 5101 lc
605 5051 680 5102 texte
694 5045 731 5102 du
745 5060 817 5104 mss.
837 5043 916 5116 1516,
934 5043 1022 5102 13737
1041 5047 1119 5104 etde
1134 5046 1255 5106 Riualdi:
1273 5048 1297 5106 le
1312 5049 1393 5124 Chigi
1408 5057 1436 5108 et
1449 5050 1474 5109 le
1487 5053 1539 5109 150
1552 5051 1699 5108 donnent:

367 5153 381 5182 x
398 5129 594 5207 cupientesque
609 5133 733 5207 ejusdem
748 5131 811 5189 fidei
827 5131 1011 5192 defensionem
1025 5141 1053 5192 et
1069 5135 1285 5194 Christianorum
1300 5139 1426 5197 salutem.
1444 5163 1458 5192 x

402 5219 430 5277 3.
451 5219 678 5295 «dispensationi
693 5245 719 5284 x.
736 5221 805 5280 Mss.
821 5221 901 5293 5161,
915 5223 994 5282 5162.
