3520 6036
89 581 246 648 [usuum]
416 577 543 634 RERUM
568 571 797 634 UHBANARUM
822 561 1083 626 COMMENTARll.
1364 555 1415 611 381

92 736 265 834 prefectus
290 757 312 806 a
335 731 472 806 dextris
498 737 534 804 ct
564 730 735 827 princeps
762 721 1008 799 Salernitanus
1036 739 1056 788 a
1082 710 1255 800 sinistris;
1284 731 1418 804 aquam

93 857 309 954 nescioquis
336 855 451 945 dedit,
479 855 566 952 quia
586 851 739 928 recessi.
767 845 967 923 Cardinalis
986 836 1197 938 Agrigensis
1223 831 1419 906 celebravit

92 981 231 1054 missam
270 978 476 1076 publicam,
513 977 687 1051 diaconus
721 971 863 1070 capelle
892 969 981 1042 dixit
1016 963 1229 1039 Passionem
1259 959 1294 1030 in
1326 979 1417 1030 voce

94 1104 309 1201 evangelica,
332 1111 369 1178 et
391 1103 463 1177 duo
490 1107 659 1176 cantores
687 1100 725 1172 in
752 1098 833 1171 aliis
859 1094 1005 1170 vocibus
1025 1091 1179 1178 duabus,
1200 1084 1261 1181 qui
1283 1084 1320 1156 in
1337 1081 1419 1178 plu-

95 1229 183 1302 ribus
200 1227 294 1301 locis
312 1227 367 1302 bis
383 1229 618 1302 cantaverunt
635 1227 745 1321 prout
759 1222 796 1294 in
815 1219 887 1292 fine
902 1213 1097 1292 Alexandri
1116 1211 1196 1284 tieri
1213 1205 1417 1292 consuevit3

93 1354 217 1425 tratres
232 1351 419 1425 minorum
437 1356 634 1425 conventus
652 1345 908 1444 Apostolorum
926 1340 971 1440 (1)
993 1340 1175 1414 donarunt
1194 1339 1291 1431 Pape
1311 1353 1422 1403 unam

96 1477 247 1573 palmam
267 1500 454 1574 magnam,
472 1475 635 1573 longam,
655 1471 806 1569 pulchre
824 1469 1025 1542 laboratam
1039 1485 1122 1538 cum
1142 1459 1250 1534 armis
1273 1462 1366 1552 Pape
1387 1457 1424 1526 et

97 1601 168 1675 aliis
185 1601 422 1692 ornamentis,
444 1611 532 1674 cum·
544 1600 637 1697 pede
657 1597 779 1693 ligneo
803 1617 913 1690 super
931 1615 1001 1688 quo
1017 1588 1137 1686 posita
1153 1585 1221 1658 luit
1236 1584 1273 1655 in
1289 1579 1422 1677 angulo

94 1727 188 1822 juxta
202 1749 352 1798 murum
370 1749 480 1822 super
495 1724 610 1797 altare
632 1722 669 1794 in
693 1744 809 1794 cornu
833 1715 1028 1814 evangelii,
1056 1733 1167 1809 quam
1188 1709 1226 1781 in
1249 1705 1424 1779 distribu-

100 1851 187 1924 tione
208 1853 310 1948 Papa
332 1851 479 1926 donavit
506 1849 624 1946 primo
647 1846 694 1946 (2)
728 1844 862 1920 oratori
891 1841 987 1938 regis
1021 1835 1184 1911 Polonie.
1214 1830 1294 1904 Alia
1321 1851 1425 1902 mora

99 1977 209 2050 solito.
767 1970 770 1984 '

142 2101 316 2175 Mercurii
333 2099 461 2190 sancti,
488 2103 530 2172 19
551 2097 692 2187 martis,
719 2096 820 2171 circa
840 2095 970 2168 horam
994 2087 1220 2187 vigesimam,
1242 2081 1288 2156 ad
1306 2085 1425 2154 matu-

106 2225 207 2300 tinam
223 2228 476 2314 tenebrarum,
496 2226 595 2320 Papa
613 2222 712 2296 venit
728 2222 764 2294 in
788 2243 905 2317 cappa
924 2219 969 2290 de
987 2211 1220 2290 ciambelloto
1236 2207 1423 2306 pedester3

104 2351 396 2449 archiepiscopus
418 2348 620 2425 Nucerinus
649 2347 821 2422 assistens
850 2342 1008 2442 portavit
1032 2336 1196 2411 fimbrias
1224 2331 1330 2405 simul
1357 2328 1429 2402 col·

104 2475 227 2566 lectas3
245 2481 347 2574 Papa
364 2476 453 2551 dixit
466 2476 670 2549 orationem
688 2473 839 2568 Respice
856 2470 892 2543 in
905 2469 990 2542 fine.
1011 2466 1091 2540 Alia
1107 2484 1211 2536 moro
1231 2459 1352 2531 solito.

148 2603 242 2676 lovis
266 2602 398 2692 sancti,
423 2605 469 2675 10
496 2601 634 2689 martii,
659 2604 783 2671 Rmus.
811 2600 854 2669 D.
881 2592 1128 2669 Salernitanus
1157 2585 1306 2658 missam
1332 2579 1429 2652 celc-

109 2724 212 2800 bravit
236 2727 455 2818 solemnem,
480 2728 577 2823 Papa
600 2727 782 2822 presente.
803 2725 881 2808 Qua
904 2719 1019 2808 finita,
1050 2719 1148 2810 Papa
1171 2708 1293 2807 posuit
1314 2729 1431 2779 sacra-

110 2859 263 2926 mentum
298 2852 343 2925 ad
376 2874 529 2949 parvam
561 2849 742 2947 capellam
771 2841 1110 2944 processionaliter,
1145 2835 1205 2910 ubi
1237 2833 1334 2906 sacta
1364 2827 1431 2902 sibi

111 2977 320 3067 reverentia,
346 2980 389 3050 D.
418 2975 634 3050 Franciscus
657 2975 891 3050 Guastalerro
918 2969 1161 3044 subdiaconus
1182 2961 1272 3058 legit
1297 2954 1432 3029 bullam

114 3101 348 3176 anathematis
380 3101 506 3192 latine,
542 3106 578 3174 et
612 3099 805 3174 cardinalis
839 3099 883 3172 de
914 3092 1097 3191 Aragonia
1123 3084 1261 3185 vulgari
1294 3082 1429 3177 lingua.

115 3229 202 3322 Papa
227 3227 329 3302 dedit
358 3226 620 3326 indulgentiam
650 3225 854 3322 plenariam
881 3244 990 3318 quam
1016 3213 1212 3316 publicavit
1237 3203 1434 3282 cardinalis

116 3350 284 3425 Columna
310 3351 421 3426 latine
438 3359 473 3425 et
489 3351 600 3424 credo
624 3349 783 3423 Medicas
809 3348 845 3421 in
870 3343 1026 3444 vulgari;
1045 3346 1132 3414 tunc
1157 3341 1254 3431 Papa
1271 3328 1437 3405 ascendit

116 3476 250 3550 tertiam
266 3477 402 3566 aulam,
420 3476 620 3572 antiquam,
642 3472 877 3561 ordinariam,
896 3469 932 3542 in
950 3489 1020 3564 qua
1033 3463 1119 3538 lavit
1133 3459 1244 3560 pedes
1261 3453 1439 3530 tredecim

118 3601 346 3696 pauperibus
364 3623 469 3675 more
488 3600 608 3692 solito,
630 3606 663 3673 et
682 3605 805 3672 orator
821 3592 1051 3670 Florentinus
1062 3587 1163 3660 dedit
1181 3605 1312 3680 aquam
1328 3577 1444 3650 mani-

119 3720 178 3796 bus
195 3726 283 3800 suis.
311 3728 351 3798 ln
370 3749 451 3799 sero
481 3725 632 3800 fuerunt
655 3722 831 3798 matutine
853 3719 1086 3794 tenebrarum
1103 3711 1141 3784 iu
1167 3706 1320 3806 capella,
1348 3705 1447 3798 Papa

122 3847 281 3942 absente;
299 3851 493 3926 cardinalis
512 3876 541 3924 s.
563 3850 709 3949 Georgii
727 3848 818 3922 dixit
833 3845 966 3942 respice
983 3842 1020 3915 iu
1035 3839 1108 3912 fine
1127 3833 1309 3908 matutini.

165 3976 317 4051 Veneris
335 3977 465 4066 sancti,
497 3981 538 4050 21
566 3975 700 4064 martii,
724 3976 787 4047 SS.
814 3977 855 4046 D.
879 3975 1004 4043 noster
1025 3962 1123 4038 venit
1142 3961 1188 4035 ad
1211 3956 1391 4056 capellam
1409 3952 1445 4028 in

125 4120 231 4197 cappa
256 4101 302 4174 de
323 4101 508 4191 scarletto,
535 4104 572 4173 et
595 4099 703 4172 mitra
734 4093 1015 4194 simplicissima.
1046 4082 1249 4164 cardinalis
1275 4107 1303 4154 s.
1324 4079 1448 4155 Crucis

127 4224 203 4299 lecit
219 4228 393 4319 officium,
415 4233 452 4302 et
466 4228 519 4302 illi
532 4232 608 4302 tres
627 4226 687 4323 qui
707 4225 878 4298 dixerunt
904 4213 1087 4292 dominica
1114 4208 1290 4308 preterito
1307 4205 1451 4281 Passio-

127 4373 216 4425 nem.
246 4354 459 4428 Orationem
488 4353 573 4428 lecit
602 4351 750 4449 quidam
779 4347 955 4444 magister
977 4341 1072 4416 sacri
1099 4334 1223 4436 palatii
1246 4333 1394 4430 longam
1417 4334 1454 4403 et

129 4476 309 4554 tediosam.
328 4480 427 4576 Papa
445 4477 577 4552 obtulit
600 4477 647 4551 ad
665 4497 828 4564 crucem,
858 4477 896 4545 ut
912 4463 1075 4544 intellexi
1100 4467 1136 4535 et
1156 4457 1279 4548 credo,
1301 4455 1455 4552 quinde-

132 4599 194 4674 cim
211 4603 360 4678 ducatos
377 4604 415 4676 in
431 4625 519 4677 auro
533 4609 570 4678 et
588 4601 757 4676 carlenos
775 4622 900 4688 novos,
917 4601 953 4669 et
970 4591 1055 4690 quia
1079 4579 1154 4661 nou
1178 4592 1259 4658 erat
1286 4581 1452 4670 sacrista,

132 4722 340 4828 interrogavi
365 4729 395 4802 si
412 4729 587 4804 deberem
608 4727 770 4801 dividere
792 4726 887 4798 inter
913 4717 1156 4793 subdiaconos
1181 4716 1216 4782 et
1238 4731 1306 4782 nos
1334 4713 1455 4804 partes

135 4835 293 4947 sacriste;
312 4855 504 4953 respondit
521 4854 618 4950 quod
636 4852 808 4926 daremus
834 4850 979 4945 partem
1006 4834 1232 4916 Balthasarri
1260 4833 1320 4928 qui
1348 4831 1456 4904 servit

169 5075 195 5136 l.
209 5077 280 5140 'l’elle
294 5090 337 5140 est
354 5081 381 5139 la
398 5079 476 5152 locon
496 5079 532 5137 du
553 5077 643 5154 Chigi,
662 5075 684 5136 l.
709 5075 760 5132 172
774 5081 802 5130 et
819 5069 855 5128 du
874 5069 944 5125 5163
965 5065 983 5126 t.
1010 5063 1070 5132 122,
1086 5079 1111 5119 v.
1130 5077 1137 5115 :
1154 5057 1178 5114 le
1198 5070 1266 5112 msa.
1286 5055 1345 5124 152,
1362 5052 1385 5114 f.
1407 5053 1457 5110 169

138 5163 219 5227 donne
232 5189 238 5229 :
257 5195 270 5224 x
282 5173 391 5230 Fratres
399 5171 544 5240 minorum,
561 5173 712 5227 conventus
721 5161 913 5238 Apostolorum
924 5155 982 5214 sive
993 5156 1026 5211 dc
1035 5145 1249 5215 Domotiranda‚
1261 5145 1456 5203 donarunt...»

170 5259 194 5317 2.
214 5283 228 5313 x
243 5263 370 5320 Secundo
385 5285 400 5316 a
415 5280 484 5320 mss.
501 5245 574 5318 152.Ι
