3502 6036
97 595 156 658 [1111
173 597 243 657 taor]
424 591 551 649 RERUM
575 590 802 648 URBANARUM
826 591 1088 670 connunrlpru.
1373 596 1423 650 133

95 745 328 822 cancellarius
345 745 463 834 Urbis,
479 745 579 842 prior
594 745 751 842 capitum
767 745 970 842 regionum,
988 769 1069 842 ego,
1088 745 1258 820 Camillus
1274 746 1421 820 Benim-

98 876 195 960 bene,
212 894 379 944 assessor
394 870 586 962 senatoris
603 871 760 944 lacobus
776 872 820 942 de
836 871 990 960 Amabo,
1009 871 1156 966 quidam
1172 871 1276 960 alius,
1296 871 1333 944 in
1349 871 1422 946 line

99 1003 167 1070 tres
181 1001 477 1070 conservatores.
497 995 691 1069 Prandium
713 995 778 1068 luit
795 996 883 1068 sutis
901 993 1029 1069 feriale
1051 1002 1088 1067 et
1108 995 1185 1068 sine
1207 995 1304 1068 bono
1323 995 1418 1069 vino.

98 1125 176 1194 Post
191 1121 391 1218 prandium
409 1120 476 1195 luit
493 1121 647 1194 recitata
664 1119 820 1216 quedam
841 1119 1010 1192 comedia
1024 1119 1059 1191 in
1079 1119 1181 1192 curie
1197 1119 1322 1216 palatii
1338 1144 1421 1216 pre-

97 1246 253 1337 dicti-in
280 1251 384 1318 tanta
407 1247 530 1343 populi
554 1268 741 1342 pressura,
765 1246 862 1342 quod
888 1245 1060 1342 [propter]
1088 1243 1223 1317 malum
1254 1245 1420 1318 ordinem

97 1394 197 1444 nemo
217 1371 503 1468 poterat-videre
524 1370 629 1444 bene.
654 1373 733 1443 Nou
755 1369 903 1442 luerunt
926 1374 1064 1443 servate
1082 1368 1164 1442 locu
1187 1369 1344 1442 invitalis
1367 1369 1421 1442 rel

98 1496 286 1586 nobilibus,
317 1497 382 1570 sed
407 1495 529 1569 omnia
552 1495 589 1567 in
608 1494 778 1586 conlus03
801 1502 995 1592 propteroa
1015 1494 1173 1584 reoessi;
1202 1494 1326 1568 nescio
1349 1518 1420 1590 quo

98 1621 197 1694 modo
213 1641 276 1692 res
291 1619 443 1693 ulterius
459 1625 542 1694 acta
556 1619 675 1694 luerit.

141 1745 243 1818 Feria
261 1750 409 1842 quarta,
438 1751 458 1818 5
477 1745 613 1818 mensis
635 1745 734 1835 maii,
762 1743 928 1841 predicta
951 1743 988 1814 in
1010 1741 1165 1816 ecclesia
1182 1743 1218 1814 b.
1239 1744 1351 1816 Marie
1376 1745 1421 1816 de

100 1873 228 1968 Populo
242 1871 370 1944 habite
387 1874 471 1944 sunt
488 1869 640 1966 exequie
656 1870 751 1944 bone
769 1868 947 1943 memorie
964 1867 1157 1940 cardinalis
1176 1892 1205 1940 s.
1226 1867 1421 1941 Clementis

100 2021 180 2094 quas
194 1997 277 2070 heri
295 1995 456 2068 intimari
473 1995 542 2068 leci
555 2018 621 2092 per
635 1995 802 2069 cedulam
819 1993 1026 2066 cursoribus
1043 1997 1138 2090 Pape
1153 1992 1287 2082 datam,
1301 1993 1423 2090 hujus-

100 2121 188 2194 modi
203 2122 365 2194 tenoris:

147 2276 163 2310 «
177 2246 371 2318 lntimetur
393 2267 437 2318 ex
458 2249 563 2342 parte
586 2248 806 2318 thmorum.
828 2245 903 2316 nn.
931 2240 1169 2316 cardinalium
1193 2240 1421 2338 Neapolitani

103 2375 135 2442 et
148 2371 319 2467 Capuani,
338 2377 374 2442 et
387 2370 541 2443 oliorum
560 2373 798 2443 executorum
814 2367 1019 2442 testamenti
1036 2365 1130 2439 boue
1146 2365 1323 2439 memorie
1338 2388 1422 2438 car-

102 2495 218 2567 dinalis
249 2521 281 2567 s.
313 2495 525 2585 Clementis,
559 2494 709 2592 singulis
740 2497 815 2567 DD.
847 2491 1090 2564 cardinalibus
1116 2513 1158 2564 ac
1189 2490 1322 2562 lumilie
1354 2491 1418 2563 SS.

105 2621 140 2690 o.
160 2622 199 2692 N.
217 2623 331 2717 Pape,
349 2620 556 2694 oratoribus
573 2643 703 2716 regum
721 2625 756 2692 et
777 2617 981 2714 principum
998 2639 1040 2689 ac
1062 2614 1209 2712 prelatis
1231 2636 1421 2687 romanam

106 2743 229 2816 curiam
252 2745 490 2840 sequentibus
515 2754 549 2817 et
572 2743 796 2818 auditoribus
817 2749 911 2833 rote,
934 2741 1045 2838 quod,
1076 2739 1232 2814 crastiua
1256 2739 1328 2829 die,
1351 2761 1420 2834 que

108 2868 166 2940 erit
187 2870 376 2958 mercurii,
397 2876 417 2943 5
438 2870 549 2966 liujus
569 2869 704 2942 mensis
724 2869 825 2956 maii,
847 2868 946 2942 circa
963 2865 1095 2938 horam
1117 2864 1328 2960 vigesimam
1347 2862 1422 2958 pri-

106 3015 203 3082 mam,
224 2993 317 3067 fient
331 2993 482 3090 exequie
494 2993 580 3066 dicti
595 2993 689 3066 Rmi.
710 2996 752 3066 [t.
770 2992 959 3066 cardinalis
975 3015 1004 3064 s.
1023 2989 1231 3077 Clementis,
1250 2988 1285 3060 in
1302 2987 1421 3062 ecole-

108 3115 152 3187 sia
176 3116 210 3188 b.
243 3117 360 3190 Mario
390 3118 434 3190 de
464 3118 613 3216 Populo.
647 3123 771 3191 umus.
804 3121 848 3190 D.
880 3115 1070 3190 cardinalis
1100 3117 1287 3210 Capuanus
1314 3111 1421 3187 saciet

107 3239 250 3315 officium
267 3249 307 3315 et
320 3243 429 3316 trater
447 3248 575 3316 Petrus
591 3243 784 3339 Hispanus
803 3243 1022 3316 orationem.
1043 3269 1059 3306 »

148 3370 308 3440 Castrum
323 3367 460 3441 doloris
476 3369 633 3464 positum
649 3368 713 3440 luit
728 3367 774 3440 ad
789 3368 911 3440 locum
927 3365 1217 3452 convenientem,
1234 3364 1333 3436 circa
1347 3384 1421 3435 me-

103 3489 194 3563 dium
213 3492 392 3582 ecclesie3
420 3492 660 3589 luitlongum
684 3492 888 3589 palmorum
914 3491 1063 3589 triginta
1086 3497 1251 3585 quatuor,
1275 3487 1419 3584 largum

108 3614 317 3711 vigintiduo,
335 3617 446 3690 altum
461 3618 665 3714 palmorum
682 3619 856 3692 tredecim
874 3622 910 3691 et
925 3639 1035 3712 supra
1049 3614 1236 3688 columnas
1252 3610 1420 3684 similiter

108 3739 283 3815 tredecim.
301 3743 380 3815 Fuit
394 3744 485 3816 bene
498 3743 726 3840 dispositum,
743 3742 808 3818 sed
823 3743 988 3816 strictum
1004 3764 1012 3830 ;
1030 3763 1103 3814 1111
1118 3737 1237 3835 potuit
1252 3734 1419 3832 ampliari

108 3865 442 3960 propterecclesiam
457 3895 465 3956 ;
482 3867 612 3941 lectica
626 3868 911 3965 altapalmorum
925 3866 1094 3962 quinque,
1107 3863 1219 3958 longa
1231 3883 1306 3952 sex,
1319 3860 1421 3956 larga

111 3994 192 4061 octo.
210 3989 336 4062 Posito
352 3989 497 4064 luerunt
518 3999 761 4088 superportas
782 3991 935 4065 ecclesie
955 3986 1128 4062 interlitia
1148 4009 1230 4074 sex3
1250 3985 1314 4056 sub
1331 4007 1420 4080 quo-

109 4109 185 4185 libet
203 4137 300 4206 arcu,
324 4139 475 4211 quorum
499 4124 582 4188 suut
597 4121 786 4212 quatuorn
806 4115 968 4212 quolibet
986 4114 1100 4187 latere
1115 4111 1282 4200 ecclesie,
1301 4109 1420 4206 posita
1499 4209 1505 4217 ί

110 4233 237 4312 luerunt
251 4239 428 4312 intortitia
447 4265 529 4328 sex3
553 4241 620 4312 sub
636 4241 791 4313 arcubus
807 4240 911 4346 justa
930 4240 1044 4312 altare
1063 4237 1193 4334 majus,
1219 4233 1417 4322 hincinde,

113 4361 168 4432 sub
178 4363 334 4458 quolibet
351 4365 537 4439 intorticia
551 4375 634 4439 octo
651 4390 658 4455 ;
677 4389 748 4440 non
765 4367 909 4439 luerunt
926 4387 1100 4452 aceensa;
1119 4369 1155 4435 ot
1172 4369 1273 4434 retro
1290 4358 1416 4444 altaro,

112 4485 166 4558 rub
180 4510 276 4580 arcu,
293 4491 479 4584 intorticia
499 4515 650 4577 novem;
670 4493 778 4588 juxta·
792 4497 952 4565 castrum
969 4490 1106 4564 doloris
1125 4485 1317 4559 duodecim
1335 4481 1420 4553 hinc

114 4611 309 4686 1111111111
336 4613 455 4701 illinc;
483 4614 527 4688 de
559 4616 691 4710 quibus
716 4616 886 4688 omnibus
910 4624 946 4689 et
971 4614 1050 4687 aliis
1074 4607 1311 4705 infrascriptis
1338 4603 1419 4676 dedi

112 4733 258 4808 cedulam
271 4737 534 4811 distributionis
549 4762 645 4812 cere.

157 4859 248 4934 Ultra
262 4863 437 4937 intortitia
452 4864 668 4960 supradicta,
689 4889 866 4940 nurnero.
877 4913 1306 4938 ................
1361 4877 1421 4926 1111

150 4984 254 5081 Supra
274 4991 437 5061 castrum
453 4987 586 5062 doloris
607 5038 1304 5064 .......................
1385 5001 1420 5049 111

153 5111 420 5206 carpinetae
437 5113 549 5209 pedes
566 5116 672 5189 castri
696 5166 1303 5188 ....................
1321 5145 1324 5152 ’
1396 5127 1418 5174 11

155 5233 216 5305 Pro
239 5235 417 5332 sepultura
439 5235 598 5311 defuncti
617 5291 1302 5314 ........................
1396 5251 1419 5298 11
