3506 6034
82 563 144 632 [nott
156 561 219 620 15⁰³]
374 556 502 614 RERUM
526 555 756 614 URBANARUM·
778 555 1041 616 COMMENTARH.
1325 563 1375 618 251

80 717 256 792 contractus
288 710 547 802 ratificaretur,
584 733 694 806 quem
727 709 985 808 Neapolitanus
1019 711 1136 788 noluit
1171 712 1375 788 ratificare:

81 837 221 916 Senensis
243 842 443 924 recesserat
463 843 499 910 et
519 835 579 908 alii
602 841 845 927 recesserunt,
870 861 910 912 re
933 837 1080 912 iniecta.
1108 841 1148 910 iu
1168 861 1264 928 sero,
1287 839 1380 913 hora

80 967 175 1068 prima
193 961 304 1036 noctis
322 961 378 1036 vel
398 961 505 1051 ultra,
528 967 690 1035 oratores
706 961 904 1058 supradicti
928 963 1180 1058 equitaverunt
1204 965 1249 1036 ad
1274 964 1380 1038 Pala-

79 1092 160 1178 tium,
176 1086 217 1160 ad
228 1086 356 1160 ducem
370 1085 617 1175 Valentinum,
639 1091 675 1159 et
690 1093 960 1183 proposuerunt
979 1111 1022 1162 ac
1037 1095 1295 1184 persuaserunt
1312 1089 1379 1162 sibi

79 1221 105 1287 et
129 1197 385 1286 admonuerunt
405 1233 489 1284 eum
517 1209 615 1305 quod
646 1211 691 1283 ab
718 1212 812 1284 Urbe
842 1213 1034 1286 recederet
1060 1211 1115 1284 vel
1139 1218 1267 1308 gentes
1297 1236 1380 1286 suas

79 1345 158 1410 extra
177 1337 306 1410 Urbem
331 1336 508 1408 adunam
531 1335 668 1408 dietam
690 1335 746 1410 vel
770 1336 870 1410 cirea
889 1337 1065 1428 mitteret.
1090 1341 1168 1410 Dux
1193 1337 1379 1434 respondit

79 1487 107 1533 se
123 1469 224 1534 tutum
242 1482 314 1534 uon
332 1483 414 1534 esse
430 1467 530 1533 extra
548 1459 724 1556 palatium
742 1461 796 1535 vel
814 1469 915 1534 extra
934 1462 1069 1535 Urbem
1086 1469 1121 1534 et
1137 1465 1331 1559 propterea
1343 1461 1379 1534 in

80 1586 155 1658 Urbe
178 1607 321 1658 manere
348 1590 516 1682 oportere
538 1584 594 1660 vel
624 1592 751 1679 gentes
781 1609 864 1658 suos
893 1586 1042 1659 habere.
1069 1585 1288 1660 abtulerunt
1315 1586 1380 1662 ribi

78 1717 208 1784 restrum
229 1735 258 1786 s.
282 1709 412 1808 Angeli
434 1733 516 1782 cum
540 1709 681 1782 duobus
698 1710 755 1784 vel
779 1711 895 1784 tribus
912 1711 1079 1806 personis
1097 1710 1381 1786 intromittendis

78 1860 141 1908 rum
155 1859 206 1926 eo,
224 1835 320 1932 quod
340 1858 412 1908 non
430 1829 567 1932 placuit
585 1835 681 1908 duci.
698 1836 908 1932 Acceptavit
930 1841 1052 1909 autem
1072 1835 1208 1910 dictum
1224 1842 1382 1912 castrum

76 1985 132 2058 quo
145 1983 223 2034 casu
240 1961 339 2058 quod
357 1960 426 2034 sibi
443 1961 624 2056 integrum
644 1961 920 2058 consignaretur
941 1967 973 2034 et
1000 1985 1083 2036 cum
1106 1961 1274 2058 gentibus
1292 1961 1380 2051 suis,

76 2087 181 2182 quibus
195 2087 312 2176 vellet,
330 2093 454 2184 posset
471 2087 507 2158 iu
524 2087 602 2183 ipso
620 2110 835 2183 permanere
857 2091 891 2160 et
914 2090 1000 2160 tunc
1018 2087 1128 2162 vellet
1147 2087 1235 2160 alias
1257 2091 1384 2182 gentes

76 2213 195 2286 mittere
224 2217 390 2286 extract
417 2210 581 2308 adjunxit
608 2211 705 2308 quod
732 2213 921 2286 mitterent
937 2236 1009 2310 ,pro
1039 2211 1206 2284 omnibus
1234 2209 1384 2286 medicis

76 2335 182 2426 t'rbis3
203 2337 231 2408 si
250 2336 460 2434 judicarent
483 2359 567 2410 eum
591 2360 698 2432 posse
715 2337 875 2432 equitare
895 2336 955 2410 vel
972 2335 1105 2432 portari
1126 2333 1203 2406 sine
1220 2331 1383 2430 periculo

75 2462 216 2560 corporis
248 2465 284 2536 et
319 2461 468 2550 mortis,
505 2460 613 2534 vellet
649 2461 848 2552 recedere;
887 2461 941 2534 sin
975 2465 1112 2548 autem,
1153 2457 1385 2554 providerent

74 2586 126 2660 sibi
142 2586 182 2664 de
197 2588 395 2662 securitate
416 2588 597 2684 corporis,
618 2593 654 2660 et
673 2587 776 2672 vellet
793 2587 891 2660 exire
907 2585 1098 2660 Palatium.
1119 2583 1173 2658 nd
1188 2605 1232 2659 ea
1250 2607 1320 2679 que
1340 2583 1385 2658 de

74 2719 171 2786 castro
188 2714 356 2786 dixerant
375 2713 485 2808 quod,
506 2712 591 2808 quia
609 2711 797 2786 castellum
813 2717 976 2785 maneret
996 2711 1063 2784 sub
1086 2707 1294 2784 obedientia
1311 2707 1386 2782 col-

75 2834 140 2932 legii
156 2839 280 2936 etipse
300 2839 373 2912 dux
392 2838 544 2912 intraret
566 2860 649 2910 cum
672 2842 723 2910 tot
743 2837 788 2909 de
810 2836 884 2910 suis
909 2835 1004 2932 quod
1026 2840 1147 2908 essent
1171 2831 1238 2906 sibi
1263 2855 1385 2904 neces·
1502 2917 1513 2938 ·

75 2961 156 3050 sarii,
176 2967 212 3036 et
235 2969 336 3038 esset
357 2968 549 3038 contentus
573 2961 756 3036 remittere
780 2967 906 3058 gentes
929 2983 1012 3033 sues
1034 2955 1231 3031 dummodo
1255 2956 1387 3033 castel·

76 3083 156 3158 tanus
173 3088 318 3184 juraret
345 3111 418 3160 non
442 3087 588 3160 tradere
615 3109 698 3156 eum
723 3085 757 3157 in
786 3084 954 3158 menibus
979 3082 1230 3168 inimicorum,
1257 3089 1292 3152 et
1315 3103 1387 3152 non

74 3209 187 3303 placuit
202 3212 374 3309 collegio.
1260 3277 1266 3286 ,

111 3335 166 3410 Dic
183 3337 339 3424 sabbati,
362 3341 406 3410 26
426 3336 582 3432 augusti,
604 3335 746 3432 pulsata
761 3333 828 3407 init
843 3355 1020 3428 campana
1036 3330 1229 3404 cardinalis
1248 3333 1387 3426 Neapo-

73 3458 164 3552 litani,
196 3469 231 3536 ut
258 3461 511 3560 superioribus
537 3460 676 3550 diebus,
701 3466 737 3534 et
764 3458 799 3532 in
821 3458 899 3555 ejus
924 3458 1033 3530 domo
1056 3455 1123 3528 init
1149 3455 1386 3551 congregatio

74 3587 117 3658 rui
146 3588 307 3662 iuteriuit
335 3611 419 3660 cum
448 3587 618 3660 mantello
650 3608 757 3682 super
781 3583 959 3656 rochetto.
993 3580 1236 3654 interfuerunt
1263 3577 1387 3674 viginti

74 3734 146 3786 unus
163 3713 378 3804 cardinales,
398 3713 588 3786 videlicet:
608 3709 879 3808 Neapolitanus,
901 3704 1173 3794 Recanatensis,
1195 3729 1225 3776 s.
1252 3707 1389 3778 Praxe-

73 3833 125 3924 dis,
144 3842 432 3930 Beneventanus,
454 3837 615 3936 episcopi
630 3862 638 3927 ;
656 3835 938 3922 Alexandrinus,
965 3856 994 3904 s.
1020 3829 1158 3920 Crucis,
1179 3829 1384 3916 Grimanus,

71 3962 278 4054 arborensis,
313 3965 543 4054 cusentinus,
565 3962 824 4049 Salernitanus‚
854 3955 1154 4054 Caputaquonsis,
1179 3954 1387 4030 Bononien-

71 4085 124 4177 sis,
154 4091 371 4180 Perusinus,
405 4090 450 4162 de
483 4089 618 4177 Uisco,
650 4083 902 4181 Legioneusis,
940 4081 1165 4179 presbyteri,
1201 4079 1384 4166 Senensis,

72 4213 222 4308 itedices,
253 4242 286 4290 s.
321 4215 495 4306 Severini,
527 4213 733 4303 Cesarinus,
771 4210 815 4283 de
846 4207 1032 4296 Farnesio,
1062 4213 1096 4279 et
1125 4205 1169 4278 de
1194 4205 1384 4296 Alibrett0,

71 4335 218 4434 diaconi3
252 4341 385 4438 quibus
420 4344 584 4414 oratores
616 4337 819 4412 retulerunt
851 4333 1074 4408 voluntatem
1106 4337 1142 4404 et
1175 4353 1388 4426 responsum

72 4461 168 4556 docio,
197 4491 280 4542 cum
309 4465 438 4563 quibus
464 4467 598 4553 iterum
624 4462 831 4537 habuerunt
856 4459 986 4555 longos
1008 4459 1200 4532 tractatus.
1227 4454 1386 4528 Tandem

72 4589 254 4666 retulerunt
285 4613 355 4687 que
386 4596 465 4664 acta
498 4595 579 4662 sunt
609 4611 693 4662 cum
729 4582 1008 4660 mercatoribus.
1042 4585 1083 4654 D.
1115 4577 1390 4653 Tarracinensis

71 4717 242 4810 respondit
274 4741 314 4788 sc
346 4715 526 4812 reperisse
560 4736 700 4811 pannos
735 4707 977 4806 septuaginta,
1010 4713 1044 4778 et
1072 4710 1298 4776 mercatores
1331 4700 1389 4796 qui

70 4837 254 4916 offerebant
276 4841 361 4914 dare
385 4863 526 4938 pannos
550 4839 595 4911 de
618 4838 738 4934 primo
761 4827 857 4908 sorte
882 4855 948 4930 pro
975 4828 1129 4902 carlonis
1152 4825 1391 4924 quadraginta

18 5031 19 5042 ,
69 4963 212 5060 quinque
228 4973 265 5040 et
284 4964 559 5063 quinquaginta,
580 4963 669 5036 elios
687 4985 755 5059 pro
773 4959 926 5054 triginta
947 4959 984 5028 et
1010 4954 1159 5050 triginta
1176 4954 1335 5050 quinque
1355 4956 1386 5022 et

69 5082 105 5158 de
121 5091 222 5166 tertia
238 5113 305 5190 pro
321 5089 526 5180 duodecim,
548 5095 584 5164 et
599 5093 795 5185 expectare
815 5089 958 5181 paratos
978 5081 1024 5154 ad
1040 5103 1102 5154 sex
1117 5078 1171 5154 vel
1191 5083 1273 5152 octo
1291 5100 1391 5150 men·

67 5209 119 5296 sis,
141 5220 174 5288 et
193 5239 274 5290 esse
297 5241 437 5316 pannos
462 5215 629 5314 ejusdem
652 5211 821 5288 bonitatis
841 5217 948 5306 prout
968 5205 1063 5296 beri,
1086 5211 1121 5280 et
1141 5204 1225 5302 quia
1239 5203 1387 5302 palatini
