3502 6036
89 617 243 680 [Decembre
258 616 327 678 1512]
418 611 544 671 RERUM
554 610 794 670 ’URBANARUM
817 611 1078 671 commentatur.
1361 617 1410 672 181

87 781 181 862 tono,
203 775 389 868 Capuano,
408 793 437 840 s.
450 767 625 856 Severini,
648 766 801 852 Estensi,
823 767 1009 855 Cesarino,
1030 770 1205 843 l'arnesio
1224 773 1261 842 et
1278 771 1412 866 Borgia

87 923 126 973 ac
144 899 236 971 duce
253 895 516 972 valentinensi.
531 893 733 966 Cardinalis
752 893 885 990 Borgia
903 893 973 968 cito
989 894 1154 982 recessit,
1174 893 1232 966 alii
1244 918 1414 990 perman·

85 1027 221 1098 serunt.
251 1022 450 1119 Episcopus
470 1017 659 1091 adriensis
688 1019 773 1092 lecit
799 1042 1007 1092 sermonem
1030 1020 1103 1091 sive
1127 1020 1347 1108 orationem,
1374 1025 1411 1094 et

87 1155 180 1244 Papa
201 1146 365 1245 pluribus
386 1145 523 1216 viribus
540 1143 629 1215 dixit
648 1143 681 1216 ei
700 1143 795 1238 quod
812 1143 919 1216 citius
938 1145 1140 1241 expediret.
1168 1146 1245 1228 Duo
1265 1143 1410 1217 tandem

85 1273 197 1361 linito,
218 1277 296 1344 erat
317 1275 400 1343 ante
422 1273 556 1365 Papam
576 1269 697 1364 posita
716 1269 871 1364 quedam
891 1291 1020 1342 mensa
1038 1269 1108 1341 sive
1130 1268 1262 1352 tabula,
1278 1292 1410 1342 conve·
1466 1349 1473 1363 ‚

85 1398 196 1468 niens.
216 1397 461 1467 accesserunt
474 1397 557 1466 ante
575 1397 709 1489 Papam
725 1394 829 1488 juxta
845 1416 1007 1467 mensam
1024 1394 1242 1492 predictam,
1265 1397 1307 1467 D.
1328 1399 1411 1466 Fer·

87 1522 272 1608 dinandus,
291 1519 407 1592 trater
425 1524 460 1591 et
477 1522 696 1615 procurator
716 1519 853 1615 sponsi,
875 1523 912 1592 et
932 1523 974 1592 D.
1000 1519 1168 1594 Lucretia
1190 1520 1247 1593 cui
1268 1519 1344 1616 ipse
1364 1524 1406 1593 D.

89 1645 332 1719 Ferdinandus
343 1644 493 1740 proprio
504 1643 651 1716 nomine
662 1643 785 1717 iratris
796 1645 850 1716 sni
867 1643 1040 1740 imposuit
1051 1648 1093 1717 D.
1106 1645 1410 1740 Lucretiequem-

86 1771 163 1842 dam
180 1768 355 1842 annulum
373 1791 522 1840 aureum
542 1791 606 1840 seu
623 1791 818 1864 gemmam,
837 1773 947 1864 prout
962 1769 1083 1842 socius
1099 1791 1201 1841 meus
1214 1749 1301 1842 milri
1313 1775 1411 1844 retu-

87 1896 133 1981 lit,
158 1895 219 1991 qui
246 1893 397 1992 propius
417 1893 517 1965 vidit.
543 1893 735 1990 Apportati
763 1893 894 1966 deinde
920 1893 1069 1967 luerunt
1096 1918 1162 1992 per
1189 1899 1332 1969 Rmum.
1364 1899 1406 1968 D.

87 2019 302 2093 cardinalem
323 2021 512 2090 Estensem
530 2021 566 2090 et
582 2017 735 2090 tratrem
753 2019 875 2114 sponsi
894 2025 1051 2114 quatuor
1070 2019 1130 2091 alii
1150 2019 1271 2092 annuli
1287 2021 1409 2117 magni

88 2145 224 2234 valoris,
250 2143 401 2230 dismas,
430 2141 595 2229 rubinus,
619 2141 836 2239 smaragdus
861 2147 897 2215 et
921 2139 1129 2232 turchinus;
1155 2150 1191 2219 et
1215 2149 1410 2241 apportata

89 2291 153 2340 una
170 2291 279 2364 capsa
297 2266 562 2364 supradictam
592 2289 756 2339 mensam
779 2267 969 2362 posita,.et
992 2268 1036 2339 de
1064 2269 1237 2342 mandato
1255 2269 1409 2366 predicti

89 2391 279 2466 cardinalis
294 2395 423 2490 aperta
441 2391 501 2486 qui
524 2391 678 2463 extraxit
700 2415 744 2462 ex
767 2415 810 2465 ea
836 2415 946 2464 unam
970 2391 1134 2465 sculbam
1159 2393 1231 2466 sive
1253 2393 1409 2467 biretum

88 2523 143 2590 aut
159 2521 409 2590 ornamentum
427 2515 553 2611 capitis
575 2539 658 2588 cum
682 2517 865 2590 sexdecim
888 2517 1149 2608 adamantibus
1175 2519 1325 2593 totidem
1345 2520 1409 2592 ba-

91 2642 187 2714 lassis
212 2646 249 2716 et
274 2622 423 2714 circiter
449 2644 595 2712 centum
621 2644 658 2714 et
680 2641 942 2739 quinquaginta
963 2641 1075 2737 perlis
1102 2642 1174 2714 sive
1201 2644 1431 2740 margaritis

91 2767 235 2864 grossis3
251 2768 337 2841 item
353 2772 512 2863 quatuor
527 2766 679 2842 collaria
696 2767 768 2840 sive
786 2771 937 2863 torques
952 2791 1035 2840 cum
1048 2767 1304 2864 pulcherrimis
1321 2769 1411 2866 lapi-

92 2892 185 2964 dibus
201 2891 370 2988 pretiosis
386 2897 422 2966 et
438 2891 659 2988 margaritis,
679 2891 766 2966 item
783 2898 866 2965 octo
885 2892 1034 2964 monilia
1050 2893 1292 2966 diversissime
1311 2893 1410 2969 labo·

93 3022 163 3089 rata
193 3017 239 3090 ad
267 3013 547 3113 appendendum
575 3017 717 3113 pectori
743 3016 800 3089 vel
828 3017 949 3113 cupiti,
980 3040 1063 3090 cum
1089 3018 1240 3092 diversis
1268 3019 1409 3114 magnis

94 3141 258 3238 lapidibus
280 3141 449 3237 pretiosis
474 3147 510 3214 et
529 3141 750 3239 margaritis3
769 3142 856 3215 item
880 3151 915 3214 et
938 3142 1009 3214 alia
1031 3142 1180 3216 monilia
1197 3166 1218 3216 a
1236 3144 1409 3240 predictis

94 3265 230 3355 diversa,
256 3267 457 3341 successive
478 3274 633 3362 quatuor
658 3266 728 3339 alia
751 3267 883 3340 iterum
900 3267 1041 3341 diversa
1061 3277 1096 3341 et
1122 3269 1406 3365 pretiosissima3

95 3391 168 3464 item
183 3399 338 3488 quatuor
356 3415 506 3490 magnas
523 3391 636 3466 filcias
653 3393 931 3489 margaritarum
952 3392 1302 3489 pulcherrimarum;
1321 3395 1408 3469 item

95 3522 232 3611 quatuor
262 3516 527 3614 pulcherrimas
556 3539 684 3590 cruces
708 3541 858 3614 quarum
885 3540 956 3590 una
985 3524 1063 3590 erat
1088 3518 1124 3588 in
1146 3517 1263 3591 forma
1286 3519 1407 3592 crucis

95 3663 117 3710 s.
132 3641 283 3731 Andree,
304 3641 372 3714 alie
389 3647 463 3715 tres
481 3641 516 3712 in
530 3640 647 3714 torma
662 3641 780 3715 crucis
796 3641 929 3715 Christi
943 3642 988 3715 de
1012 3641 1262 3716 adamantibus
1279 3649 1314 3716 et
1331 3643 1407 3716 aliis

94 3761 258 3860 lapidibus
280 3766 470 3862 pretiosis3
498 3771 639 3839 tantem
663 3765 773 3838 aliam
793 3765 976 3856 scultiam,
996 3766 1111 3862 prime
1133 3766 1234 3862 quasi
1257 3790 1404 3863 parem3

93 3889 306 3982 quaomnia
332 3890 498 3963 estimato
524 3891 569 3964 ad
594 3890 757 3964 valorem
782 3895 803 3962 8
827 3890 942 3964 millia
969 3891 1185 3964 ducatorum
1211 3889 1257 3990 (t)
1286 3891 1408 3965 oblata

94 4035 208 4108 sponse
231 4037 298 4111 per
317 4001 540 4088 cardinalem
562 4019 751 4089 Estensem
767 4014 884 4087 verbis
899 4015 1139 4088 ornatissimis
1156 4038 1199 4089 eo
1220 4017 1317 4112 quod
1334 4040 1406 4089 non

93 4137 164 4212 relit
180 4162 222 4212 eu
247 4161 437 4236 spernere;
464 4163 547 4213 cum
572 4139 681 4213 luerit
698 4141 882 4230 Ferrarie,
908 4141 979 4214 dux
1001 4141 1102 4213 dabit
1123 4141 1205 4214 alia.
1233 4145 1330 4238 Papa
1348 4167 1406 4214 re-

95 4263 189 4336 traxit
205 4286 243 4336 se
260 4263 306 4336 od
326 4271 538 4360 sequentem
557 4265 677 4337 aulam
693 4265 765 4338 sive
781 4288 965 4338 cameram
982 4265 1181 4355 Paulinam,
1201 4270 1237 4338 et
1252 4275 1403 4362 sequute

95 4395 164 4460 sunt
177 4411 257 4462 eum
277 4390 445 4462 Lucretia
463 4413 544 4464 cum
561 4390 774 4463 mulieribus
789 4397 823 4464 et
841 4391 964 4464 multis
980 4390 1073 4483 aliis,
1090 4395 1125 4464 et
1141 4395 1354 4464 manserunt
1368 4391 1404 4463 in

95 4510 212 4603 palatio
227 4515 402 4610 usquead
419 4514 676 4588 duodecimam
696 4515 827 4588 horam
849 4515 967 4588 noctis
986 4515 1041 4602 ,vel
1059 4515 1175 4602 circa;
1198 4509 1404 4588 cardinales

97 4635 193 4708 etalii
212 4637 272 4734 qui
293 4637 499 4734 voluerunt,
516 4648 761 4712 recesserunt.
787 4639 935 4714 luterim
954 4663 1037 4714 cum
1063 4640 1239 4736 premisso
1259 4639 1400 4725 fierent,

96 4755 182 4834 datus
203 4769 258 4837 est
276 4763 468 4837 conflictus
493 4763 637 4836 cuidam
655 4770 774 4838 castro
798 4746 919 4862 ligneo
940 4766 1013 4839 sire
1038 4764 1200 4838 tabulato
1221 4765 1255 4836 in
1282 4765 1403 4860 platea

97 4903 119 4952 ⁸.
134 4886 222 4958 l’etri
239 4911 306 4984 per
321 4895 450 4985 gentes
467 4887 571 4960 ducis
586 4887 866 4963 Valentlnensis.

124 5103 145 5159 1.
160 5105 196 5162 Lu
209 5123 310 5164 somme
325 5115 368 5166 est
389 5109 486 5166 laissee
501 5129 535 5166 en
549 5111 629 5168 blanc
643 5111 712 5168 dans
727 5111 751 5167 le
765 5098 845 5180 5522,
856 5113 884 5181 l,
905 5111 951 5168 tol.
967 5113 1029 5180 362,
1044 5112 1227 5181 v.;17737‚t.
1244 5113 1307 5196 3241,
1323 5131 1350 5170 v.
1365 5111 1401 5169 le

97 5190 135 5245 151
152 5193 254 5252 donne:
271 5219 285 5251 a
300 5197 336 5254 ad
356 5201 407 5254 100
422 5217 452 5269 νς
467 5203 515 5274 qui
534 5219 568 5257 ne
584 5200 685 5257 saurait
698 5206 755 5257 etro
778 5207 867 5257 exact.
891 5197 943 5256 l’el
963 5200 1034 5257 suivi
1049 5200 1075 5257 la
1088 5199 1166 5270 leeon
1177 5200 1214 5257 du
1230 5201 1324 5276 Cbigi.
1338 5203 1356 5260 l.
1377 5206 1401 5268 t,

99 5281 133 5346 ll,
145 5283 186 5339 tot.
201 5286 260 5352 315,
275 5286 322 5360 qui
337 5288 448 5345 donne:
465 5311 501 5347 o..
514 5291 641 5348 estimato
655 5291 689 5346 ad
705 5290 850 5382 valorem8
865 5290 978 5347 oblatu„
993 5311 1007 5342 o
