3612 6064
86 639 217 700 [tanvlar
234 641 304 702 tado]
426 638 555 697 RERUM
579 637 807 696 UHBANARUM
832 635 1096 696 COMMENTARH.
1406 642 1436 698 ll

88 795 244 866 limum.
275 797 318 868 D.
350 791 577 868 cardinalem
609 792 783 888 Borgiam
814 816 858 862 ex
887 791 1053 864 Bononia
1082 791 1137 864 vel
1166 815 1186 864 a
1213 792 1319 878 duce,
1350 815 1434 864 cum

89 921 257 1014 quatuor
284 922 427 990 lantum
457 941 502 992 ex
528 918 603 990 suis
640 940 706 1013 per
734 917 1015 990 tabellariorum
1050 922 1186 1013 postas,
1226 921 1265 989 ut
1296 921 1436 992 Roman

88 1039 208 1114 veloci
241 1067 392 1116 accessu
418 1043 572 1130 veniret,
603 1044 782 1118 Urbinum
806 1041 1025 1138 applicuisse
1055 1043 1206 1115 circiter
1233 1043 1331 1114 diem
1355 1067 1437 1139 pre-

88 1167 237 1240 dictum
257 1173 294 1240 et
315 1168 451 1240 ibidem
475 1168 606 1241 febrim
630 1168 750 1264 ipsum
779 1167 952 1240 invasisse
981 1167 1134 1240 modicis
1156 1167 1260 1240 valde
1283 1191 1433 1264 suspec-

88 1299 191 1379 tam;
214 1293 354 1389 dequo
376 1297 474 1390 Papa
497 1292 565 1366 luit
588 1317 654 1390 per
673 1296 716 1366 D.
735 1292 919 1388 Angelum
940 1293 1155 1388 episcopum
1185 1293 1431 1382 Tiburtinum,

87 1440 174 1490 cum
211 1419 346 1491 eodem
383 1418 571 1492 cardinale
605 1417 836 1506 existentem,
869 1416 1105 1504 certificatus,
1142 1422 1178 1490 ct
1205 1417 1338 1492 deinde
1367 1441 1432 1514 per

86 1543 204 1618 alium
252 1544 421 1616 nuntium
466 1547 562 1640 Papo
601 1567 668 1640 per
708 1544 880 1616 eumdem
925 1544 1139 1639 episcopum
1185 1541 1431 1639 significatum

86 1668 231 1740 febrim
249 1667 497 1764 periculosam
515 1693 588 1742 non
608 1693 684 1742 esse
709 1674 744 1742 et
768 1670 865 1764 quod
891 1668 1054 1741 morbilli
1081 1673 1317 1764 apparerent,
1343 1692 1434 1764 quo-

86 1815 172 1864 rum
199 1815 314 1866 causa
342 1791 454 1864 labris
484 1794 695 1880 advenerat,
727 1793 897 1888 quodque
928 1791 1127 1866 cardinalis
1155 1793 1245 1890 ipse,
1278 1796 1433 1888 captura

88 1919 187 1992 arcis
217 1917 478 1993 Foroliviensis
506 1917 706 2008 intellecta,
738 1940 872 2014 equum
897 1919 1127 2006 ascenderat,
1154 1918 1271 1990 iturus
1292 1916 1430 1990 Foroli-

88 2045 186 2117 vium
207 2045 257 2118 ad
281 2045 414 2118 ducem
433 2044 668 2119 Valentinum
697 2044 730 2118 ei
758 2043 1083 2140 congratulaturus
1109 2043 1154 2116 de
1182 2043 1356 2132 victoria;
1377 2047 1425 2131 et,

89 2191 175 2243 cum
214 2168 330 2241 celeri
366 2191 516 2242 accessu
550 2172 686 2242 Forum
721 2168 980 2265 Sempronium
1015 2165 1256 2263 pervenisset,
1295 2167 1428 2240 lebrim

88 2293 456 2366 vehementissimam
475 2294 642 2382 rediisse,
673 2294 718 2366 de
743 2316 815 2388 qua
838 2293 1016 2389 expiravit
1033 2293 1070 2366 in
1089 2297 1209 2381 nocte,
1229 2295 1311 2389 post
1328 2291 1426 2369 diem

82 2419 178 2515 jovis
214 2423 259 2491 td
287 2417 375 2492 dicti
403 2417 539 2492 mensis
561 2417 733 2513 januarii.
763 2415 928 2494 Cadaver
954 2419 1032 2514 ejus
1058 2423 1246 2514 portatum
1274 2417 1342 2492 luit
1367 2417 1426 2490 die

88 2543 187 2630 lune,
214 2548 259 2616 27
279 2544 443 2641 ejusdem
474 2545 621 2633 maasia,
644 2549 680 2617 et
706 2545 915 2642 depositum
945 2544 982 2616 in
1009 2543 1165 2617 ecclesia
1186 2543 1292 2616 beate
1311 2542 1426 2616 Maria

87 2671 131 2742 de
161 2669 322 2766 Populo,
352 2668 413 2742 ubi
442 2669 542 2742 nulla
569 2669 647 2766 ejus
673 2669 854 2744 memoria
880 2669 1051 2756 habetur,
1082 2691 1149 2740 neo
1176 2673 1259 2740 sunt
1277 2669 1308 2740 ei
1329 2669 1427 2741 cele-

88 2797 196 2870 brate
219 2795 387 2892 exequie.

135 2921 248 2994 Feria
269 2919 441 3010 secunda,
462 2925 506 2994 Ἠ
519 2920 690 3018 januarii,
712 2919 778 2994 luit
794 2917 979 3016 publicum
991 2915 1248 2990 consistorium
1260 2915 1296 2990 in
1307 2916 1424 3013 prima

87 3045 169 3118 aula
203 3045 329 3141 palatii
359 3045 548 3141 apostolici
580 3069 646 3142 pro
673 3043 881 3118 obedientia
907 3065 974 3138 per
999 3047 1163 3117 oratores
1192 3040 1423 3116 illustrissimi

60 3255 64 3264 ¹
86 3169 267 3244 lobannis
284 3169 379 3266 regis
403 3175 438 3243 et
456 3171 647 3245 catharine
672 3170 795 3266 regine
818 3172 988 3258 Navarra,
1009 3167 1183 3242 comitum
1206 3167 1250 3240 de
1269 3170 1369 3242 Fuxo
1388 3173 1422 3242 et

86 3295 324 3370 dominorum
343 3297 584 3386 Bearnornm;
598 3295 781 3392 proposita
800 3295 947 3368 luerunt
955 3301 1110 3390 quatuor
1124 3293 1419 3382 commissionem

86 3423 246 3519 primam
264 3421 451 3519 proposuit
471 3425 513 3494 D.
535 3420 760 3511 Octavianus,
783 3419 978 3494 secundam
996 3423 1039 3494 D.
1062 3420 1193 3494 Paulus
1207 3419 1339 3494 Plance
1356 3443 1421 3516 pro

84 3547 246 3643 quodam
265 3547 401 3620 Jacobo
425 3545 571 3620 Andros
593 3545 729 3620 Polono
757 3546 801 3618 de
820 3545 974 3642 quadam
993 3543 1163 3636 falsitate,
1195 3544 1252 3618 cui
1281 3550 1422 3617 contra-

82 3672 170 3746 dixit
195 3675 241 3746 D.
266 3671 447 3762 tustinus3
468 3671 615 3746 interim
640 3671 760 3744 socius
783 3695 900 3762 meus,
925 3671 1092 3746 euntibus
1114 3693 1197 3746 cum
1221 3692 1264 3744 eo
1289 3674 1332 3744 D.
1362 3693 1421 3742 ar·

83 3796 324 3894 cbiepiscopo
356 3796 548 3870 Tarentino
586 3803 622 3870 et
658 3799 897 3888 Cortonense,
932 3797 1133 3872 Catanense
1165 3801 1199 3867 et
1232 3797 1420 3868 Pennense

84 3919 270 4017 episcopis
289 3921 352 3994 SS.
383 3923 425 3993 D.
454 3920 566 3993 nostri
590 3919 852 4011 assistentibus,
882 3921 945 3995 ivit
972 3946 1038 4022 pro
1066 3919 1268 3996 oratoribus
1296 3917 1420 3992 nescio

85 4045 142 4118 ubi
163 4045 473 4142 exspectantibus,
494 4045 578 4140 quia
595 4043 631 4118 in
648 4067 794 4119 camera
810 4047 1010 4144 apostolica
1019 4069 1085 4145 pro
1100 4047 1151 4120 eis
1162 4052 1328 4142 paratum
1346 4067 1418 4117 non

85 4176 177 4260 arat,
200 4192 269 4242 nec
286 4168 369 4242 alibi
388 4170 483 4266 quod
507 4169 687 4266 potuerim
705 4169 927 4266 perquirere,
949 4171 1034 4245 lieet
1057 4179 1140 4244 ante
1164 4167 1419 4244 consistorium

85 4319 198 4393 super
213 4293 285 4368 hoo
295 4293 516 4390 diligentiam
527 4293 731 4368 habuerim.
745 4293 921 4369 Conducti
934 4295 1082 4370 luerunt
1100 4297 1145 4369 ad
1164 4293 1418 4369 consistorium

83 4419 295 4517 hujusmodi
313 4419 384 4492 duo
406 4427 583 4524 oratores,
603 4419 639 4492 in
659 4419 789 4495 litteris
808 4447 874 4520 per
893 4445 956 4495 eos
984 4422 1200 4521 presentatis
1226 4419 1416 4505 nominati,

84 4547 218 4620 nobilis
233 4545 418 4620 lohannes
441 4548 631 4636 beamont,
659 4547 763 4620 miles
782 4547 1073 4646 consanguineus
1092 4548 1190 4644 regis
1208 4555 1242 4620 et
1269 4569 1420 4622 venera·

84 4672 163 4746 bilis
199 4672 403 4748 Ferrandus
436 4671 480 4744 dc
508 4671 732 4768 Daquidano,
764 4674 1061 4770 prothonotarius
1090 4673 1210 4748 dilecti
1226 4680 1276 4746 'et
1302 4671 1418 4745 fidelis

84 4797 281 4871 consiliarii
297 4797 394 4894 regis
413 4796 471 4894 qui
490 4803 788 4894 presentaverunt
806 4798 944 4873 litteras
964 4799 1128 4873 missivas
1145 4801 1208 4873 SS.
1231 4802 1272 4872 D.
1288 4795 1414 4876 nostri,

85 4945 195 5020 aquo
217 4919 361 4996 luerunt
387 4922 504 5018 primo
531 4923 667 5020 recepti
695 4922 741 4995 ad
768 4923 931 5022 osculum
960 4923 1076 5021 pedis,
1107 4945 1237 4997 manus
1267 4929 1303 4994 et
1329 4919 1415 5010 oris,

86 5069 185 5121 more
209 5046 331 5120 solito.
361 5046 489 5121 Socius
516 5068 620 5119 meus
645 5046 774 5120 locavit
800 5070 863 5122 eos
892 5056 990 5121 retro
1018 5047 1171 5121 bancum
1196 5050 1415 5120 DRmorum.

87 5173 158 5246 DD.
184 5171 424 5246 cardinalium
447 5171 756 5272 presbyterorum,
781 5197 951 5270 perverso
982 5173 1122 5264 ordine,
1148 5172 1314 5246 videlicet
1337 5195 1419 5270 pro-

89 5296 314 5374 thonotarius
334 5297 392 5394 qui
425 5303 500 5371 aral
527 5297 687 5372 secundo
710 5299 915 5374 nominatus
935 5305 971 5374 et
999 5299 1035 5371 in
1062 5297 1187 5374 babitu
1215 5299 1418 5396 presbyteri
