3502 6036
355 546 406 600 162
549 598 559 616 ‚
809 534 984 592 Jonmvllls
1009 531 1228 601 Bttflcllnllul,
1427 530 1596 594 [separare
1611 533 1668 592 uoq

356 700 400 770 ll.
423 700 553 770 Petrus
575 690 769 787 opiscopus
790 687 989 764 Calmensis
1012 692 1047 760 ct
1067 691 1110 761 Ι).
1132 685 1309 760 Antonius
1331 685 1473 767 Flores,
1495 683 1669 782 episcopus

355 819 502 895 Castelli
515 817 636 904 blaris,
661 814 736 888 bini
755 822 790 888 et
808 813 895 905 bini,
917 837 1007 910 quos
1026 812 1246 909 sequebatur
1265 816 1308 886 D.
1333 809 1506 886 Lucretia
1522 810 1669 907 predicta

356 947 446 1034 sola,
463 949 499 1018 et
517 965 598 1016 eam
616 965 680 1014 suc
694 939 891 1037 pediseque
909 946 945 1012 et
955 937 1124 1029 curiales,
1139 943 1175 1011 ct
1192 939 1322 1014 eodem
1338 937 1470 1012 ordine
1488 934 1534 1010 ab
1550 934 1669 1007 eisdem

356 1069 536 1146 associata
552 1067 663 1142 rediit
680 1066 725 1140 ad
745 1065 933 1162 palatium.

404 1195 540 1268 Eadem
560 1192 631 1281 die,
655 1190 700 1264 ab
719 1190 812 1264 hora
830 1213 920 1264 cene
938 1212 1053 1286 usque
1076 1188 1122 1262 ad
1138 1188 1267 1264 horam
1286 1183 1436 1264 tertiam
1455 1187 1587 1276 noctis,
1607 1186 1670 1284 pul-

356 1327 433 1396 sata
453 1319 519 1394 luit
543 1339 722 1413 campana
744 1314 862 1413 major
877 1313 1044 1412 Capitolii
1062 1319 1098 1387 et
1121 1313 1207 1388 lacti
1229 1315 1333 1390 multi
1353 1314 1457 1414 ignes
1479 1337 1588 1410 super
1604 1337 1670 1386 cas-

357 1452 501 1520 trumo.
522 1441 651 1540 Angeli
669 1446 705 1516 et
724 1463 790 1538 per
818 1443 933 1513 totam
955 1439 1103 1528 Urbem,
1126 1443 1162 1512 ct
1179 1439 1375 1514 luminaria
1397 1463 1512 1538 super
1529 1439 1669 1513 turribus

356 1569 522 1668 ejusdem
541 1565 654 1642 castri
681 1569 718 1639 et
740 1564 909 1661 Capitolii
937 1569 971 1638 et
995 1563 1087 1654 aliis,
1114 1570 1151 1638 ut
1176 1588 1304 1638 omnes
1326 1565 1373 1640 ad
1388 1565 1546 1640 letitiam
1565 1565 1670 1640 incita·

356 1701 499 1784 rentur,
520 1692 615 1790 quod
629 1691 750 1788 potius
762 1694 859 1764 essct
875 1689 1104 1789 verendum(
1129 1689 1154 1788 ).

406 1819 543 1894 Eadem
571 1815 768 1905 dominica,
798 1819 971 1912 receptus
997 1814 1064 1888 luit
1090 1814 1128 1887 in
1155 1815 1353 1890 diaconum
1375 1815 1613 1914 apostolicum
1633 1820 1666 1890 Ι).

357 1943 607 2021 Bernardinus
624 1939 804 2016 Gambara
816 1937 941 2038 junior
960 1940 996 2013 in
1013 1939 1135 2014 locum
1148 1945 1189 2014 R.
1212 1945 1253 2015 Ι).
1268 1942 1489 2018 Bernardini
1507 1941 1669 2017 Gambare

296 2091 299 2097 “
357 2069 522 2162 senioris,
549 2067 656 2142 electi
675 2064 933 2140 Caballicensis
952 2071 988 2138 et
1009 2065 1047 2140 in
1065 2065 1185 2140 locum
1205 2069 1247 2140 D.
1273 2068 1445 2144 Ludovici
1463 2069 1588 2144 Grossi
1603 2069 1669 2142 sub

357 2195 501 2272 diaconi
521 2191 713 2291 apostolici
732 2189 807 2288 qui,
828 2189 887 2264 die
905 2190 1035 2264 ultima
1052 2192 1197 2289 augusti
1215 2193 1397 2290 preteriti,
1418 2219 1532 2268 senus
1550 2193 1612 2266 luit
1627 2199 1666 2280 et,

357 2319 498 2396 veneris
521 2324 542 2391 l
567 2317 690 2416 hujus,
721 2314 834 2388 linivit
859 2314 983 2388 vitam.
1010 2319 1192 2413 Receptus
1213 2317 1279 2391 luit
1301 2319 1346 2392 de
1372 2342 1501 2394 mense
1528 2317 1668 2394 octobris

357 2452 421 2521 aut
447 2442 655 2519 novembris
679 2443 762 2514 lllll
786 2442 829 2512 Ι).
856 2439 1032 2514 Oliverius
1058 2441 1274 2518 Mattuccius
1297 2447 1500 2535 Romanus,
1524 2444 1612 2516 lilius
1631 2445 1664 2514 Ι).

357 2569 457 2646 Petri
485 2565 685 2657 ltlattuccii,
709 2564 796 2638 civis
819 2565 987 2654 Romani,
1013 2566 1157 2663 nepotis
1180 2569 1243 2642 SS.
1270 2571 1314 2642 Ι).
1339 2573 1381 2642 N.
1412 2593 1522 2667 pape,
1543 2591 1583 2640 ex
1608 2565 1665 2638 lilia

358 2720 437 2786 sua,
458 2718 572 2770 uxore
590 2691 677 2766 dicti
696 2695 740 2766 Ι).
763 2689 861 2764 Petri
877 2689 1088 2764 cancellarii
1108 2691 1227 2768 Urbis.

406 2820 472 2896 Die
491 2820 576 2894 lune
600 2817 779 2914 sequenti,
799 2820 820 2888 6
844 2815 980 2890 mensis
1003 2816 1235 2914 septembris,
1261 2819 1334 2894 duo
1357 2819 1567 2908 histriones,
1585 2815 1666 2890 mimi

358 2947 431 3020 sive
457 2944 637 3033 bullones,
661 2963 753 3014 unns
774 2947 959 3037 equester,
982 2941 1041 3016 cui
1068 2942 1215 3016 domina
1236 2943 1409 3018 Lucretia
1430 2945 1668 3042 predictaves

357 3075 432 3146 tem
450 3065 552 3144 illam
576 3065 766 3142 brocchati
788 3067 891 3140 aurei
919 3065 999 3142 rioii
1018 3066 1116 3140 tirati
1137 3091 1247 3163 quam
1267 3068 1350 3143 heri
1370 3093 1504 3144 novam
1529 3075 1564 3144 et
1578 3066 1666 3141 unica

357 3193 420 3270 illa
434 3193 510 3270 vice
525 3197 666 3268 tantum
689 3196 895 3289 portaverat
916 3191 1077 3282 donavit,
1106 3193 1241 3268 valoris
1259 3198 1514 3270 trecentorum
1535 3195 1667 3268 ducato-

356 3344 437 3394 rum
453 3319 510 3394 vcl
528 3317 639 3407 circa,
659 3316 833 3413 equitavit
848 3340 915 3413 per
932 3315 1145 3390 omnesvias
1156 3322 1193 3390 et
1209 3317 1306 3392 vicos
1324 3319 1546 3420 principales
1563 3315 1665 3400 Urbis,

357 3445 432 3522 alta
449 3469 536 3521 voce
554 3444 716 3518 clamans
735 3467 742 3515 :
761 3473 777 3510 «
806 3442 893 3516 Vivo
909 3442 1144 3517 illustrissimo
1160 3442 1298 3518 ducissa
1310 3445 1490 3540 Ferrorie,
1509 3447 1665 3538 vicepapa

354 3571 594 3648 Alessondrot
621 3567 721 3660 Viuo,
746 3569 842 3641 civo!
865 3597 883 3635 »
908 3575 943 3642 et
962 3574 1044 3666 post
1063 3569 1155 3643 alter
1176 3570 1347 3666 pedester
1368 3573 1428 3646 cui
1445 3574 1554 3647 etiam
1571 3569 1666 3642 dona·
1729 3575 1730 3594 ¹

357 3703 459 3774 verat
475 3702 613 3772 vestem
640 3718 742 3768 suam
765 3693 931 3791 predicta
948 3693 1098 3768 domina
1115 3696 1296 3787 Lucretia,
1318 3697 1489 3772 similiter
1511 3697 1664 3771 clamans.

406 3822 510 3896 Feria
527 3821 665 3917 quinta,
688 3825 709 3892 9
732 3817 887 3916 predicti
910 3818 1045 3892 mensis
1073 3819 1305 3916 septembrio,
1331 3845 1511 3920 suspensa
1534 3819 1594 3894 luit
1614 3833 1667 3912 per

357 3967 505 4022 murum
522 3944 636 4020 turris
654 3947 682 4018 N
688 3968 756 4018 onc
771 3943 843 4016 sive
862 3943 1011 4017 Soldani
1027 3943 1183 4040 quedam
1201 3945 1335 4020 mulier
1353 3972 1423 4044 que
1442 3953 1549 4024 nocte
1565 3943 1665 4040 prete·

358 4073 430 4148 rito
442 4071 615 4146 maritum
636 4093 743 4144 suum
759 4068 908 4144 cultello
921 4068 1166 4166 jugulaverat.

407 4194 544 4270 Eadem
561 4193 633 4286 die,
654 4198 736 4292 post
760 4193 969 4291 prandium,
995 4193 1120 4268 RRmi.
1146 4199 1222 4270 Ι)Ι).
1246 4195 1460 4270 Cardinales
1481 4187 1664 4290 Neapolita·
1728 4189 1729 4207 ²

358 4341 426 4398 nus
444 4327 481 4396 et
500 4319 672 4396 Senensis
690 4319 813 4409 simul,
844 4323 880 4392 et
899 4323 983 4414 post
1005 4343 1068 4393 eos
1088 4320 1211 4417 plures
1226 4321 1287 4394 alii
1306 4323 1512 4398 cardinales
1527 4299 1665 4392 visitave-

356 4455 444 4522 runt
461 4452 605 4522 Rmum.
635 4449 678 4520 Ι).
708 4443 935 4519 cardinalem
961 4469 990 4517 s.
1017 4445 1180 4519 Severini
1206 4454 1360 4544 propter
1381 4449 1520 4522 obitum
1542 4433 1663 4517 comitis

356 4571 562 4650 Caiacensis
587 4569 711 4644 fratris
736 4568 790 4641 sui
813 4568 850 4641 in
873 4567 1038 4665 Neapoli,
1067 4568 1199 4644 deinde
1227 4574 1373 4646 Rmum.
1400 4576 1442 4647 Ι).
1464 4562 1661 4648 cardinalem

356 4697 665 4796 Ulissiponensem
684 4697 837 4792 propter
849 4693 988 4766 obitum
1000 4694 1265 4806 archiepiscopi
1283 4695 1553 4782 bracharensis,
1573 4687 1661 4762 etiam

355 4819 480 4896 fratris
501 4819 570 4912 sui,
591 4841 709 4915 nuper
727 4821 855 4890 Rome.

388 5053 413 5104 l.
429 5047 499 5121 Voy.
517 5041 711 5119 Gregorovius‚
727 5042 961 5109 LucrlreBol‘qia,
972 5045 993 5095 t.
1004 5039 1025 5108 Ι,
1037 5039 1080 5098 ch.
1093 5059 1201 5116 xix-xx,
1213 5061 1240 5117 p.
1256 5043 1371 5114 soa-33,
1387 5051 1414 5100 et
1426 5041 1504 5101 l'acte
1519 5039 1548 5098 dc
1563 5025 1659 5094 mititte

352 5155 401 5212 par
413 5133 586 5212 procuration
598 5131 794 5189 deluereceet
809 5126 977 5202 d'Alpbonse
989 5125 1092 5200 dilate,
1109 5131 1215 5206 d'apres
1232 5131 1257 5188 la
1274 5131 1377 5191 minute
1398 5133 1435 5190 du
1446 5133 1547 5192 notaire
1568 5111 1658 5181 camillo
1726 5167 1727 5208 3

266 5261 270 5267 ·
353 5225 549 5296 Beneimbcnc,
559 5229 581 5282 t.
599 5223 634 5292 ll,
651 5231 683 5278 u⁰
698 5223 742 5292 3l,
755 5237 782 5294 p.
798 5219 862 5276 366.
