3506 6034
79 553 184 618 [Ftrdcr
198 552 264 612 ¹5⁰³}
395 544 774 606 RERUMURBANARUM
798 545 1061 605 COMMENTARH.
1345 553 1398 610 237

81 729 176 780 suum
206 703 251 778 ad
281 725 411 778 manus
440 707 551 800 Pape,
585 701 632 776 ad
659 723 806 777 omnem
839 703 1060 780 voluntatem
1093 729 1196 778 suam
1231 711 1267 779 et
1294 705 1398 778 ducis

77 828 356 916 valentinensis3
388 831 426 900 el
458 826 556 924 quod
591 825 828 923 Pandulpbus
861 827 1091 918 Petruccius,
1138 829 1322 918 Senensis,
1364 838 1403 902 et

76 954 245 1028 lohannes
274 951 405 1028 Paulus
432 951 631 1040 BallionuS,
654 949 868 1044 Perusinus,
893 957 1018 1028 essent
1049 954 1144 1050 capti
1172 954 1211 1026 in
1238 951 1403 1029 dominio

79 1077 377 1152 Florentiuorum.

118 1202 217 1276 Faria
233 1205 381 1298 quarta,
409 1206 452 1275 15
475 1199 643 1297 ejusdem
667 1203 802 1276 mensis
829 1202 1019 1294 februarii,
1047 1201 1150 1278 linito
1179 1202 1400 1276 consistorio

78 1329 127 1400 cui
144 1331 266 1400 Rmus.
289 1329 331 1398 l).
352 1324 551 1400 cardinalis
568 1325 730 1400 Esteusis
747 1326 926 1414 interfuit,
949 1327 1049 1401 idem
1065 1327 1262 1400 cardinalis
1281 1327 1404 1400 reces-

78 1453 182 1524 silex
209 1451 321 1538 Urbe,
345 1450 532 1526 rediturus
561 1450 767 1526 Ferrariam
795 1457 949 1548 propter
974 1451 1265 1548 indignationem
1291 1475 1406 1549 quam

77 1578 139 1652 dux
154 1575 425 1654 valentinensis
442 1576 639 1672 assumpsit
663 1576 732 1650 sibi
756 1581 887 1650 contra
906 1601 1004 1666 eum,
1032 1561 1101 1674 pro
1122 1601 1166 1650 eo
1185 1577 1282 1673 quod
1304 1577 1403 1650 idem

77 1701 258 1774 cardinalis
287 1699 463 1798 diligebat
483 1705 520 1773 ct
544 1701 792 1798 cognoscebat
815 1701 1072 1798 principissam
1097 1725 1252 1777 uxorem
1277 1699 1404 1774 lratris

78 1826 153 1900 dicti
170 1825 274 1899 ducis
294 1848 404 1922 quam
424 1825 535 1900 eliam
550 1805 631 1922 ipse
646 1825 720 1899 dux
736 1827 937 1900 carnaliter
953 1828 1216 1926 cognoscebat.

118 1951 222 2040 loris,
248 1955 292 2024 ld
310 1949 448 2024 mensis
465 1949 639 2024 fabruarii
659 1952 829 2048 predicti,
851 1953 913 2025 SS.
935 1956 977 2027 l).
998 1957 1124 2026 noster
1140 1952 1242 2026 misit
1260 1953 1405 2027 obviarn

80 2077 150 2152 duci
181 2073 434 2152 Valentiueusi
467 2075 692 2150 bombardas
720 2101 764 2148 ex
793 2082 969 2151 castros.
999 2078 1142 2176 angeli,
1173 2082 1210 2152 ut
1238 2101 1323 2152 cum
1353 2078 1407 2152 eis

81 2205 301 2300 expugnaret
318 2206 480 2274 castrum
498 2199 709 2276 Brachiani.

124 2326 228 2400 Feria
251 2324 424 2413 secunda,
445 2329 491 2398 20
509 2324 673 2422 ejusdem
690 2325 839 2412 mensis,
859 2325 926 2400 luit
942 2327 1201 2405 consistorium
1220 2341 1407 2411 secretum

82 2452 199 2548 inquo
219 2453 284 2526 SS.
306 2452 349 2523 D.
369 2449 682 2524 nosterrecitavit
701 2450 950 2526 cardinalibus
963 2452 1061 2548 quod
1082 2456 1199 2531 Ursini
1218 2455 1406 2534 machina-

82 2581 202 2650 rentur
218 2573 424 2672 proditorie
440 2573 576 2648 intrare
592 2573 729 2647 Urbem
745 2578 781 2648 et
799 2574 888 2647 dare
908 2575 944 2648 in
962 2577 1117 2672 predam
1136 2580 1266 2658 domos
1284 2585 1407 2658 cardi-

81 2701 208 2776 nalium
228 2723 235 2770 :
257 2703 454 2798 propterea
475 2698 676 2772 admonere
693 2697 898 2773 cardinales
913 2701 1011 2796 quod
1029 2702 1160 2801 singuli
1181 2707 1272 2782 bena
1290 2709 1423 2808 proni-¹

81 2823 198 2899 derant
216 2821 388 2898 domibus
411 2821 486 2895 suis
506 2825 542 2894 et
559 2821 745 2896 munirent
765 2822 981 2914 artellariis;
1002 2849 1229 2926 conquerens
1252 2832 1406 2907 deduce

82 2947 323 3022 valentinensi
347 2945 443 3044 quod
467 2945 584 3022 noluit
608 2943 788 3020 hactenus
815 2946 963 3022 obedire
990 2952 1171 3028 mundatis
1198 2956 1271 3029 suis
1294 2980 1408 3055 expu-

83 3073 219 3172 gnando
236 3078 400 3146 castrum
420 3070 614 3145 Brachiani
633 3075 670 3145 el
689 3071 814 3145 omnia
836 3073 909 3146 alia
925 3073 1007 3149 loca
1025 3078 1242 3154 Ursiuorum
1260 3081 1323 3155 sed
1343 3074 1411 3180 po·'

83 3198 143 3272 tius
160 3197 353 3272 advertere
371 3195 629 3294 persuasiones
648 3195 744 3294 regis
763 3199 1002 3290 Francorum,
1022 3199 1109 3276 licet
1131 3203 1176 3277 sit
1195 3205 1409 3302 capitaneus

84 3323 254 3412 Ecclesie3
275 3344 443 3396 asserens
465 3343 503 3394 se
528 3320 678 3393 omuino
703 3320 794 3394 valle
817 3323 913 3419 quod
938 3333 1163 3423 expugnaret
1189 3335 1350 3405 castrum
1374 3341 1410 3405 ct

84 3446 154 3521 loca
181 3445 368 3548 predicta;
389 3451 438 3536 et,
465 3444 562 3542 quod
583 3444 783 3518 cardinalis
803 3448 955 3521 Ursinus
978 3448 1111 3526 obtulit
1135 3453 1325 3528 Sanctitati
1345 3475 1408 3529 sne

84 3569 198 3668 uiginti
226 3571 387 3670 quinque
411 3569 568 3644 millium
591 3568 809 3644 ducatorum
831 3571 973 3646 solvere
996 3598 1064 3671 pro
1088 3565 1306 3654 liberatione
1328 3604 1411 3668 sua,‹

85 3696 310 3792 respondisse
343 3700 379 3769 ct
405 3695 640 3769 admonuisse
668 3702 704 3768 et
731 3696 955 3771 confortasse
987 3701 1157 3774 eumdem
1185 3703 1409 3778 cardinalem
1464 3797 1467 3804 A

85 3821 170 3918 quod
189 3822 236 3896 sit
255 3821 340 3896 boni
364 3819 475 3894 animi
495 3824 531 3893 et
554 3819 676 3902 solum,
695 3825 800 3896 curet
822 3823 1014 3902 sanitatem
1037 3849 1157 3917 suam;
1177 3852 1249 3926 qua
1270 3797 1411 3920 habita,¹

87 3947 200 4021 omnia
222 3946 345 4022 lutura
370 3945 531 4020 secunda
555 3969 562 4018 :
588 3945 819 4021 commisisse
845 3949 1013 4024 omnibus
1037 3953 1191 4026 medicis
1212 3956 1308 4051 quod
1331 3955 1412 4028 dili-

87 4072 289 4166 geutissime
307 4074 437 4144 curent
456 4069 569 4166 ipsius
587 4069 787 4143 cardinalis
805 4072 939 4145 bonam
958 4074 1216 4152 valetudinem.

132 4197 236 4269 Faria
268 4193 392 4283 tertia,
424 4197 464 4264 21
501 4193 638 4267 mensis
666 4193 842 4268 februarii
879 4198 1049 4294 predicti,
1087 4207 1168 4298 post
1199 4201 1413 4301 prandium,-

89 4323 183 4396 ludei
215 4325 463 4395 cucurrerunt
489 4319 534 4392 de
563 4319 690 4393 cloaca
716 4320 1007 4396 vicecancellarii
1034 4349 1149 4426 usque
1178 4328 1224 4401 ad
1252 4329 1411 4426 plateam

91 4467 116 4518 s.
138 4446 235 4522 Petri
259 4469 327 4546 pro
351 4443 461 4544 pallio
481 4443 588 4517 solito
605 4469 612 4536 ;
640 4449 677 4519 et
695 4444 752 4519 die
772 4447 945 4523 mercurii
965 4451 1146 4548 sequenti,
1171 4459 1414 4530 cucurrerunt

92 4593 147 4666 pro
164 4569 276 4670 pullio
293 4567 398 4668 pueri
414 4593 436 4642 a
452 4573 575 4642 castro
594 4595 623 4642 s.
644 4569 774 4668 Angeli
793 4567 839 4644 ad
858 4575 1025 4648 eamdem
1045 4576 1217 4672 plateam.

134 4701 174 4770 Et
196 4695 326 4770 eadem
349 4694 408 4768 die
431 4694 622 4785 mercurii,
649 4699 694 4768 22
722 4695 910 4788 februarii,
937 4703 1062 4774 Rmus.
1089 4705 1131 4776 b.
1157 4699 1354 4788 cardinalis
1372 4703 1416 4780 dc

94 4819 224 4896 Ursinis
242 4819 333 4895 obiit
353 4820 389 4894 in
404 4824 525 4893 castro
546 4844 575 4892 s.
596 4819 738 4917 Angeli,
759 4818 863 4921 cujus
880 4824 1003 4900 anima
1026 4827 1231 4922 requiescat
1249 4827 1285 4902 in
1308 4852 1412 4926 pace.

94 4947 198 5021 Amen
214 4946 276 5046 (l).
300 4948 364 5020 SS.
386 4949 429 5020 [t.
451 4950 575 5020 noster
593 4947 778 5020 commisit
800 4953 842 5022 b.
870 4950 1098 5026 Bernardino
1117 4954 1287 5043 Gutterii‚
1315 4955 1415 5028 socio

126 5135 147 5188 t.
168 5133 236 5208 Vog.
251 5131 407 5208 laddpdcbe
425 5130 460 5188 de
473 5131 601 5190 l'oratcur
613 5132 751 5200 florentin,
764 5133 901 5204 Soderiui,
914 5135 1072 5194 adcessere
1089 5137 1287 5214 lcScigneurie
1302 5155 1334 5196 en
1351 5140 1415 5198 date

96 5219 126 5278 du
137 5220 285 5293 23ldrrier,
300 5229 327 5280 et
341 5219 409 5279 citae
424 5237 472 5296 pur
485 5219 577 5276 Villari
593 5239 627 5277 en
647 5227 709 5278 note
724 5222 739 5278 t
754 5220 780 5279 la
794 5223 915 5298 depeche
932 5224 966 5283 de
981 5224 1157 5298 Giustiniani,
1177 5235 1198 5286 t.
1214 5229 1237 5295 l,
1253 5247 1282 5302 p.
1298 5229 1358 5288 409.
1376 5231 1414 5290 Ca
