3502 6036
318 609 371 664 112
771 605 946 664 JOHANNlS
971 605 1194 677 BURCHARDl,
1443 608 1563 671 [lanvier
1578 613 1641 678 1501]

321 761 500 857 supplicia
523 759 583 856 (1),
617 759 713 832 velut
738 761 940 850 latrocinia,
974 760 1179 858 sacrilegia,
1208 763 1429 860 superbiam,
1462 763 1639 860 injuriam,

320 886 528 976 vanitatem,
551 884 706 959 abusum
727 885 935 983 patrimonii
954 887 1100 978 Christi,
1124 887 1419 980 concubinatum,
1441 888 1640 976 simoniam,

321 1015 514 1106 ceteraque
532 1011 695 1084 enormia
716 1019 866 1108 peccata
888 1017 1039 1109 propter
1059 1036 1130 1109 que
1150 1012 1351 1087 christiane
1371 1012 1500 1110 religio
1519 1011 1643 1086 labitur

322 1140 359 1208 et
380 1135 499 1209 omnis
523 1135 802 1210 christianorum
830 1139 908 1209 etas
929 1135 1208 1210 scandalizatur.
1233 1140 1310 1211 Hec
1330 1137 1561 1212 indubitante
1580 1135 1643 1210 lide

322 1259 503 1334 credimus
522 1263 559 1336 et
580 1260 753 1357 quidquid
768 1267 892 1336 sancta
913 1265 949 1335 et
968 1259 1179 1336 universalis
1198 1261 1368 1350 ecclesia,
1391 1284 1461 1358 que
1478 1259 1642 1360 generale

323 1385 519 1459 concilium
540 1391 730 1483 reputatur
748 1384 942 1476 definierit,
968 1389 1114 1461 orantes
1139 1385 1271 1462 obnixe
1292 1392 1329 1461 el
1349 1385 1596 1484 supplicantes
1614 1395 1647 1459 ut

323 1519 442 1585 vestre
461 1511 638 1584 Sanctitas
657 1509 819 1585 fiscalem
840 1518 1049 1608 compescat
1066 1510 1173 1608 eique
1193 1511 1376 1586 silentium
1397 1510 1538 1609 imponi
1557 1533 1648 1584 man-

324 1635 405 1728 det3
425 1659 509 1709 nem
537 1635 603 1708 etsi
630 1635 785 1709 alienam
813 1636 999 1710 avaritiam
1024 1637 1169 1734 explere
1193 1660 1399 1736 possemuS,
1423 1661 1498 1710 non
1535 1643 1647 1709 tamen

326 1759 408 1834 ideo
427 1759 597 1834 meliores
615 1761 802 1835 christiani
820 1761 943 1859 utique
962 1759 1227 1852 indicaremur;
1250 1786 1393 1837 memor
1413 1763 1458 1835 sit
1478 1762 1649 1835 Sanctitas
1740 1773 1741 1786 ¹

326 1893 443 1960 vestra
469 1887 701 1962 consolatorii
719 1886 818 1960 verbi
837 1885 983 1976 Christi,
1007 1887 1112 1984 cujus
1135 1887 1248 1962 vicem
1277 1887 1370 1982 gerit
1392 1887 1430 1960 in
1452 1885 1572 1976 terris,
1596 1885 1649 1982 qui
1741 1879 1742 1914 l

326 2011 375 2086 ait
394 2035 402 2084 :
422 2011 695 2086 nzlsericordlom
712 2011 797 2099 voto,
811 2036 882 2083 nore
894 2011 1096 2107 judicium
1116 2011 1214 2086 idem
1232 2013 1409 2087 Dominus
1420 2015 1526 2087 lesus
1542 2009 1650 2085 Chris-

329 2144 384 2212 tus
399 2143 555 2213 vestram
568 2137 827 2212 celsitudinem
845 2136 890 2210 ad
907 2136 1106 2236 regendam
1118 2138 1178 2212 diu
1198 2137 1352 2213 feliciter
1364 2138 1558 2214 ecelesiam
1576 2160 1650 2210 con-

327 2271 458 2338 servet.
479 2265 624 2354 Datum,
638 2268 708 2336 etc.
730 2261 790 2361 (1).

376 2387 480 2461 Faria
506 2387 677 2478 secunda,
709 2393 751 2460 10
779 2387 914 2464 mensis
940 2389 1111 2486 januarii,
1140 2387 1368 2486 supradictus
1395 2391 1438 2462 D.
1468 2385 1650 2462 Catalanus
1743 2467 1744 2498 ἶ

331 2513 505 2605 Casalius,
524 2513 621 2588 sedis
643 2513 840 2611 apostolice
857 2517 1126 2612 protonotarius
1144 2513 1188 2587 de
1206 2511 1519 2611 participantibus,
1539 2535 1650 2586 secre-
1743 2503 1744 2508 ’

329 2639 442 2713 tarius
470 2643 564 2737 Pape
592 2646 628 2714 et
655 2637 882 2716 abbreviator
905 2639 1109 2714 litterarum
1138 2640 1419 2739 apostolicarum
1449 2639 1527 2738 qui,
1554 2645 1650 2712 nocte

330 2765 515 2862 preterita,
551 2763 623 2837 uita
651 2763 794 2838 iunctus
822 2771 889 2854 est,
910 2772 1073 2862 portatus
1099 2769 1154 2839 est
1178 2763 1395 2853 honorifice,
1425 2785 1528 2838 more
1555 2763 1651 2837 solito
1744 2757 1745 2782 ¹

330 2890 546 2979 associatus,
566 2889 692 2963 habitu
711 2887 848 2963 ordinis
866 2889 1134 2988 predicatorum
1154 2887 1299 2964 indutus
1317 2913 1390 2964 non
1408 2886 1651 2988 protonotarii,

331 3013 377 3088 ad
395 3013 586 3089 ecclesiam
605 3019 803 3089 conventus
822 3015 979 3089 Minerve
1000 3021 1036 3089 et
1052 3013 1188 3089 ibidem
1208 3012 1383 3112 sepultus.

381 3141 486 3214 Feria
512 3146 625 3232 sexta,
650 3143 695 3212 20
724 3139 809 3214 dicti
838 3139 974 3214 mensis
996 3139 1167 3238 januarii,
1189 3139 1277 3213 obiit
1302 3140 1487 3214 lohannes
1514 3142 1653 3212 Kemer·

332 3265 444 3355 lineh,
459 3263 655 3339 canonicus
673 3264 825 3340 ecclesie
845 3289 874 3338 s.
896 3265 1044 3340 Servatii
1060 3263 1315 3364 Trajectensis,
1335 3263 1571 3338 Laodicensis
1588 3262 1653 3335 die-

333 3389 439 3479 cesiS,
458 3385 732 3464 camerariusl).
753 3389 944 3464 cardinalis
962 3415 991 3462 s.
1007 3389 1191 3480 Praxedis,
1210 3388 1312 3487 cujus
1330 3411 1460 3486 corpus
1479 3392 1651 3486 portatum

333 3513 399 3588 luit
415 3515 544 3588 eadem
559 3511 617 3588 die
634 3513 679 3588 ad
699 3511 884 3586 basilicam
909 3538 939 3587 s.
966 3513 1076 3602 Petri,
1098 3519 1133 3588 et
1153 3512 1288 3587 ibidem
1311 3519 1413 3588 extra
1434 3519 1576 3610 portam
1592 3531 1654 3606 qua

332 3638 404 3714 itur
425 3639 471 3714 ad
488 3638 664 3736 capellam
686 3638 722 3712 b.
742 3635 855 3712 Maria
875 3617 920 3714 de
944 3639 1133 3730 Febribus,
1160 3637 1220 3712 ubi
1241 3637 1373 3712 mansit
1398 3637 1443 3711 ad
1459 3635 1651 3711 horam...

369 3873 393 3924 1.
415 3867 470 3934 Sic,
485 3863 556 3921 dans
569 3866 632 3920 tous
647 3860 688 3920 les
703 3879 769 3920 mss.
788 3875 795 3918 :
810 3859 902 3937 Chigi,
919 3861 979 3932 151,
995 3859 1139 3918 5520111
1157 3860 1263 3917 13737:
1280 3875 1311 3916 ce
1325 3863 1382 3917 mot
1397 3856 1482 3915 serait
1496 3855 1568 3915 alors
1582 3871 1654 3928 syno-

333 3955 406 4012 nime
420 3955 453 4011 de
463 3956 588 4023 [ocinus.

365 4045 393 4099 2.
414 4043 492 4100 Cette
509 4041 588 4098 lettre
605 4039 662 4114 qui,
678 4059 744 4098 sous
765 4059 818 4098 une
838 4040 921 4097 torma
939 4037 1080 4109 indirecte,
1102 4044 1145 4096 eet
1159 4056 1212 4095 une
1233 4038 1283 4095 des
1298 4036 1362 4112 plus
1386 4040 1497 4094 sereres
1512 4033 1609 4092 satiras
1622 4030 1653 4086 dn

332 4147 403 4207 pape
424 4130 579 4188 Alexandro
597 4129 645 4198 vt,
666 4130 784 4205 reppello
812 4131 914 4206 l'epitre
939 4143 993 4204 que
1016 4125 1232 4199 leun-Franeois
1254 4127 1303 4185 Pie
1323 4127 1357 4185 de
1379 4123 1531 4183 Mirandole
1555 4117 1655 4179 derirait

332 4223 406 4278 deux
416 4220 485 4278 mois
495 4223 685 4294 superstante
693 4220 854 4295 l'empereur
864 4219 1051 4292 d'hllemagne
1062 4235 1131 4293 pour
1140 4217 1166 4275 le
1176 4217 1247 4290 prier
1254 4217 1289 4274 de
1297 4215 1473 4274 debarmssar
1483 4214 1510 4271 la
1517 4209 1654 4269 chudberti

332 4311 370 4366 du
383 4309 506 4368 ministre
521 4309 633 4384 indigne
648 4309 694 4384 qui
709 4309 735 4366 la
749 4311 849 4368 mansit
863 4312 880 4364 a
899 4327 929 4366 sa
946 4307 1033 4366 ruine.
1051 4330 1066 4360 u
1130 4306 1276 4381 Reliquum
1291 4313 1343 4374 est,
1358 4304 1476 4362 Maxime
1493 4303 1592 4370 Cesar,
1606 4312 1654 4371 qus

333 4406 359 4456 te
370 4400 424 4456 fide
438 4406 465 4456 et
479 4398 581 4474 pietate
591 4416 714 4472 possum,
730 4399 868 4474 deprecer,
882 4405 911 4456 ut
922 4397 1125 4455 sanctissimum
1138 4393 1203 4453 illud
1219 4397 1388 4472 propositum
1403 4400 1480 4452 tuum
1495 4386 1654 4449 vindicanda

333 4489 361 4545 in
381 4487 523 4564 pristinam
542 4487 684 4546 libertateu
703 4487 865 4546 Christianae
885 4485 1062 4562 Reipublicae
1088 4481 1271 4559 quamcitius
1293 4483 1351 4540 beri
1376 4479 1476 4558 possit,
1495 4477 1650 4553 adimpleas.

333 4578 494 4637 Concutitur
508 4578 542 4636 ab
557 4577 677 4636 externis
687 4577 824 4648 hostibus,
834 4577 869 4634 ab
881 4575 996 4634 internis
1006 4574 1150 4642 laceratur,
1162 4582 1189 4632 et
1197 4573 1264 4632 lesu
1276 4571 1378 4630 Christi
1391 4569 1494 4628 domini
1503 4567 1588 4626 nostri
1599 4581 1654 4622 sau-

334 4669 418 4744 guine
435 4665 646 4742 circumseptum
661 4673 688 4724 et
703 4673 893 4724 consecratum
912 4663 982 4722 ovile
997 4665 1077 4738 pejus
1097 4663 1184 4720 multo
1198 4679 1360 4738 perpessum
1375 4667 1428 4728 est,
1444 4659 1472 4716 in
1489 4659 1598 4732 diesque
1615 4669 1654 4726 pa·

333 4757 426 4816 litura
441 4755 513 4832 lupis
533 4756 585 4813 suh
600 4757 689 4825 ovina,
709 4773 791 4831 quum
811 4753 863 4812 sub
881 4753 991 4828 propria
1009 4753 1080 4827 pelle
1100 4751 1303 4828 grassantibus.
1320 4751 1379 4824 Age
1401 4749 1486 4823 igitur
1505 4749 1560 4822 jnm
1573 4744 1654 4800 Cesar

332 4848 450 4922 Optime,
464 4855 491 4905 et
506 4846 603 4904 excitis
618 4844 792 4920 quaeratione
811 4845 895 4900 Potes
915 4842 1078 4900 Christianis
1099 4842 1236 4916 Regibus,
1251 4841 1290 4897 Te
1309 4839 1418 4896 Christo
1438 4853 1532 4912 regum
1545 4830 1653 4890 omniun

335 4936 417 5012 Regi,
434 4955 498 4994 oves
514 4955 579 4993 suas
593 4943 647 4992 tum
663 4936 698 4990 ah
713 4933 840 4991 hostibus
855 4951 936 5008 quam
946 4951 962 4990 a
972 4931 1085 5007 perfidis
1095 4931 1253 5006 pastoribus
1260 4929 1375 5004 jamjam
1383 4927 1543 4994 liberatore,
1555 4919 1654 5014 fidelem

334 5027 489 5084 ministrum
504 5025 614 5083 exhibe.
631 5021 801 5092 Mirandula,
816 5021 921 5079 calend.
936 5021 1015 5090 Xbris,
1033 5038 1104 5078 anno
1115 5021 1150 5077 ob
1165 5017 1267 5077 Christi
1279 5017 1467 5075 lucarnatione
1481 5015 1558 5072 1500.
1573 5032 1587 5064 »
1603 5008 1654 5064 P¹⁰¹

335 5115 494 5174 blirendula
510 5133 602 5189 opera,
618 5112 744 5179 Basileae,
756 5115 835 5182 1601,
850 5130 880 5186 p.
894 5111 958 5172 816.
975 5110 1140 5170 Savomrole
1151 5108 1225 5166 avait
1238 5109 1306 5166 ecrit
1320 5126 1354 5164 en
1374 5123 1447 5164 mars
1463 5105 1540 5172 1198,
1556 5101 1621 5158 dans
1633 5095 1654 5149 le

333 5209 422 5261 meme
437 5221 512 5274 sens,
529 5223 582 5262 aux
598 5204 757 5260 souverains
771 5199 806 5259 de
818 5201 955 5276 l’Europe.
975 5201 1093 5258 Perrens
1103 5217 1119 5256 a
1131 5198 1224 5274 public
1239 5215 1286 5256 ees
1300 5197 1403 5256 lettres.
1420 5197 1524 5252 totns
1544 5193 1653 5249 Sororu-

334 5297 401 5366 role,
416 5301 435 5352 t.
453 5293 475 5365 l,
491 5312 519 5369 p.
535 5294 741 5364 185,189,11ο.
