3590 6042
332 547 368 604 bl
791 537 966 598 JOHANNIS
991 535 1211 610 abhorream,
1515 539 1582 604 {ilat
1600 540 1681 600 tm]

335 694 469 773 Christi
486 691 603 770 nostri
622 692 857 783 subvertere;
878 692 999 768 denuo
1016 691 1232 770 validiorem
1251 692 1408 768 classem
1427 693 1678 780 maritimam,

337 822 590 920 maj0remque
607 821 822 892 terrestrem
846 817 1050 894 exercitum
1073 817 1256 894 instruant
1276 822 1316 893 ut
1335 818 1460 894 omnia
1487 818 1684 892 maritima

335 949 418 1024 loca
433 951 542 1044 atque
570 949 699 1042 portus
717 943 1004 1021 christianorum
1029 949 1227 1044 occupent3
1249 948 1445 1044 pateatque
1465 943 1518 1018 eis
1540 944 1683 1019 deinde

336 1073 479 1150 facilius
497 1072 543 1146 ad
566 1075 728 1146 Romane
747 1069 902 1146 ecclesie
919 1075 1040 1146 terras
1059 1075 1096 1146 at
1122 1071 1322 1169 presertim
1350 1071 1397 1145 ad
1411 1071 1509 1146 hanc
1538 1069 1682 1146 almam

338 1199 474 1275 Urbem
492 1201 657 1272 nostram
669 1197 706 1270 in
724 1219 796 1294 qua
813 1197 911 1273 Petri
925 1199 1030 1272 sedes
1042 1197 1224 1272 collocata
1238 1201 1294 1272 est
1310 1201 1346 1272 et
1363 1220 1446 1294 qua,
1466 1195 1566 1296 quod
1578 1199 1683 1271 Deus

338 1328 491 1416 avertat,
512 1327 720 1421 expugnata
736 1346 775 1397 se
788 1323 901 1398 totius
916 1323 1224 1422 orbisimperium
1242 1321 1350 1399 tacita
1365 1345 1546 1422 occupare
1565 1343 1682 1419 posse

338 1473 413 1525 non
430 1449 662 1540 dubitabunt,
683 1471 869 1540 accessum
894 1454 931 1523 ct
949 1448 1018 1523 nisi
1041 1449 1214 1526 celeriter
1233 1453 1464 1538 occurratur,
1487 1451 1601 1547 prout
1614 1470 1682 1520 res

340 1576 559 1674 expostulat,
582 1573 856 1649 formidandum
874 1575 933 1662 sit,
960 1598 1007 1648 ne
1028 1573 1096 1672 ipsi
1121 1575 1359 1673 perfidissimi
1381 1578 1500 1648 Turce
1523 1572 1681 1650 uictoria

342 1700 516 1800 superbia
533 1699 631 1790 elati,
652 1699 816 1773 videntes
834 1699 1038 1776 catholicos
1062 1724 1182 1799 reges,
1202 1700 1386 1799 principes
1405 1724 1448 1776 ac
1464 1703 1683 1801 potentatus

341 1827 439 1904 inter
458 1849 497 1900 se
515 1824 747 1916 dissidentes,
761 1824 913 1923 privatis
928 1826 1133 1900 commodis
1144 1827 1318 1918 intentos,
1330 1850 1527 1902 commune
1539 1825 1683 1900 honum

342 1953 544 2052 negligere,
574 1951 719 2049 majora
752 1954 789 2025 et
811 1951 1072 2050 irreparabilia
1103 1953 1238 2027 damna
1268 1953 1427 2028 interant
1453 1949 1682 2034 christianis,

343 2083 455 2178 prout
471 2077 550 2176 jam
577 2075 828 2174 superioribus
846 2077 951 2151 annis
968 2077 1005 2151 in
1024 2077 1177 2152 diversis
1208 2078 1318 2154 terris
1343 2082 1452 2175 atque
1469 2077 1563 2152 locis
1590 2080 1686 2151 Ger-

345 2203 479 2294 manic,
501 2200 699 2300 Hungarie,
720 2200 884 2292 Polonie,
906 2201 1051 2277 croatie
1069 2207 1106 2278 et
1123 2202 1203 2276 aliis
1221 2204 1301 2302 ejus
1323 2202 1490 2278 finitimis
1508 2225 1552 2276 ac
1568 2202 1685 2276 caris-

346 2329 440 2402 simo
458 2327 494 2402 in
510 2330 652 2406 Christo
669 2329 756 2422 filio,
772 2329 1034 2420 Maximiliano,
1054 2327 1131 2427 regi
1143 2331 1393 2404 Romanorum
1408 2327 1526 2402 lllmo.
1538 2326 1686 2424 subjec-

346 2455 394 2529 tis
411 2453 545 2530 inierre
567 2477 641 2532 non
660 2461 909 2546 cessaverunt,
929 2455 965 2529 in
983 2455 1183 2532 maximam
1201 2453 1322 2528 divine
1347 2453 1553 2552 majestatis
1570 2451 1686 2527 otian-

348 2605 440 2672 sam,
460 2585 627 2656 nostram
646 2583 693 2656 ad
713 2582 982 2658 catholicorum
1005 2604 1137 2680 regum
1158 2586 1194 2656 et
1216 2579 1428 2678 principum
1452 2579 1685 2676 aliorumque

350 2707 485 2782 Christi
519 2708 683 2782 fidelium
717 2708 968 2807 ignominiam,
999 2709 1159 2783 dedecus
1190 2711 1228 2780 et
1252 2707 1450 2804 jacturam,
1486 2709 1560 2780 Nos
1584 2703 1686 2780 illius

348 2834 444 2906 vices
462 2837 634 2930 gerentes
651 2833 689 2906 in
706 2834 816 2908 terris
834 2833 894 2931 qui
913 2857 981 2932 pro
1001 2833 1127 2908 mundi
1144 2832 1273 2922 salute,
1287 2832 1333 2906 de
1354 2855 1498 2906 summo
1517 2830 1687 2906 celorum

350 2956 441 3031 solio
456 2957 502 3030 ad
522 2957 597 3031 ima
618 2957 858 3048 descendens,
881 2982 1030 3034 carnem
1045 2959 1245 3034 humanam
1263 2981 1452 3033 assumere
1471 2961 1507 3032 et
1523 2959 1687 3032 mortem

314 3083 317 3090 '
352 3081 476 3156 subire
488 3105 562 3156 non
578 3083 938 3182 abnuit,repetentes
951 3086 1174 3176 animo‚non
1185 3085 1262 3160 sine
1274 3084 1435 3160 maxima
1445 3082 1571 3159 cordis
1585 3105 1689 3156 ama-

350 3207 513 3281 ritudina
529 3209 628 3304 quod
639 3207 885 3284 sacratissime
899 3211 1178 3308 patriarchales,
1201 3211 1484 3310 metropolitane
1500 3211 1538 3284 et
1555 3207 1688 3283 cathe-

351 3330 474 3406 drales
491 3331 611 3429 alique
627 3330 786 3431 insignes
803 3333 958 3408 ecclesie
973 3357 1066 3432 pene
1080 3334 1286 3425 innumere,
1306 3357 1350 3410 ac
1367 3335 1559 3432 utriusque
1573 3357 1688 3408 sexus

352 3457 578 3555 regularium
600 3481 845 3557 personarum
867 3461 1105 3551 monasteria,
1132 3461 1286 3535 cenobia
1310 3465 1347 3536 et
1368 3461 1429 3560 pia
1451 3461 1535 3536 loca
1558 3457 1689 3560 prola-

352 3589 437 3659 nata
450 3605 492 3660 aa
507 3583 659 3660 deformi
675 3583 778 3661 ruina
799 3585 976 3684 subjecta,
994 3587 1164 3684 quodque
1185 3593 1398 3662 ornamenta
1412 3587 1530 3662 crucis
1545 3593 1585 3661 at
1600 3585 1688 3660 oali-

351 3733 412 3784 ces
431 3709 571 3807 aliaque
592 3709 720 3785 divinis
742 3711 913 3810 deputata
931 3712 1154 3803 ministeriis,
1180 3714 1338 3788 contlata
1357 3718 1394 3789 et
1408 3714 1609 3802 destructa,
1633 3719 1684 3800 et,

352 3834 451 3932 quod
477 3835 744 3910 lamentabilius
775 3843 843 3930 ast,
866 3844 1074 3913 sanctorum
1099 3839 1302 3914 veneranda
1317 3839 1437 3937 capita
1463 3845 1500 3912 et
1522 3838 1691 3935 ipsarum

354 3983 454 4035 sacre
471 3960 621 4057 reliquie
637 3961 861 4055 conculcata,
880 3971 916 4038 et
930 3965 1214 4062 quodinnumeri
1229 3987 1336 4040 sexus
1349 3965 1538 4062 utriusque
1554 3963 1689 4039 Christi
1791 4011 1792 4014 =

354 4085 480 4160 fideles
495 4085 762 4162 addemnatam
777 4089 1059 4166 mahometicam
1075 4097 1213 4166 sectam
1227 4091 1293 4165 sub
1303 4091 1393 4165 dure
1406 4091 1580 4165 servitute
1595 4089 1693 4164 reci·

354 4210 524 4308 piendam
535 4212 711 4310 compulsi
728 4212 886 4305 luerunt,
901 4222 950 4306 et,
968 4216 1037 4290 nisi
1048 4240 1115 4314 per
1126 4217 1326 4292 catholicos
1338 4239 1444 4314 reges
1460 4223 1496 4292 et
1508 4215 1696 4314 principes

356 4343 456 4412 tanto
480 4337 591 4412 lurori
620 4339 789 4416 celeriter
802 4348 1024 4433 occurratur,
1042 4346 1182 4442 majora
1203 4344 1240 4418 in
1262 4343 1341 4418 dies
1368 4342 1588 4418 detrimenta
1605 4341 1698 4416 veri-
1790 4383 1791 4387 ¹

359 4461 525 4537 similiter
537 4472 775 4562 prouentura3
790 4468 1050 4566 cupientesque
1063 4493 1129 4568 pro
1145 4469 1311 4567 ejusdam
1327 4467 1412 4544 fidei
1428 4467 1644 4543 defensione
1659 4475 1697 4542 et

359 4587 641 4664 christianorum
655 4591 770 4666 salute
786 4615 858 4666 non
875 4594 992 4668 solum
1008 4601 1150 4669 nostras
1166 4601 1202 4670 et
1218 4595 1314 4670 sedis
1330 4594 1528 4693 apostolice
1544 4592 1698 4667 faculta-

358 4721 413 4790 tes
430 4721 553 4790 nostre
569 4714 796 4814 dispositioni
805 4719 1018 4793 commissas
1035 4743 1232 4818 exponere,
1251 4721 1315 4796 scd
1329 4719 1572 4819 personaliter
1586 4727 1697 4816 prout
1789 4733 1790 4737 ‘

356 4843 434 4939 J'am
448 4841 626 4939 aliquibus
640 4865 706 4940 per
719 4843 879 4919 diversas
895 4851 1037 4920 nostras
1051 4846 1189 4922 litteras
1205 4847 1499 4945 significavimus,
1518 4845 1549 4918 si
1566 4845 1694 4918 nobis-

358 4991 442 5041 cum
460 4968 635 5045 accedere
652 4967 843 5060 voluerint,
859 4993 1030 5046 unacum
1045 4995 1149 5048 sacro
1164 4973 1425 5049 venerabilium
1441 4972 1595 5048 fratrum
1611 4995 1696 5045 nos·
1788 5045 1789 5066 2

360 5097 499 5166 trorum
515 5101 640 5170 sancte
656 5099 818 5171 Romana
838 5097 992 5172 ecclesie
1015 5098 1254 5174 cardinalium
1269 5097 1423 5196 collegio
1439 5099 1500 5196 qui
1516 5121 1556 5172 se
1579 5097 1627 5172 eti
1642 5119 1703 5172 am
1788 5077 1789 5085 Ν

359 5217 455 5294 adid
470 5241 677 5321 proearum
693 5221 729 5295 in
744 5220 978 5299 christianam
996 5223 1209 5325 religionem
1230 5225 1469 5302 devotionese
1485 5235 1615 5324 sponte
1629 5225 1696 5300 ob
1742 5271 1745 5279 ·
1787 5239 1788 5292 3
