<?xml version="1.0" encoding="UTF-8"?>
<!DOCTYPE html PUBLIC "-//W3C//DTD XHTML 1.0 Transitional//EN"
    "http://www.w3.org/TR/xhtml1/DTD/xhtml1-transitional.dtd">
<html xmlns="http://www.w3.org/1999/xhtml" xml:lang="en" lang="en">
 <head>
  <title>
</title>
<meta http-equiv="Content-Type" content="text/html;charset=utf-8" />
  <meta name='ocr-system' content='tesseract 3.04.00' />
  <meta name='ocr-capabilities' content='ocr_page ocr_carea ocr_par ocr_line ocrx_word'/>
</head>
<body>
  <div class='ocr_page' id='page_1' title='image "./johannisburchar03burcgoog/johannisburchar03burcgoog_0453.png"; bbox 0 0 3520 6036; ppageno 0'>
   <div class='ocr_carea' id='block_1_1' title="bbox 90 633 1420 700">
    <p class='ocr_par' dir='ltr' id='par_1_1' title="bbox 90 633 1420 700">
     <span class='ocr_line' id='line_1_1' title="bbox 90 633 1420 700; baseline 0.005 -12"><span class='ocrx_word' id='word_1_1' title='bbox 90 635 200 700; x_wconf 74' lang='lat' dir='ltr'>[laevior</span> <span class='ocrx_word' id='word_1_2' title='bbox 212 635 284 698; x_wconf 76' lang='lat'><strong>1505]</strong></span> <span class='ocrx_word' id='word_1_3' title='bbox 422 633 549 690; x_wconf 85' lang='lat' dir='ltr'>RERUM</span> <span class='ocrx_word' id='word_1_4' title='bbox 573 633 800 691; x_wconf 81' lang='lat' dir='ltr'>URBANARUM</span> <span class='ocrx_word' id='word_1_5' title='bbox 820 633 1081 692; x_wconf 81' lang='lat' dir='ltr'>COMMENTAHII.</span> <span class='ocrx_word' id='word_1_6' title='bbox 1368 641 1420 695; x_wconf 86' lang='lat'>375</span> 
     </span>
    </p>
   </div>
   <div class='ocr_carea' id='block_1_2' title="bbox 86 787 1428 4652">
    <p class='ocr_par' dir='ltr' id='par_1_2' title="bbox 89 787 1417 1644">
     <span class='ocr_line' id='line_1_2' title="bbox 89 787 1414 888; baseline -0.002 -22"><span class='ocrx_word' id='word_1_7' title='bbox 89 795 203 866; x_wconf 82' lang='lat' dir='ltr'>lanum</span> <span class='ocrx_word' id='word_1_8' title='bbox 229 787 330 888; x_wconf 88' lang='lat' dir='ltr'>(dico</span> <span class='ocrx_word' id='word_1_9' title='bbox 346 787 628 882; x_wconf 78' lang='lat' dir='ltr'>salernitanum)</span> <span class='ocrx_word' id='word_1_10' title='bbox 651 811 672 861; x_wconf 91' lang='lat' dir='ltr'>a</span> <span class='ocrx_word' id='word_1_11' title='bbox 699 788 835 862; x_wconf 79' lang='lat' dir='ltr'>dextris</span> <span class='ocrx_word' id='word_1_12' title='bbox 859 795 894 862; x_wconf 91' lang='lat' dir='ltr'>el</span> <span class='ocrx_word' id='word_1_13' title='bbox 918 789 1130 888; x_wconf 90' lang='lat' dir='ltr'>episcopum</span> <span class='ocrx_word' id='word_1_14' title='bbox 1147 793 1414 880; x_wconf 81' lang='lat' dir='ltr'>Redonensem,</span> 
     </span>
     <span class='ocr_line' id='line_1_3' title="bbox 90 913 1417 1013; baseline 0 -23"><span class='ocrx_word' id='word_1_15' title='bbox 90 921 269 992; x_wconf 78' lang='lat' dir='ltr'>oratorem</span> <span class='ocrx_word' id='word_1_16' title='bbox 294 917 392 1013; x_wconf 84' lang='lat' dir='ltr'>regis</span> <span class='ocrx_word' id='word_1_17' title='bbox 417 913 569 988; x_wconf 86' lang='lat' dir='ltr'>Francia</span> <span class='ocrx_word' id='word_1_18' title='bbox 595 937 616 986; x_wconf 92' lang='lat' dir='ltr'>a</span> <span class='ocrx_word' id='word_1_19' title='bbox 641 913 814 1004; x_wconf 78' lang='lat' dir='ltr'>sinislris3</span> <span class='ocrx_word' id='word_1_20' title='bbox 839 915 899 988; x_wconf 90' lang='lat' dir='ltr'>alii</span> <span class='ocrx_word' id='word_1_21' title='bbox 924 937 1028 989; x_wconf 88' lang='lat' dir='ltr'>more</span> <span class='ocrx_word' id='word_1_22' title='bbox 1050 915 1170 990; x_wconf 79' lang='lat' dir='ltr'>solito.</span> <span class='ocrx_word' id='word_1_23' title='bbox 1201 917 1417 1012; x_wconf 74' lang='lat' dir='ltr'>Equitaruni</span> 
     </span>
     <span class='ocr_line' id='line_1_4' title="bbox 90 1040 1417 1144; baseline -0.001 -27"><span class='ocrx_word' id='word_1_24' title='bbox 90 1066 147 1144; x_wconf 91' lang='lat' dir='ltr'>per</span> <span class='ocrx_word' id='word_1_25' title='bbox 163 1066 191 1114; x_wconf 87' lang='lat' dir='ltr'>s.</span> <span class='ocrx_word' id='word_1_26' title='bbox 209 1041 368 1116; x_wconf 85' lang='lat' dir='ltr'>Mariam</span> <span class='ocrx_word' id='word_1_27' title='bbox 385 1041 419 1114; x_wconf 93' lang='lat' dir='ltr'>in</span> <span class='ocrx_word' id='word_1_28' title='bbox 436 1041 494 1116; x_wconf 88' lang='lat' dir='ltr'>via</span> <span class='ocrx_word' id='word_1_29' title='bbox 511 1042 612 1128; x_wconf 84' lang='lat' dir='ltr'>Lala,</span> <span class='ocrx_word' id='word_1_30' title='bbox 635 1042 811 1136; x_wconf 84' lang='lat' dir='ltr'>Campum</span> <span class='ocrx_word' id='word_1_31' title='bbox 839 1041 945 1114; x_wconf 88' lang='lat' dir='ltr'><strong>Flore</strong></span> <span class='ocrx_word' id='word_1_32' title='bbox 964 1040 1010 1113; x_wconf 91' lang='lat' dir='ltr'>ad</span> <span class='ocrx_word' id='word_1_33' title='bbox 1027 1041 1217 1138; x_wconf 75' lang='lat' dir='ltr'>palatium,</span> <span class='ocrx_word' id='word_1_34' title='bbox 1236 1041 1297 1115; x_wconf 93' lang='lat' dir='ltr'>ubi</span> <span class='ocrx_word' id='word_1_35' title='bbox 1318 1047 1417 1139; x_wconf 89' lang='lat' dir='ltr'>Papa</span> 
     </span>
     <span class='ocr_line' id='line_1_5' title="bbox 90 1165 1417 1264; baseline 0 -23"><span class='ocrx_word' id='word_1_36' title='bbox 90 1167 286 1264; x_wconf 72' lang='lat' dir='ltr'>expectavit</span> <span class='ocrx_word' id='word_1_37' title='bbox 303 1190 368 1240; x_wconf 91' lang='lat' dir='ltr'>eos</span> <span class='ocrx_word' id='word_1_38' title='bbox 383 1167 420 1239; x_wconf 93' lang='lat' dir='ltr'>in</span> <span class='ocrx_word' id='word_1_39' title='bbox 437 1187 582 1240; x_wconf 91' lang='lat' dir='ltr'>camera</span> <span class='ocrx_word' id='word_1_40' title='bbox 597 1187 707 1261; x_wconf 88' lang='lat' dir='ltr'>supra</span> <span class='ocrx_word' id='word_1_41' title='bbox 725 1169 870 1260; x_wconf 72' lang='lat' dir='ltr'>portam</span> <span class='ocrx_word' id='word_1_42' title='bbox 881 1165 1027 1262; x_wconf 84' lang='lat' dir='ltr'>palalii3</span> <span class='ocrx_word' id='word_1_43' title='bbox 1046 1171 1082 1240; x_wconf 81' lang='lat' dir='ltr'>el</span> <span class='ocrx_word' id='word_1_44' title='bbox 1100 1190 1183 1240; x_wconf 89' lang='lat' dir='ltr'>cum</span> <span class='ocrx_word' id='word_1_45' title='bbox 1202 1170 1298 1264; x_wconf 90' lang='lat' dir='ltr'>Papa</span> <span class='ocrx_word' id='word_1_46' title='bbox 1312 1171 1417 1242; x_wconf 84' lang='lat' dir='ltr'>eranl</span> 
     </span>
     <span class='ocr_line' id='line_1_6' title="bbox 89 1290 1416 1386; baseline 0 -18"><span class='ocrx_word' id='word_1_47' title='bbox 89 1293 284 1368; x_wconf 87' lang='lat' dir='ltr'>cardinales</span> <span class='ocrx_word' id='word_1_48' title='bbox 311 1292 595 1381; x_wconf 66' lang='lat' dir='ltr'><strong>Alexandriam,</strong></span> <span class='ocrx_word' id='word_1_49' title='bbox 619 1315 648 1364; x_wconf 90' lang='lat' dir='ltr'>s.</span> <span class='ocrx_word' id='word_1_50' title='bbox 679 1290 823 1386; x_wconf 83' lang='lat' dir='ltr'>Georgii</span> <span class='ocrx_word' id='word_1_51' title='bbox 846 1297 881 1364; x_wconf 83' lang='lat' dir='ltr'>el</span> <span class='ocrx_word' id='word_1_52' title='bbox 903 1316 932 1363; x_wconf 90' lang='lat' dir='ltr'>s.</span> <span class='ocrx_word' id='word_1_53' title='bbox 959 1291 1057 1365; x_wconf 81' lang='lat' dir='ltr'>Pelri</span> <span class='ocrx_word' id='word_1_54' title='bbox 1081 1293 1127 1365; x_wconf 87' lang='lat' dir='ltr'>ad</span> <span class='ocrx_word' id='word_1_55' title='bbox 1148 1291 1314 1368; x_wconf 82' lang='lat' dir='ltr'>Vincula.</span> <span class='ocrx_word' id='word_1_56' title='bbox 1335 1297 1416 1368; x_wconf 84' lang='lat' dir='ltr'>llux</span> 
     </span>
     <span class='ocr_line' id='line_1_7' title="bbox 89 1416 1416 1518; baseline -0.002 -26"><span class='ocrx_word' id='word_1_57' title='bbox 89 1422 245 1518; x_wconf 86' lang='lat' dir='ltr'>porlalus</span> <span class='ocrx_word' id='word_1_58' title='bbox 274 1417 347 1491; x_wconf 85' lang='lat' dir='ltr'>suil</span> <span class='ocrx_word' id='word_1_59' title='bbox 375 1440 442 1516; x_wconf 93' lang='lat' dir='ltr'>per</span> <span class='ocrx_word' id='word_1_60' title='bbox 470 1418 560 1491; x_wconf 92' lang='lat' dir='ltr'>duos</span> <span class='ocrx_word' id='word_1_61' title='bbox 584 1439 670 1491; x_wconf 88' lang='lat' dir='ltr'>suos</span> <span class='ocrx_word' id='word_1_62' title='bbox 699 1416 878 1504; x_wconf 77' lang='lat' dir='ltr'>brachiiS,</span> <span class='ocrx_word' id='word_1_63' title='bbox 906 1417 991 1514; x_wconf 89' lang='lat' dir='ltr'>quia</span> <span class='ocrx_word' id='word_1_64' title='bbox 1019 1440 1092 1491; x_wconf 94' lang='lat' dir='ltr'>non</span> <span class='ocrx_word' id='word_1_65' title='bbox 1120 1417 1239 1514; x_wconf 77' lang='lat' dir='ltr'>poluit</span> <span class='ocrx_word' id='word_1_66' title='bbox 1266 1424 1416 1516; x_wconf 80' lang='lat' dir='ltr'>propter</span> 
     </span>
     <span class='ocr_line' id='line_1_8' title="bbox 89 1544 502 1644; baseline -0.007 -27"><span class='ocrx_word' id='word_1_67' title='bbox 89 1545 281 1644; x_wconf 80' lang='lat' dir='ltr'>podagram</span> <span class='ocrx_word' id='word_1_68' title='bbox 303 1544 502 1618; x_wconf 88' lang='lat' dir='ltr'>ambulare.</span> 
     </span>
    </p>

    <p class='ocr_par' dir='ltr' id='par_1_3' title="bbox 86 1667 1415 2495">
     <span class='ocr_line' id='line_1_9' title="bbox 134 1667 1414 1767; baseline -0.002 -25"><span class='ocrx_word' id='word_1_69' title='bbox 134 1675 145 1742; x_wconf 89' lang='lat' dir='ltr'>l</span> <span class='ocrx_word' id='word_1_70' title='bbox 165 1675 200 1744; x_wconf 85' lang='lat' dir='ltr'>el</span> <span class='ocrx_word' id='word_1_71' title='bbox 216 1675 237 1744; x_wconf 76' lang='grc'>2</span> <span class='ocrx_word' id='word_1_72' title='bbox 256 1669 369 1767; x_wconf 93' lang='lat' dir='ltr'>hujus</span> <span class='ocrx_word' id='word_1_73' title='bbox 384 1669 519 1743; x_wconf 83' lang='lat' dir='ltr'><strong>mensis</strong></span> <span class='ocrx_word' id='word_1_74' title='bbox 532 1668 705 1766; x_wconf 89' lang='lat' dir='ltr'>januarii,</span> <span class='ocrx_word' id='word_1_75' title='bbox 721 1669 788 1743; x_wconf 82' lang='lat' dir='ltr'>iuil</span> <span class='ocrx_word' id='word_1_76' title='bbox 804 1667 981 1742; x_wconf 88' lang='lat' dir='ltr'>maximus</span> <span class='ocrx_word' id='word_1_77' title='bbox 1000 1673 1231 1744; x_wconf 75' lang='lat' dir='ltr'>terremotus</span> <span class='ocrx_word' id='word_1_78' title='bbox 1250 1667 1414 1744; x_wconf 84' lang='lat' dir='ltr'>Bononio</span> 
     </span>
     <span class='ocr_line' id='line_1_10' title="bbox 90 1793 1415 1892; baseline 0 -26"><span class='ocrx_word' id='word_1_79' title='bbox 90 1800 120 1868; x_wconf 85' lang='lat' dir='ltr'>el</span> <span class='ocrx_word' id='word_1_80' title='bbox 135 1797 269 1868; x_wconf 76' lang='lat' dir='ltr'>Mutine</span> <span class='ocrx_word' id='word_1_81' title='bbox 289 1796 329 1868; x_wconf 96' lang='lat' dir='ltr'>in</span> <span class='ocrx_word' id='word_1_82' title='bbox 344 1793 511 1868; x_wconf 75' lang='lat' dir='ltr'>noctibus</span> <span class='ocrx_word' id='word_1_83' title='bbox 530 1795 713 1891; x_wconf 71' lang='lat' dir='ltr'>preteritis</span> <span class='ocrx_word' id='word_1_84' title='bbox 729 1799 766 1868; x_wconf 85' lang='lat' dir='ltr'>el</span> <span class='ocrx_word' id='word_1_85' title='bbox 784 1795 1031 1891; x_wconf 68' lang='lat' dir='ltr'>sequentibus</span> <span class='ocrx_word' id='word_1_86' title='bbox 1055 1819 1100 1868; x_wconf 89' lang='lat' dir='ltr'>ex</span> <span class='ocrx_word' id='word_1_87' title='bbox 1121 1795 1251 1892; x_wconf 91' lang='lat' dir='ltr'>quibus</span> <span class='ocrx_word' id='word_1_88' title='bbox 1270 1793 1415 1869; x_wconf 87' lang='lat' dir='ltr'>cecide-</span> 
     </span>
     <span class='ocr_line' id='line_1_11' title="bbox 87 1919 1415 2018; baseline -0.002 -24"><span class='ocrx_word' id='word_1_89' title='bbox 87 1925 338 2018; x_wconf 7' lang='lat' dir='ltr'>runtpqualuor</span> <span class='ocrx_word' id='word_1_90' title='bbox 354 1920 453 1994; x_wconf 87' lang='lat' dir='ltr'>mille</span> <span class='ocrx_word' id='word_1_91' title='bbox 472 1923 603 1994; x_wconf 88' lang='lat' dir='ltr'>domus</span> <span class='ocrx_word' id='word_1_92' title='bbox 619 1921 677 1994; x_wconf 90' lang='lat' dir='ltr'>vel</span> <span class='ocrx_word' id='word_1_93' title='bbox 699 1920 846 1994; x_wconf 83' lang='lat' dir='ltr'>circiter</span> <span class='ocrx_word' id='word_1_94' title='bbox 863 1921 900 1993; x_wconf 96' lang='lat' dir='ltr'>in</span> <span class='ocrx_word' id='word_1_95' title='bbox 919 1920 1063 1994; x_wconf 77' lang='lat' dir='ltr'>civilale</span> <span class='ocrx_word' id='word_1_96' title='bbox 1082 1921 1258 2011; x_wconf 89' lang='lat' dir='ltr'>Bononie,</span> <span class='ocrx_word' id='word_1_97' title='bbox 1278 1942 1352 1994; x_wconf 94' lang='lat' dir='ltr'>non</span> <span class='ocrx_word' id='word_1_98' title='bbox 1376 1919 1415 1992; x_wconf 92' lang='lat' dir='ltr'>in</span> 
     </span>
     <span class='ocr_line' id='line_1_12' title="bbox 88 2029 1415 2144; baseline 0.002 -28"><span class='ocrx_word' id='word_1_99' title='bbox 88 2049 203 2136; x_wconf 88' lang='lat' dir='ltr'>lolum,</span> <span class='ocrx_word' id='word_1_100' title='bbox 225 2046 292 2120; x_wconf 93' lang='lat' dir='ltr'>sed</span> <span class='ocrx_word' id='word_1_101' title='bbox 309 2045 429 2144; x_wconf 90' lang='lat' dir='ltr'>alique</span> <span class='ocrx_word' id='word_1_102' title='bbox 443 2045 480 2118; x_wconf 94' lang='lat' dir='ltr'>in</span> <span class='ocrx_word' id='word_1_103' title='bbox 499 2045 615 2134; x_wconf 74' lang='lat' dir='ltr'>lectis</span> <span class='ocrx_word' id='word_1_104' title='bbox 639 2045 710 2118; x_wconf 93' lang='lat' dir='ltr'>alie</span> <span class='ocrx_word' id='word_1_105' title='bbox 728 2045 765 2118; x_wconf 94' lang='lat' dir='ltr'>in</span> <span class='ocrx_word' id='word_1_106' title='bbox 787 2045 866 2118; x_wconf 92' lang='lat' dir='ltr'>aliis</span> <span class='ocrx_word' id='word_1_107' title='bbox 886 2029 1050 2142; x_wconf 75' lang='lat' dir='ltr'>partibus</span> <span class='ocrx_word' id='word_1_108' title='bbox 1069 2045 1295 2133; x_wconf 71' lang='lat' dir='ltr'>ceciderunt,</span> <span class='ocrx_word' id='word_1_109' title='bbox 1315 2067 1415 2118; x_wconf 89' lang='lat' dir='ltr'>cam·</span> 
     </span>
     <span class='ocr_line' id='line_1_13' title="bbox 86 2169 1413 2268; baseline 0.001 -27"><span class='ocrx_word' id='word_1_110' title='bbox 86 2191 170 2265; x_wconf 89' lang='lat' dir='ltr'>pune</span> <span class='ocrx_word' id='word_1_111' title='bbox 192 2169 229 2241; x_wconf 93' lang='lat' dir='ltr'>in</span> <span class='ocrx_word' id='word_1_112' title='bbox 254 2169 423 2268; x_wconf 88' lang='lat' dir='ltr'>pluribus</span> <span class='ocrx_word' id='word_1_113' title='bbox 449 2169 738 2267; x_wconf 88' lang='lat' dir='ltr'>campanalibus,</span> <span class='ocrx_word' id='word_1_114' title='bbox 757 2169 924 2244; x_wconf 85' lang='lat' dir='ltr'>videlicet</span> <span class='ocrx_word' id='word_1_115' title='bbox 948 2173 1202 2244; x_wconf 80' lang='lat' dir='ltr'>conveniuss.</span> <span class='ocrx_word' id='word_1_116' title='bbox 1230 2169 1413 2244; x_wconf 89' lang='lat' dir='ltr'>Francisci</span> 
     </span>
     <span class='ocr_line' id='line_1_14' title="bbox 86 2293 1411 2394; baseline 0.002 -30"><span class='ocrx_word' id='word_1_117' title='bbox 86 2293 116 2364; x_wconf 95' lang='lat' dir='ltr'>in</span> <span class='ocrx_word' id='word_1_118' title='bbox 143 2294 265 2368; x_wconf 72' lang='lat' dir='ltr'>Platea</span> <span class='ocrx_word' id='word_1_119' title='bbox 283 2295 460 2394; x_wconf 52' lang='lat' dir='ltr'>Magnas</span> <span class='ocrx_word' id='word_1_120' title='bbox 451 2320 488 2368; x_wconf 84' lang='lat' dir='ltr'>in</span> <span class='ocrx_word' id='word_1_121' title='bbox 511 2298 625 2370; x_wconf 87' lang='lat' dir='ltr'>Turre</span> <span class='ocrx_word' id='word_1_122' title='bbox 642 2294 820 2384; x_wconf 80' lang='lat' dir='ltr'>Asinaria,</span> <span class='ocrx_word' id='word_1_123' title='bbox 846 2303 882 2369; x_wconf 84' lang='lat' dir='ltr'>et</span> <span class='ocrx_word' id='word_1_124' title='bbox 907 2295 997 2386; x_wconf 89' lang='lat' dir='ltr'>alie;</span> <span class='ocrx_word' id='word_1_125' title='bbox 1022 2302 1058 2370; x_wconf 83' lang='lat' dir='ltr'>el</span> <span class='ocrx_word' id='word_1_126' title='bbox 1074 2295 1195 2370; x_wconf 91' lang='lat' dir='ltr'>nullus</span> <span class='ocrx_word' id='word_1_127' title='bbox 1219 2294 1411 2370; x_wconf 89' lang='lat' dir='ltr'>hominum</span> 
     </span>
     <span class='ocr_line' id='line_1_15' title="bbox 88 2420 950 2495; baseline 0.003 -5"><span class='ocrx_word' id='word_1_128' title='bbox 88 2423 236 2492; x_wconf 85' lang='lat' dir='ltr'>morluus</span> <span class='ocrx_word' id='word_1_129' title='bbox 250 2426 310 2495; x_wconf 82' lang='lat' dir='ltr'>esi</span> <span class='ocrx_word' id='word_1_130' title='bbox 325 2421 382 2494; x_wconf 86' lang='lat' dir='ltr'>vel</span> <span class='ocrx_word' id='word_1_131' title='bbox 398 2420 529 2494; x_wconf 81' lang='lat' dir='ltr'>exinde</span> <span class='ocrx_word' id='word_1_132' title='bbox 543 2421 655 2494; x_wconf 92' lang='lat' dir='ltr'>lesus</span> <span class='ocrx_word' id='word_1_133' title='bbox 941 2423 950 2436; x_wconf 86' lang='lat'><em>&#39;</em></span> 
     </span>
    </p>

    <p class='ocr_par' dir='ltr' id='par_1_4' title="bbox 88 2543 1412 2769">
     <span class='ocr_line' id='line_1_16' title="bbox 128 2543 1412 2646; baseline 0.002 -28"><span class='ocrx_word' id='word_1_134' title='bbox 128 2546 327 2638; x_wconf 86' lang='lat' dir='ltr'>Dominioa,</span> <span class='ocrx_word' id='word_1_135' title='bbox 347 2548 405 2622; x_wconf 88' lang='lat'>5</span> <span class='ocrx_word' id='word_1_136' title='bbox 391 2546 565 2646; x_wconf 69' lang='lat' dir='ltr'>januarii,</span> <span class='ocrx_word' id='word_1_137' title='bbox 588 2571 739 2646; x_wconf 91' lang='lat' dir='ltr'>vespere</span> <span class='ocrx_word' id='word_1_138' title='bbox 767 2545 941 2646; x_wconf 89' lang='lat' dir='ltr'>papales</span> <span class='ocrx_word' id='word_1_139' title='bbox 931 2570 969 2620; x_wconf 87' lang='lat' dir='ltr'>rn</span> <span class='ocrx_word' id='word_1_140' title='bbox 993 2544 1133 2643; x_wconf 89' lang='lat' dir='ltr'>capella</span> <span class='ocrx_word' id='word_1_141' title='bbox 1151 2543 1294 2645; x_wconf 87' lang='lat' dir='ltr'>majori,</span> <span class='ocrx_word' id='word_1_142' title='bbox 1325 2568 1412 2645; x_wconf 91' lang='lat' dir='ltr'>pre-</span> 
     </span>
     <span class='ocr_line' id='line_1_17' title="bbox 88 2674 305 2769; baseline 0.018 -29"><span class='ocrx_word' id='word_1_143' title='bbox 88 2677 176 2744; x_wconf 83' lang='lat' dir='ltr'>senle</span> <span class='ocrx_word' id='word_1_144' title='bbox 193 2674 305 2769; x_wconf 89' lang='lat' dir='ltr'>Papa.</span> 
     </span>
    </p>

    <p class='ocr_par' dir='ltr' id='par_1_5' title="bbox 90 2793 1411 3145">
     <span class='ocr_line' id='line_1_18' title="bbox 129 2793 1411 2896; baseline 0.001 -29"><span class='ocrx_word' id='word_1_145' title='bbox 129 2797 165 2868; x_wconf 91' lang='lat' dir='ltr'>ln</span> <span class='ocrx_word' id='word_1_146' title='bbox 182 2795 240 2870; x_wconf 89' lang='lat' dir='ltr'>die</span> <span class='ocrx_word' id='word_1_147' title='bbox 256 2795 465 2894; x_wconf 91' lang='lat' dir='ltr'>epiphanie,</span> <span class='ocrx_word' id='word_1_148' title='bbox 488 2802 510 2871; x_wconf 82' lang='lat'>6</span> <span class='ocrx_word' id='word_1_149' title='bbox 526 2798 701 2896; x_wconf 86' lang='lat' dir='ltr'>januarii,</span> <span class='ocrx_word' id='word_1_150' title='bbox 723 2797 834 2870; x_wconf 89' lang='lat' dir='ltr'>missa</span> <span class='ocrx_word' id='word_1_151' title='bbox 850 2793 886 2868; x_wconf 94' lang='lat' dir='ltr'>in</span> <span class='ocrx_word' id='word_1_152' title='bbox 906 2819 935 2869; x_wconf 91' lang='lat' dir='ltr'>s.</span> <span class='ocrx_word' id='word_1_153' title='bbox 957 2799 1066 2870; x_wconf 73' lang='lat' dir='ltr'>Petro</span> <span class='ocrx_word' id='word_1_154' title='bbox 1086 2817 1195 2893; x_wconf 88' lang='lat' dir='ltr'>quam</span> <span class='ocrx_word' id='word_1_155' title='bbox 1212 2794 1411 2870; x_wconf 80' lang='lat' dir='ltr'>celebrarit</span> 
     </span>
     <span class='ocr_line' id='line_1_19' title="bbox 90 2919 1410 3021; baseline 0.005 -33"><span class='ocrx_word' id='word_1_156' title='bbox 90 2920 196 2993; x_wconf 87' lang='lat' dir='ltr'>Rmus.</span> <span class='ocrx_word' id='word_1_157' title='bbox 213 2943 244 2993; x_wconf 92' lang='lat' dir='ltr'>s.</span> <span class='ocrx_word' id='word_1_158' title='bbox 267 2923 445 2995; x_wconf 86' lang='lat' dir='ltr'>Praxedis</span> <span class='ocrx_word' id='word_1_159' title='bbox 462 2923 671 3014; x_wconf 89' lang='lat' dir='ltr'>cardinalis,</span> <span class='ocrx_word' id='word_1_160' title='bbox 690 2928 788 3021; x_wconf 90' lang='lat' dir='ltr'>Papa</span> <span class='ocrx_word' id='word_1_161' title='bbox 799 2925 983 3020; x_wconf 78' lang='lat' dir='ltr'>presente,</span> <span class='ocrx_word' id='word_1_162' title='bbox 1000 2943 1209 2995; x_wconf 87' lang='lat' dir='ltr'>sermonem</span> <span class='ocrx_word' id='word_1_163' title='bbox 1227 2919 1312 2996; x_wconf 76' lang='lat' dir='ltr'>fecit</span> <span class='ocrx_word' id='word_1_164' title='bbox 1328 2943 1410 3020; x_wconf 89' lang='lat' dir='ltr'>pro·</span> 
     </span>
     <span class='ocr_line' id='line_1_20' title="bbox 91 3045 1254 3145; baseline 0.003 -31"><span class='ocrx_word' id='word_1_165' title='bbox 91 3051 222 3119; x_wconf 72' lang='lat' dir='ltr'>curator</span> <span class='ocrx_word' id='word_1_166' title='bbox 236 3047 378 3120; x_wconf 83' lang='lat' dir='ltr'>ordinis</span> <span class='ocrx_word' id='word_1_167' title='bbox 396 3071 584 3122; x_wconf 86' lang='lat' dir='ltr'>servorum</span> <span class='ocrx_word' id='word_1_168' title='bbox 604 3053 640 3122; x_wconf 79' lang='lat' dir='ltr'>el</span> <span class='ocrx_word' id='word_1_169' title='bbox 658 3051 835 3145; x_wconf 80' lang='lat' dir='ltr'>optimam</span> <span class='ocrx_word' id='word_1_170' title='bbox 849 3045 1064 3121; x_wconf 75' lang='lat' dir='ltr'>facundiam</span> <span class='ocrx_word' id='word_1_171' title='bbox 1082 3045 1254 3120; x_wconf 81' lang='lat' dir='ltr'>ostendii.</span> 
     </span>
    </p>

    <p class='ocr_par' dir='ltr' id='par_1_6' title="bbox 89 3168 1408 3766">
     <span class='ocr_line' id='line_1_21' title="bbox 130 3168 1408 3270; baseline 0.001 -26"><span class='ocrx_word' id='word_1_172' title='bbox 130 3169 189 3244; x_wconf 78' lang='lat' dir='ltr'>uie</span> <span class='ocrx_word' id='word_1_173' title='bbox 207 3171 395 3263; x_wconf 86' lang='lat' dir='ltr'>mercurii,</span> <span class='ocrx_word' id='word_1_174' title='bbox 418 3177 438 3246; x_wconf 88' lang='lat'>8</span> <span class='ocrx_word' id='word_1_175' title='bbox 455 3173 627 3270; x_wconf 88' lang='lat' dir='ltr'>januarii,</span> <span class='ocrx_word' id='word_1_176' title='bbox 647 3173 768 3247; x_wconf 89' lang='lat' dir='ltr'>infine</span> <span class='ocrx_word' id='word_1_177' title='bbox 786 3175 878 3261; x_wconf 81' lang='lat' dir='ltr'>nole,</span> <span class='ocrx_word' id='word_1_178' title='bbox 899 3171 1036 3268; x_wconf 75' lang='lat' dir='ltr'>recepti</span> <span class='ocrx_word' id='word_1_179' title='bbox 1054 3171 1245 3246; x_wconf 78' lang='lat' dir='ltr'>luerunlet</span> <span class='ocrx_word' id='word_1_180' title='bbox 1258 3168 1408 3245; x_wconf 84' lang='lat' dir='ltr'>admissi</span> 
     </span>
     <span class='ocr_line' id='line_1_22' title="bbox 92 3296 1408 3395; baseline 0.005 -29"><span class='ocrx_word' id='word_1_181' title='bbox 92 3297 126 3367; x_wconf 87' lang='lat' dir='ltr'>D.</span> <span class='ocrx_word' id='word_1_182' title='bbox 138 3298 334 3370; x_wconf 84' lang='lat' dir='ltr'>Mercurius</span> <span class='ocrx_word' id='word_1_183' title='bbox 348 3299 392 3370; x_wconf 93' lang='lat' dir='ltr'>de</span> <span class='ocrx_word' id='word_1_184' title='bbox 404 3298 553 3395; x_wconf 87' lang='lat' dir='ltr'>Vipera,</span> <span class='ocrx_word' id='word_1_185' title='bbox 566 3302 853 3387; x_wconf 70' lang='lat' dir='ltr'>Beneventanus,</span> <span class='ocrx_word' id='word_1_186' title='bbox 868 3296 1036 3370; x_wconf 91' lang='lat' dir='ltr'>inlocum</span> <span class='ocrx_word' id='word_1_187' title='bbox 1047 3299 1090 3370; x_wconf 93' lang='lat' dir='ltr'>N.</span> <span class='ocrx_word' id='word_1_188' title='bbox 1103 3297 1147 3371; x_wconf 94' lang='lat' dir='ltr'>de</span> <span class='ocrx_word' id='word_1_189' title='bbox 1161 3296 1355 3387; x_wconf 77' lang='lat' dir='ltr'>porcariis,</span> <span class='ocrx_word' id='word_1_190' title='bbox 1371 3300 1408 3372; x_wconf 84' lang='lat' dir='ltr'>el</span> 
     </span>
     <span class='ocr_line' id='line_1_23' title="bbox 89 3419 1408 3514; baseline 0.005 -24"><span class='ocrx_word' id='word_1_191' title='bbox 89 3419 253 3496; x_wconf 87' lang='lat' dir='ltr'>lohannes</span> <span class='ocrx_word' id='word_1_192' title='bbox 270 3422 450 3496; x_wconf 74' lang='lat' dir='ltr'>Antonius</span> <span class='ocrx_word' id='word_1_193' title='bbox 462 3425 508 3497; x_wconf 93' lang='lat' dir='ltr'>de</span> <span class='ocrx_word' id='word_1_194' title='bbox 524 3423 718 3514; x_wconf 84' lang='lat' dir='ltr'>Trivulliis,</span> <span class='ocrx_word' id='word_1_195' title='bbox 734 3424 771 3497; x_wconf 95' lang='lat' dir='ltr'>in</span> <span class='ocrx_word' id='word_1_196' title='bbox 782 3425 905 3497; x_wconf 93' lang='lat' dir='ltr'>locum</span> <span class='ocrx_word' id='word_1_197' title='bbox 917 3425 959 3495; x_wconf 87' lang='lat' dir='ltr'>D.</span> <span class='ocrx_word' id='word_1_198' title='bbox 976 3419 1123 3495; x_wconf 73' lang='lat' dir='ltr'>Antonii</span> <span class='ocrx_word' id='word_1_199' title='bbox 1139 3421 1267 3512; x_wconf 84' lang='lat' dir='ltr'>Floris,</span> <span class='ocrx_word' id='word_1_200' title='bbox 1289 3421 1408 3498; x_wconf 88' lang='lat' dir='ltr'>archi·</span> 
     </span>
     <span class='ocr_line' id='line_1_24' title="bbox 90 3544 1406 3644; baseline 0.005 -30"><span class='ocrx_word' id='word_1_201' title='bbox 90 3544 231 3644; x_wconf 90' lang='lat' dir='ltr'>episcopi</span> <span class='ocrx_word' id='word_1_202' title='bbox 260 3547 541 3641; x_wconf 71' lang='lat' dir='ltr'>avenionensis,</span> <span class='ocrx_word' id='word_1_203' title='bbox 562 3550 750 3624; x_wconf 80' lang='lat' dir='ltr'>auditores</span> <span class='ocrx_word' id='word_1_204' title='bbox 774 3552 866 3638; x_wconf 78' lang='lat' dir='ltr'>rote,</span> <span class='ocrx_word' id='word_1_205' title='bbox 886 3551 923 3621; x_wconf 87' lang='lat' dir='ltr'>et</span> <span class='ocrx_word' id='word_1_206' title='bbox 940 3547 1115 3621; x_wconf 82' lang='lat' dir='ltr'>sederunt</span> <span class='ocrx_word' id='word_1_207' title='bbox 1131 3547 1236 3644; x_wconf 77' lang='lat' dir='ltr'>juxta</span> <span class='ocrx_word' id='word_1_208' title='bbox 1257 3549 1406 3621; x_wconf 79' lang='lat' dir='ltr'>Petrum</span> 
     </span>
     <span class='ocr_line' id='line_1_25' title="bbox 91 3667 1401 3766; baseline 0.006 -27"><span class='ocrx_word' id='word_1_209' title='bbox 91 3667 127 3740; x_wconf 86' lang='lat' dir='ltr'>de</span> <span class='ocrx_word' id='word_1_210' title='bbox 142 3673 323 3764; x_wconf 77' lang='lat' dir='ltr'>Arcadiis,</span> <span class='ocrx_word' id='word_1_211' title='bbox 337 3674 531 3766; x_wconf 90' lang='lat' dir='ltr'>decanum,</span> <span class='ocrx_word' id='word_1_212' title='bbox 545 3675 747 3750; x_wconf 88' lang='lat' dir='ltr'>Mercurius</span> <span class='ocrx_word' id='word_1_213' title='bbox 765 3673 937 3748; x_wconf 87' lang='lat' dir='ltr'>adexlris</span> <span class='ocrx_word' id='word_1_214' title='bbox 957 3677 992 3747; x_wconf 85' lang='lat' dir='ltr'>et</span> <span class='ocrx_word' id='word_1_215' title='bbox 1006 3671 1185 3746; x_wconf 80' lang='lat' dir='ltr'>Anlonius</span> <span class='ocrx_word' id='word_1_216' title='bbox 1198 3695 1219 3746; x_wconf 92' lang='lat' dir='ltr'>a</span> <span class='ocrx_word' id='word_1_217' title='bbox 1232 3671 1401 3747; x_wconf 72' lang='lat' dir='ltr'>sinistris.</span> 
     </span>
    </p>

    <p class='ocr_par' dir='ltr' id='par_1_7' title="bbox 89 3797 1428 4652">
     <span class='ocr_line' id='line_1_26' title="bbox 127 3797 1406 3898; baseline 0.005 -32"><span class='ocrx_word' id='word_1_218' title='bbox 127 3797 303 3889; x_wconf 83' lang='lat' dir='ltr'>Mercurii,</span> <span class='ocrx_word' id='word_1_219' title='bbox 336 3805 377 3875; x_wconf 84' lang='lat'>15</span> <span class='ocrx_word' id='word_1_220' title='bbox 393 3801 567 3898; x_wconf 88' lang='lat' dir='ltr'>januarii,</span> <span class='ocrx_word' id='word_1_221' title='bbox 594 3805 637 3875; x_wconf 86' lang='lat' dir='ltr'>D.</span> <span class='ocrx_word' id='word_1_222' title='bbox 667 3801 852 3875; x_wconf 87' lang='lat' dir='ltr'>lohannes</span> <span class='ocrx_word' id='word_1_223' title='bbox 878 3798 1071 3889; x_wconf 89' lang='lat' dir='ltr'>Oradinus,</span> <span class='ocrx_word' id='word_1_224' title='bbox 1100 3799 1295 3873; x_wconf 71' lang='lat' dir='ltr'>advocatus</span> <span class='ocrx_word' id='word_1_225' title='bbox 1316 3822 1406 3872; x_wconf 90' lang='lat' dir='ltr'>con-</span> 
     </span>
     <span class='ocr_line' id='line_1_27' title="bbox 90 3915 1404 4016; baseline 0.01 -31"><span class='ocrx_word' id='word_1_226' title='bbox 90 3915 268 4016; x_wconf 87' lang='lat' dir='ltr'>sislorialis,</span> <span class='ocrx_word' id='word_1_227' title='bbox 289 3925 357 3999; x_wconf 86' lang='lat' dir='ltr'>suit</span> <span class='ocrx_word' id='word_1_228' title='bbox 374 3925 553 4000; x_wconf 90' lang='lat' dir='ltr'>admissus</span> <span class='ocrx_word' id='word_1_229' title='bbox 570 3925 608 3999; x_wconf 92' lang='lat' dir='ltr'>in</span> <span class='ocrx_word' id='word_1_230' title='bbox 625 3925 799 4002; x_wconf 84' lang='lat' dir='ltr'>clericum</span> <span class='ocrx_word' id='word_1_231' title='bbox 815 3947 976 4015; x_wconf 88' lang='lat' dir='ltr'>camere,</span> <span class='ocrx_word' id='word_1_232' title='bbox 993 3923 1165 3997; x_wconf 90' lang='lat' dir='ltr'>inlocum</span> <span class='ocrx_word' id='word_1_233' title='bbox 1180 3927 1224 3998; x_wconf 90' lang='lat' dir='ltr'>D.</span> <span class='ocrx_word' id='word_1_234' title='bbox 1241 3927 1404 4000; x_wconf 76' lang='lat' dir='ltr'>Ventura</span> 
     </span>
     <span class='ocr_line' id='line_1_28' title="bbox 91 4043 1404 4150; baseline 0.008 -39"><span class='ocrx_word' id='word_1_235' title='bbox 91 4043 234 4145; x_wconf 87' lang='lat' dir='ltr'>episcopi</span> <span class='ocrx_word' id='word_1_236' title='bbox 256 4051 515 4143; x_wconf 85' lang='lat' dir='ltr'>Messanensis,</span> <span class='ocrx_word' id='word_1_237' title='bbox 535 4052 597 4150; x_wconf 91' lang='lat' dir='ltr'>qui</span> <span class='ocrx_word' id='word_1_238' title='bbox 621 4052 730 4125; x_wconf 84' lang='lat' dir='ltr'>cessil</span> <span class='ocrx_word' id='word_1_239' title='bbox 748 4075 821 4124; x_wconf 93' lang='lat' dir='ltr'>non</span> <span class='ocrx_word' id='word_1_240' title='bbox 845 4055 989 4148; x_wconf 79' lang='lat' dir='ltr'>sponte;</span> <span class='ocrx_word' id='word_1_241' title='bbox 1008 4054 1045 4124; x_wconf 84' lang='lat' dir='ltr'>el</span> <span class='ocrx_word' id='word_1_242' title='bbox 1068 4049 1166 4123; x_wconf 87' lang='lat' dir='ltr'>adia</span> <span class='ocrx_word' id='word_1_243' title='bbox 1182 4049 1237 4123; x_wconf 90' lang='lat' dir='ltr'>vel</span> <span class='ocrx_word' id='word_1_244' title='bbox 1261 4049 1404 4124; x_wconf 90' lang='lat' dir='ltr'>veneris</span> 
     </span>
     <span class='ocr_line' id='line_1_29' title="bbox 90 4173 1405 4275; baseline 0.008 -35"><span class='ocrx_word' id='word_1_245' title='bbox 90 4173 303 4267; x_wconf 79' lang='lat' dir='ltr'>precedente,</span> <span class='ocrx_word' id='word_1_246' title='bbox 327 4183 371 4251; x_wconf 80' lang='lat' dir='ltr'>lo</span> <span class='ocrx_word' id='word_1_247' title='bbox 397 4176 520 4275; x_wconf 86' lang='lat' dir='ltr'>hujus,</span> <span class='ocrx_word' id='word_1_248' title='bbox 547 4177 585 4251; x_wconf 92' lang='lat' dir='ltr'>in</span> <span class='ocrx_word' id='word_1_249' title='bbox 606 4177 825 4252; x_wconf 80' lang='lat' dir='ltr'>consistorio</span> <span class='ocrx_word' id='word_1_250' title='bbox 850 4182 1006 4265; x_wconf 70' lang='lat' dir='ltr'>secreto,</span> <span class='ocrx_word' id='word_1_251' title='bbox 1034 4179 1158 4248; x_wconf 87' lang='lat' dir='ltr'>Rmus.</span> <span class='ocrx_word' id='word_1_252' title='bbox 1184 4199 1214 4248; x_wconf 92' lang='lat' dir='ltr'>s.</span> <span class='ocrx_word' id='word_1_253' title='bbox 1244 4175 1340 4248; x_wconf 86' lang='lat' dir='ltr'>Pelri</span> <span class='ocrx_word' id='word_1_254' title='bbox 1358 4175 1405 4250; x_wconf 89' lang='lat' dir='ltr'>ad</span> 
     </span>
     <span class='ocr_line' id='line_1_30' title="bbox 89 4278 1428 4400; baseline 0.009 -40"><span class='ocrx_word' id='word_1_255' title='bbox 89 4289 223 4373; x_wconf 84' lang='lat' dir='ltr'>Vincula</span> <span class='ocrx_word' id='word_1_256' title='bbox 243 4301 310 4376; x_wconf 83' lang='lat' dir='ltr'>iuil</span> <span class='ocrx_word' id='word_1_257' title='bbox 340 4302 559 4399; x_wconf 75' lang='lat' dir='ltr'>subrogatus</span> <span class='ocrx_word' id='word_1_258' title='bbox 584 4303 621 4376; x_wconf 96' lang='lat' dir='ltr'>in</span> <span class='ocrx_word' id='word_1_259' title='bbox 647 4304 729 4400; x_wconf 90' lang='lat' dir='ltr'>jure</span> <span class='ocrx_word' id='word_1_260' title='bbox 745 4302 844 4399; x_wconf 92' lang='lat' dir='ltr'>quod</span> <span class='ocrx_word' id='word_1_261' title='bbox 870 4300 1046 4397; x_wconf 85' lang='lat' dir='ltr'>compelil</span> <span class='ocrx_word' id='word_1_262' title='bbox 1072 4299 1245 4374; x_wconf 88' lang='lat' dir='ltr'>cardinali</span> <span class='ocrx_word' id='word_1_263' title='bbox 1270 4299 1403 4374; x_wconf 77' lang='lat' dir='ltr'>Montis</span> <span class='ocrx_word' id='word_1_264' title='bbox 1425 4278 1428 4287; x_wconf 41' lang='lat'><strong>¹</strong></span> 
     </span>
     <span class='ocr_line' id='line_1_31' title="bbox 91 4415 1401 4526; baseline 0.003 -34"><span class='ocrx_word' id='word_1_265' title='bbox 91 4415 225 4514; x_wconf 82' lang='lat' dir='ltr'>Regalis,</span> <span class='ocrx_word' id='word_1_266' title='bbox 245 4429 306 4524; x_wconf 87' lang='lat' dir='ltr'>&#39;qui</span> <span class='ocrx_word' id='word_1_267' title='bbox 334 4452 451 4526; x_wconf 89' lang='lat' dir='ltr'>nuper</span> <span class='ocrx_word' id='word_1_268' title='bbox 468 4428 505 4501; x_wconf 90' lang='lat' dir='ltr'>in</span> <span class='ocrx_word' id='word_1_269' title='bbox 530 4428 703 4526; x_wconf 90' lang='lat' dir='ltr'>Hispania</span> <span class='ocrx_word' id='word_1_270' title='bbox 723 4431 779 4501; x_wconf 81' lang='lat' dir='ltr'>esi</span> <span class='ocrx_word' id='word_1_271' title='bbox 795 4427 870 4501; x_wconf 86' lang='lat' dir='ltr'>vila</span> <span class='ocrx_word' id='word_1_272' title='bbox 893 4425 1050 4517; x_wconf 76' lang='lat' dir='ltr'>luncluS,</span> <span class='ocrx_word' id='word_1_273' title='bbox 1074 4425 1111 4498; x_wconf 93' lang='lat' dir='ltr'>in</span> <span class='ocrx_word' id='word_1_274' title='bbox 1128 4425 1258 4522; x_wconf 91' lang='lat' dir='ltr'>quibus</span> <span class='ocrx_word' id='word_1_275' title='bbox 1274 4424 1401 4498; x_wconf 90' lang='lat' dir='ltr'>diebus</span> 
     </span>
     <span class='ocr_line' id='line_1_32' title="bbox 91 4543 852 4652; baseline 0.025 -45"><span class='ocrx_word' id='word_1_276' title='bbox 91 4543 173 4618; x_wconf 76' lang='lat' dir='ltr'>senil</span> <span class='ocrx_word' id='word_1_277' title='bbox 188 4553 362 4628; x_wconf 83' lang='lat' dir='ltr'>cerliludo</span> <span class='ocrx_word' id='word_1_278' title='bbox 378 4553 609 4652; x_wconf 89' lang='lat' dir='ltr'>requiescere</span> <span class='ocrx_word' id='word_1_279' title='bbox 627 4554 663 4626; x_wconf 91' lang='lat' dir='ltr'>in</span> <span class='ocrx_word' id='word_1_280' title='bbox 681 4575 772 4650; x_wconf 89' lang='lat' dir='ltr'>pace</span> <span class='ocrx_word' id='word_1_281' title='bbox 792 4551 852 4651; x_wconf 88' lang='lat' dir='ltr'>(l).</span> 
     </span>
    </p>
   </div>
   <div class='ocr_carea' id='block_1_3' title="bbox 94 4781 1403 5218">
    <p class='ocr_par' dir='ltr' id='par_1_8' title="bbox 94 4781 1403 5210">
     <span class='ocr_line' id='line_1_33' title="bbox 123 4781 1400 4866; baseline 0.003 -24"><span class='ocrx_word' id='word_1_282' title='bbox 123 4781 167 4836; x_wconf 77' lang='lat' dir='ltr'>l.‹</span> <span class='ocrx_word' id='word_1_283' title='bbox 167 4786 231 4844; x_wconf 87' lang='lat' dir='ltr'>‹Die</span> <span class='ocrx_word' id='word_1_284' title='bbox 244 4794 260 4848; x_wconf 89' lang='lat'>8</span> <span class='ocrx_word' id='word_1_285' title='bbox 274 4791 377 4848; x_wconf 89' lang='lat' dir='ltr'>mensis</span> <span class='ocrx_word' id='word_1_286' title='bbox 392 4792 513 4866; x_wconf 84' lang='lat' dir='ltr'>januarii</span> <span class='ocrx_word' id='word_1_287' title='bbox 532 4801 668 4851; x_wconf 73' lang='lat' dir='ltr'>venerunt</span> <span class='ocrx_word' id='word_1_288' title='bbox 688 4811 757 4850; x_wconf 84' lang='lat' dir='ltr'>nove</span> <span class='ocrx_word' id='word_1_289' title='bbox 773 4795 808 4850; x_wconf 91' lang='lat' dir='ltr'>ad</span> <span class='ocrx_word' id='word_1_290' title='bbox 829 4793 929 4850; x_wconf 85' lang='lat' dir='ltr'>Urbem</span> <span class='ocrx_word' id='word_1_291' title='bbox 951 4809 985 4849; x_wconf 86' lang='lat' dir='ltr'>ex</span> <span class='ocrx_word' id='word_1_292' title='bbox 1005 4791 1133 4850; x_wconf 78' lang='lat' dir='ltr'>Valentia</span> <span class='ocrx_word' id='word_1_293' title='bbox 1151 4789 1288 4864; x_wconf 90' lang='lat' dir='ltr'>quomodo</span> <span class='ocrx_word' id='word_1_294' title='bbox 1302 4787 1400 4849; x_wconf 83' lang='lat' dir='ltr'>anus.</span> 
     </span>
     <span class='ocr_line' id='line_1_34' title="bbox 94 4861 1403 4958; baseline 0.011 -35"><span class='ocrx_word' id='word_1_295' title='bbox 94 4861 120 4922; x_wconf 78' lang='lat' dir='ltr'>ll.</span> <span class='ocrx_word' id='word_1_296' title='bbox 137 4869 191 4929; x_wconf 86' lang='lat' dir='ltr'>olim</span> <span class='ocrx_word' id='word_1_297' title='bbox 203 4880 344 4938; x_wconf 84' lang='lat' dir='ltr'>cardinalis</span> <span class='ocrx_word' id='word_1_298' title='bbox 364 4881 523 4954; x_wconf 87' lang='lat' dir='ltr'>Tranensis,</span> <span class='ocrx_word' id='word_1_299' title='bbox 547 4882 769 4958; x_wconf 86' lang='lat' dir='ltr'>archiepiscopus</span> <span class='ocrx_word' id='word_1_300' title='bbox 789 4883 891 4940; x_wconf 78' lang='lat' dir='ltr'>Montis</span> <span class='ocrx_word' id='word_1_301' title='bbox 911 4881 1027 4955; x_wconf 82' lang='lat' dir='ltr'>Regalis</span> <span class='ocrx_word' id='word_1_302' title='bbox 1051 4881 1087 4938; x_wconf 79' lang='lat' dir='ltr'>sit</span> <span class='ocrx_word' id='word_1_303' title='bbox 1107 4883 1179 4937; x_wconf 82' lang='lat' dir='ltr'>mort</span> <span class='ocrx_word' id='word_1_304' title='bbox 1180 4897 1246 4948; x_wconf 87' lang='lat' dir='ltr'>uus;</span> <span class='ocrx_word' id='word_1_305' title='bbox 1263 4885 1290 4940; x_wconf 80' lang='lat' dir='ltr'>el</span> <span class='ocrx_word' id='word_1_306' title='bbox 1309 4878 1403 4937; x_wconf 86' lang='lat' dir='ltr'>dicunt</span> 
     </span>
     <span class='ocr_line' id='line_1_35' title="bbox 95 4951 1401 5046; baseline 0.012 -35.151"><span class='ocrx_word' id='word_1_307' title='bbox 95 4951 178 5015; x_wconf 80' lang='lat' dir='ltr'>obiisse</span> <span class='ocrx_word' id='word_1_308' title='bbox 191 4981 221 5021; x_wconf 90' lang='lat' dir='ltr'>ex</span> <span class='ocrx_word' id='word_1_309' title='bbox 233 4967 321 5044; x_wconf 89' lang='lat' dir='ltr'>lapide</span> <span class='ocrx_word' id='word_1_310' title='bbox 336 4971 433 5040; x_wconf 85' lang='lat' dir='ltr'>vesica,</span> <span class='ocrx_word' id='word_1_311' title='bbox 450 4989 512 5028; x_wconf 87' lang='lat' dir='ltr'>eum</span> <span class='ocrx_word' id='word_1_312' title='bbox 526 4989 575 5046; x_wconf 91' lang='lat' dir='ltr'>per</span> <span class='ocrx_word' id='word_1_313' title='bbox 589 4972 691 5045; x_wconf 82' lang='lat' dir='ltr'>aliquot</span> <span class='ocrx_word' id='word_1_314' title='bbox 711 4979 773 5029; x_wconf 78' lang='lat' dir='ltr'>ante</span> <span class='ocrx_word' id='word_1_315' title='bbox 792 4989 902 5028; x_wconf 87' lang='lat' dir='ltr'>menses</span> <span class='ocrx_word' id='word_1_316' title='bbox 922 4989 957 5028; x_wconf 85' lang='lat' dir='ltr'>ex</span> <span class='ocrx_word' id='word_1_317' title='bbox 973 4977 1110 5045; x_wconf 79' lang='lat' dir='ltr'>quartana</span> <span class='ocrx_word' id='word_1_318' title='bbox 1121 4969 1297 5026; x_wconf 73' lang='lat' dir='ltr'>laborasset:</span> <span class='ocrx_word' id='word_1_319' title='bbox 1310 4975 1401 5026; x_wconf 66' lang='lat' dir='ltr'>amen</span> 
     </span>
     <span class='ocr_line' id='line_1_36' title="bbox 95 5038 1401 5135; baseline 0.017 -41"><span class='ocrx_word' id='word_1_320' title='bbox 95 5038 251 5134; x_wconf 73' lang='lat' dir='ltr'>invalescente</span> <span class='ocrx_word' id='word_1_321' title='bbox 265 5059 337 5118; x_wconf 79' lang='lat' dir='ltr'>dicio</span> <span class='ocrx_word' id='word_1_322' title='bbox 350 5061 452 5130; x_wconf 90' lang='lat' dir='ltr'>dolore,</span> <span class='ocrx_word' id='word_1_323' title='bbox 468 5061 556 5135; x_wconf 84' lang='lat' dir='ltr'>prima</span> <span class='ocrx_word' id='word_1_324' title='bbox 570 5063 673 5119; x_wconf 87' lang='lat' dir='ltr'>mensis</span> <span class='ocrx_word' id='word_1_325' title='bbox 695 5063 777 5135; x_wconf 87' lang='lat' dir='ltr'>hujus</span> <span class='ocrx_word' id='word_1_326' title='bbox 796 5063 934 5119; x_wconf 74' lang='lat' dir='ltr'>extinctus</span> <span class='ocrx_word' id='word_1_327' title='bbox 955 5068 1015 5118; x_wconf 80' lang='lat' dir='ltr'>eal·</span> <span class='ocrx_word' id='word_1_328' title='bbox 1009 5061 1117 5134; x_wconf 88' lang='lat' dir='ltr'>‚cujus</span> <span class='ocrx_word' id='word_1_329' title='bbox 1137 5057 1228 5114; x_wconf 86' lang='lat' dir='ltr'>anima</span> <span class='ocrx_word' id='word_1_330' title='bbox 1246 5057 1401 5131; x_wconf 76' lang='lat' dir='ltr'>requiescat</span> 
     </span>
     <span class='ocr_line' id='line_1_37' title="bbox 95 5125 1399 5218; baseline 0.002 -14.002"><span class='ocrx_word' id='word_1_331' title='bbox 95 5125 117 5182; x_wconf 84' lang='lat' dir='ltr'>in</span> <span class='ocrx_word' id='word_1_332' title='bbox 128 5149 193 5204; x_wconf 57' lang='lat' dir='ltr'>lale</span> <span class='ocrx_word' id='word_1_333' title='bbox 203 5144 295 5210; x_wconf 76' lang='lat' dir='ltr'>Arnen</span> <span class='ocrx_word' id='word_1_334' title='bbox 315 5151 377 5206; x_wconf 89' lang='lat' dir='ltr'>›P.</span> <span class='ocrx_word' id='word_1_335' title='bbox 392 5150 426 5208; x_wconf 89' lang='lat' dir='ltr'>de</span> <span class='ocrx_word' id='word_1_336' title='bbox 440 5151 561 5218; x_wconf 83' lang='lat' dir='ltr'>Grassis,</span> <span class='ocrx_word' id='word_1_337' title='bbox 571 5152 590 5208; x_wconf 82' lang='lat' dir='ltr'>f</span> <span class='ocrx_word' id='word_1_338' title='bbox 602 5153 662 5210; x_wconf 85' lang='grc'>114.</span> <span class='ocrx_word' id='word_1_339' title='bbox 675 5153 712 5208; x_wconf 89' lang='lat' dir='ltr'>Le</span> <span class='ocrx_word' id='word_1_340' title='bbox 723 5151 843 5208; x_wconf 85' lang='lat' dir='ltr'>cardinal</span> <span class='ocrx_word' id='word_1_341' title='bbox 856 5151 889 5207; x_wconf 92' lang='lat' dir='ltr'>de</span> <span class='ocrx_word' id='word_1_342' title='bbox 901 5150 994 5208; x_wconf 83' lang='lat' dir='ltr'>Sainl-</span> <span class='ocrx_word' id='word_1_343' title='bbox 997 5150 1104 5208; x_wconf 88' lang='lat' dir='ltr'>Pierre-</span> <span class='ocrx_word' id='word_1_344' title='bbox 1106 5166 1171 5205; x_wconf 85' lang='lat' dir='ltr'>aux·</span> <span class='ocrx_word' id='word_1_345' title='bbox 1161 5147 1265 5217; x_wconf 87' lang='lat' dir='ltr'>-Liens,</span> <span class='ocrx_word' id='word_1_346' title='bbox 1275 5148 1399 5206; x_wconf 82' lang='lat' dir='ltr'>Galeollo</span> 
     </span>
    </p>
   </div>
   <div class='ocr_carea' id='block_1_4' title="bbox 98 5215 1398 5392">
    <p class='ocr_par' dir='ltr' id='par_1_9' title="bbox 98 5215 1398 5392">
     <span class='ocr_line' id='line_1_38' title="bbox 98 5215 1398 5392; baseline 0.003 -101"><span class='ocrx_word' id='word_1_347' title='bbox 98 5215 307 5392; x_wconf 45' lang='grc' dir='ltr'>ῗῑῗῖῑῐῦῑζῑῑίἑγείῐα</span> <span class='ocrx_word' id='word_1_348' title='bbox 329 5239 447 5309; x_wconf 84' lang='lat' dir='ltr'>llorere,</span> <span class='ocrx_word' id='word_1_349' title='bbox 467 5240 556 5298; x_wconf 78' lang='lat' dir='ltr'>herilo</span> <span class='ocrx_word' id='word_1_350' title='bbox 577 5241 610 5298; x_wconf 90' lang='lat' dir='ltr'>de</span> <span class='ocrx_word' id='word_1_351' title='bbox 634 5248 696 5300; x_wconf 80' lang='lat' dir='ltr'>leus</span> <span class='ocrx_word' id='word_1_352' title='bbox 717 5241 758 5298; x_wconf 88' lang='lat' dir='ltr'>les</span> <span class='ocrx_word' id='word_1_353' title='bbox 781 5241 918 5300; x_wconf 80' lang='lat' dir='ltr'>beneficas</span> <span class='ocrx_word' id='word_1_354' title='bbox 942 5241 977 5297; x_wconf 93' lang='lat' dir='ltr'>du</span> <span class='ocrx_word' id='word_1_355' title='bbox 998 5240 1104 5298; x_wconf 74' lang='lat' dir='ltr'>deluat.</span> <span class='ocrx_word' id='word_1_356' title='bbox 1127 5236 1198 5312; x_wconf 78' lang='lat' dir='ltr'>ch.</span> <span class='ocrx_word' id='word_1_357' title='bbox 1222 5235 1398 5306; x_wconf 83' lang='lat' dir='ltr'>Giusliniani,</span> 
     </span>
    </p>
   </div>
   <div class='ocr_carea' id='block_1_5' title="bbox 0 0 1764 6036">
    <p class='ocr_par' dir='ltr' id='par_1_10' title="bbox 0 0 1764 6036">
     <span class='ocr_line' id='line_1_39' title="bbox 0 0 1764 6036; baseline 0 1"><span class='ocrx_word' id='word_1_358' title='bbox 0 0 1764 6036; x_wconf 95' lang='lat' dir='ltr'> </span> 
     </span>
    </p>
   </div>
  </div>
 </body>
</html>
