3590 6042
106 555 162 622 [lai
178 551 249 616 teau]
425 550 552 610 RERUM
576 550 804 612 URBANARUM
825 553 1091 614 COMMENTARH.
1399 562 1436 620 55

106 707 267 784 tulerunt
282 703 321 780 in
334 705 404 782 bac
420 705 647 781 sanctissima
668 711 703 780 et
723 705 999 801 pernecessaria
1017 707 1245 806 expeditione
1261 711 1434 788 accedere

106 838 139 910 et
155 829 343 931 proprium
361 831 588 930 sanguinem,
607 830 636 904 si
664 853 754 928 opus
776 830 899 922 suerit,
923 832 1125 925 effundere,
1144 839 1180 908 et
1198 835 1369 932 quoniam
1390 839 1435 912 ad

108 964 239 1034 tautam
251 957 307 1032 rei
322 957 458 1034 molem
468 953 729 1054 perficiendam
739 961 864 1032 nostre
879 961 915 1030 et
931 958 1097 1056 ejusdem
1107 962 1268 1034 Romane
1280 961 1436 1038 ecclesie

109 1107 177 1158 nou
195 1088 396 1182 suppetunt
415 1082 617 1173 facultates,
638 1082 800 1158 volentes
820 1082 1085 1180 provisionibus
1107 1083 1190 1158 huic
1207 1087 1435 1161 sanctissimo

110 1207 221 1307 operi,
247 1230 298 1282 ne
327 1206 399 1290 alia
440 1205 613 1296 dominia,
645 1230 774 1304 regna,
811 1206 1017 1304 provincias
1046 1214 1082 1284 et
1107 1208 1190 1283 loca
1218 1210 1436 1286 christiano-

109 1356 182 1409 rum
209 1331 445 1431 perfidissimi
481 1336 595 1408 'lurco
627 1330 878 1430 diripientes
915 1333 982 1406 sub
1015 1357 1081 1410 sua
1100 1335 1288 1434 tyrannide
1324 1337 1437 1424 dedu-

108 1465 251 1536 cantet
280 1457 461 1534 continuis
487 1457 666 1532 bellorum
697 1455 898 1532 turbinibus
934 1457 1095 1556 altligaut
1127 1466 1302 1556 quantum
1331 1463 1436 1538 nobis

110 1607 150 1660 ex
180 1583 261 1662 Alto
291 1581 514 1684 permittitur
541 1582 655 1658 votive
679 1581 882 1673 intendere,
908 1589 1051 1660 matura
1074 1583 1231 1683 desuper
1259 1585 1438 1661 delibera-

111 1709 200 1786 tione
218 1708 426 1806 prebabita,
458 1707 503 1782 dc
533 1706 747 1783 eorumdem
773 1715 896 1784 sancte
913 1712 1075 1784 Romane
1104 1709 1258 1786 ecclesie
1275 1711 1438 1786 cardina-

109 1837 191 1910 lium
211 1834 367 1910 consilio
397 1833 532 1932 pariter
549 1841 586 1910 et
614 1857 780 1926 assensu,
799 1834 846 1910 ab
873 1834 1049 1910 universis
1078 1842 1114 1910 et
1137 1835 1287 1933 singulis
1315 1835 1438 1912 Judeis

111 1959 339 2036 inuniverso
375 1959 772 2036 christianorumque
807 1960 959 2036 ubilibet
977 1960 1196 2052 constitutis,
1224 1961 1438 2058 vigesimam

112 2091 243 2184 partem
268 2084 437 2160 omnium
459 2086 639 2160 bonorum
659 2110 820 2179 suorum,
838 2087 1023 2165 lructuum
1049 2109 1206 2186 quoque,
1232 2086 1438 2170 reddituum

113 2219 143 2284 et
178 2215 433 2309 proventuum,
473 2235 516 2286 ac
546 2210 782 2310 pecuniarum
820 2235 1159 2310 quarumcumque,
1185 2211 1438 2310 undecumque

115 2341 146 2410 et
158 2335 502 2435 quomodocumque
516 2335 626 2412 etiam
641 2361 709 2435 ρετ
722 2336 908 2412 usuariam
924 2336 1142 2436 pravitatem
1158 2337 1204 2412 ad
1219 2361 1345 2412 eorum
1360 2361 1438 2412 ma-

111 2485 171 2534 nus
184 2461 479 2560 pervenientium
493 2485 561 2560 per
574 2461 673 2560 ipsos
685 2461 819 2552 ludeos
829 2462 1105 2560 persolvendam
1121 2469 1158 2537 et
1176 2463 1221 2536 ab
1237 2463 1290 2536 eis
1306 2463 1438 2537 tollen-

114 2586 201 2676 dam,
234 2587 431 2662 levandam
465 2593 503 2661 ot
526 2587 743 2685 exigendam
766 2586 860 2662 iutra
880 2587 1089 2678 terminum,
1115 2611 1181 2684 per
1204 2587 1347 2684 legatos
1365 2587 1437 2660 sive

113 2712 243 2788 nuutios
256 2719 293 2788 ct
311 2711 530 2788 collectores
545 2735 611 2811 per
626 2735 693 2788 nos
719 2713 876 2810 desuper
904 2713 1146 2811 deputandos,
1166 2711 1304 2786 eisdem
1327 2711 1438 2810 prefi-

113 2837 258 2934 geudum
275 2837 315 2914 in
331 2837 551 2936 premissum
570 2838 657 2914 fidei
675 2845 748 2913 tam
764 2861 972 2930 commune,
998 2844 1072 2912 tam
1097 2845 1264 2914 sanctum
1290 2845 1438 2936 tamquo

114 2963 419 3062 pernecessarium
435 2987 525 3062 opus
536 2963 705 3038 videlicet
725 2971 762 3038 et
777 2988 850 3038 non
869 2964 908 3039 in
935 2963 1026 3040 alios
1044 2987 1129 3038 usus
1139 2964 1433 3055 convertendam,

115 3089 321 3174 auctoritate
341 3091 543 3189 apostolica
564 3097 600 3165 et
616 3113 661 3166 ex
676 3096 777 3166 certa
790 3090 956 3181 scicntia,
980 3096 1106 3164 tenore
1124 3090 1348 3188 presentium
1372 3113 1438 3188 per

117 3214 313 3306 triennium,
329 3215 445 3290 adata
454 3216 678 3313 presentium
692 3215 989 3313 computandum,
1003 3215 1223 3313 imponimus
1236 3240 1243 3305 ;
1259 3223 1295 3290 et
1308 3223 1347 3291 ut
1360 3241 1438 3314 pre-

117 3337 171 3412 lati
186 3340 288 3418 Judei
316 3340 527 3437 impositam
547 3339 601 3414 eis
616 3340 829 3438 vigesimam
845 3341 1060 3438 predictam,
1079 3340 1158 3415 sine
1174 3341 1297 3438 aliqua
1312 3341 1437 3416 fraude

118 3464 315 3541 intermino
338 3466 532 3542 statuendo
557 3466 699 3564 integre
721 3467 941 3564 persolvant,
960 3466 990 3540 si
1006 3465 1151 3564 quando
1167 3488 1232 3564 per
1254 3489 1317 3540 eos
1339 3467 1437 3541 irau-

119 3587 191 3674 dcm
207 3590 603 3689 committiccntigerit
620 3597 682 3666 aut
699 3591 801 3690 lapso
821 3591 979 3666 termino
996 3591 1210 3689 vigesimam
1230 3591 1437 3688 hujusmodi

118 3715 276 3793 exhibere
301 3715 542 3814 neglexerint,
561 3724 649 3792 tuuc
669 3741 713 3792 ex
729 3741 772 3793 eo
785 3741 872 3794 casu
884 3717 1067 3794 decimam
1078 3717 1259 3814 integram
1275 3717 1438 3790 omnium

119 3839 283 3917 bonorum
300 3866 451 3918 suorum
468 3843 546 3918 sine
567 3843 689 3940 aliqua
706 3841 922 3918 remissione
944 3843 1162 3942 persolvant,
1182 3848 1218 3916 et
1240 3841 1351 3918 etiam
1371 3866 1437 3940 pro

120 3967 265 4064 quolibet
281 3968 497 4046 centenario
512 3969 734 4044 tlorenorum
750 3975 908 4066 quatuor
923 3969 1081 4044 sscreuos
1098 3967 1235 4043 solvant
1252 3967 1434 4045 inventori

123 4093 468 4170 eteorumiraudem
486 4093 673 4184 relevanti,
691 4117 764 4169 non
789 4093 1017 4170 obstantibus
1030 4094 1237 4191 privilegiis,
1257 4093 1381 4191 gratiis
1402 4099 1439 4168 et

125 4213 255 4292 indultis
269 4219 642 4317 apostoliciseisdem
656 4219 780 4294 Judeis
795 4220 861 4294 sub
873 4243 1103 4317 quacumque
1118 4220 1308 4294 verborum
1323 4219 1440 4293 torma

125 4348 154 4414 et
168 4343 286 4438 quavis
300 4344 515 4420 auctoritate
526 4345 706 4442 ingerere,
721 4345 779 4419 vel
794 4345 830 4418 in
846 4345 970 4442 speeie
991 4353 1027 4418 et
1042 4368 1126 4418 cum
1148 4344 1437 4440 quibuscumque

127 4463 279 4544 clausulis
295 4469 409 4545 etiam
421 4469 736 4568 derogatoriarum
750 4469 1006 4567 derogatoriis,
1029 4469 1240 4542 tortioribus
1259 4475 1294 4544 et
1314 4468 1439 4542 cilica-

130 4589 273 4668 cioribus
289 4618 332 4670 ac
345 4594 501 4670 insolitis
517 4594 713 4686 concessis,
733 4594 876 4670 statutis
898 4617 1042 4691 quoquc
1063 4599 1099 4667 et
1118 4591 1439 4669 consuetudinibus

133 4719 396 4811 provinciarum,
416 4720 597 4796 civitatum
613 4727 648 4796 et
663 4721 831 4796 locorum
845 4721 882 4793 in
898 4719 1029 4816 quibus
1044 4719 1197 4816 predicti
1213 4723 1230 4791 J
1235 4718 1317 4792 udei
1332 4715 1439 4790 habi·

133 4843 331 4932 tumbellam
336 4847 850 4945 juramento,confirmatione
865 4844 1255 4945 apostolioavelquavis
1267 4843 1440 4916 firmitate
1479 4865 1482 4872 ·

20 4987 24 5002 ¹
135 4963 197 5040 alia
213 4970 401 5064 roboratis,
428 4996 495 5070 per
518 4996 588 5069 que
614 4973 753 5047 nullum
769 4972 856 5070 ipsis
876 4971 1090 5069 suffragium
1107 4970 1239 5044 afferre
1254 4990 1361 5066 posse
1377 4966 1442 5043 de-

139 5093 302 5169 ceruimus
337 5104 373 5172 et
400 5098 650 5190 declaramus;
682 5097 888 5194 ceterisque
917 5095 1108 5170 cornaviis
1137 5094 1438 5192 quibuscumque.

140 5213 260 5294 lterum
276 5245 358 5296 cum
375 5222 521 5318 difficile
534 5223 630 5298 leret
643 5229 832 5321 presentes
843 5221 983 5297 litteras
996 5219 1043 5294 ad
1057 5218 1198 5318 singula
1208 5241 1350 5317 queque
1362 5217 1444 5292 loca
