3590 6042
125 591 276 656 [1111111111]
450 589 576 646 RERUM
601 589 826 648 UHBANARUM
851 591 1114 652 COMMENTARll.
1417 602 1448 654 111

173 747 342 836 Sabbato,
363 743 486 841 vigilia
502 744 706 834 Trinitatis,
728 743 877 819 luerunt
894 771 1047 844 vespere
1070 747 1107 820 in
1131 749 1275 845 capella
1295 751 1450 848 majore,

131 877 169 946 13
192 871 279 945 dicti
307 871 443 945 mensis
466 870 573 967 junii,
595 873 696 967 Papa
724 875 911 967 presente,
937 872 1074 968 absque
1100 875 1453 950 commemoratione

127 996 328 1084 dominice;
355 1001 393 1069 et
421 995 608 1069 dominica
638 994 822 1090 sequenti,
852 996 944 1069 leste
972 996 1179 1086 Trinitatis,
1213 1004 1255 1071 14
1288 999 1453 1097 ejusdem

127 1121 275 1212 mensis,
304 1125 430 1194 Rmus.
461 1125 504 1194 D.
535 1119 736 1193 cardinalis
765 1122 1041 1194 Beneventanus
1072 1122 1270 1197 celebravit
1301 1126 1452 1199 missam

128 1246 322 1320 solemnem
349 1247 387 1319 in
415 1246 545 1320 eadem
572 1243 727 1341 capella,
754 1247 854 1340 Papa
880 1245 990 1319 etiam
1017 1254 1212 1343 presente;
1243 1272 1452 1323 sermonem

127 1371 206 1446 lecit
227 1375 272 1444 D.
297 1370 482 1445 Mattheus
506 1369 686 1444 Canarius
708 1369 918 1466 capellanus
941 1370 1035 1443 Rmi.
1058 1375 1101 1444 D.
1123 1373 1322 1447 cardinalis
1344 1375 1453 1472 Agri-

127 1497 272 1593 gentini.
290 1497 410 1570 Finita
425 1495 550 1585 missa,
570 1497 669 1591 Papa
687 1493 871 1567 commisit
884 1495 973 1568 mihi
993 1496 1091 1591 quod
1111 1497 1271 1572 lacerem
1288 1497 1452 1572 intimari

128 1621 396 1716 processionem
412 1621 496 1694 lesti
520 1619 696 1717 Corporis
719 1617 854 1692 Christi
877 1643 945 1716 pro
966 1621 1074 1712 hora,
1095 1621 1192 1696 inter
1216 1623 1450 1697 undecimam

126 1751 158 1818 et
172 1745 366 1835 decimam,
386 1771 452 1844 per
469 1746 576 1822 Viam
595 1747 731 1819 Nouam
751 1767 866 1841 usque
883 1745 930 1818 ad
946 1746 1095 1819 domum
1111 1747 1205 1821 Rmi.
1224 1753 1268 1822 D.
1287 1749 1452 1822 cardina-

126 1869 166 1942 lis
184 1895 211 1943 s.
232 1871 432 1946 Clementis
450 1875 486 1946 et
502 1871 587 1946 inde
606 1894 673 1967 per
690 1869 798 1946 Viam
817 1871 989 1943 Sanctam
1009 1871 1054 1945 ad
1073 1871 1263 1948 basilicam
1282 1899 1311 1946 s.
1334 1874 1448 1964 Petri,

126 1999 158 2068 et
174 1997 269 2092 quod
293 1997 501 2071 cardinales
523 2001 701 2070 ornarent
722 1993 815 2066 viam
835 1995 965 2090 pannis
988 1999 1075 2090 suis,
1096 2021 1200 2073 more
1223 1999 1345 2072 solito.
1366 1999 1450 2072 Feci

128 2125 321 2217 propterea
335 2121 554 2195 officialibus
569 2117 732 2195 intimari
747 2119 1023 2214 processionem
1039 2124 1245 2220 predictam
1260 2147 1327 2220 per
1343 2124 1452 2197 cedu-

127 2245 175 2318 las
191 2247 332 2320 tenoris
351 2248 606 2346 subsequentis
626 2272 634 2321 :

171 2403 187 2440 u
216 2377 268 2447 De
289 2374 463 2447 mandato
482 2369 545 2448 SS.
568 2377 609 2446 D.
631 2376 673 2447 N.
695 2367 792 2473 Pape
814 2375 1011 2449 mandatur
1033 2372 1184 2472 singulis
1206 2373 1450 2472 infrascriptis

128 2496 338 2570 officialibus
360 2503 540 2595 quotenus
561 2498 620 2570 die
638 2498 732 2596 jovis
758 2505 800 2573 18
824 2499 1006 2597 presentis
1034 2498 1170 2571 mensis
1185 2498 1292 2595 junii,
1313 2497 1450 2571 lestini-

130 2621 204 2694 tatis
222 2622 464 2695 sacratissimi
484 2623 653 2720 corporis
676 2623 825 2714 Christi,
847 2625 914 2696 sub
936 2647 1032 2720 pena
1053 2623 1213 2720 quinque
1232 2622 1451 2696 ducatorum

128 2747 200 2819 auri
226 2771 375 2822 camere
404 2747 605 2845 apostolice
631 2749 936 2823 irremissibiliter
961 2747 1266 2846 applicandorum
1292 2749 1450 2822 debeant

128 2869 214 2944 inter
230 2871 367 2946 horam
384 2895 519 2946 nonam
538 2875 574 2944 et
591 2871 772 2946 decimam
788 2874 825 2946 in
844 2873 1204 2971 palatiu'apostolico
1223 2872 1319 2970 apud
1336 2897 1365 2944 s.
1385 2875 1449 2946 Pe-

129 2997 232 3084 trum,
261 2996 363 3071 intra
394 2998 553 3094 primam
584 3004 747 3094 portam,
776 2997 932 3088 ibidem,
962 2997 1149 3086 incuria,
1181 3021 1264 3071 cum
1296 2995 1448 3094 singulis

128 3115 309 3194 intortitiis
336 3121 516 3212 honestis,
537 3125 729 3218 presentes
747 3147 826 3195 esse
846 3127 883 3196 et
905 3123 1034 3196 exinde
1057 3121 1382 3218 processionaliter
1404 3145 1447 3194 ex

128 3243 242 3318 ordine
273 3246 497 3348 procedere,
520 3249 630 3342 prout
657 3250 699 3318 R.
726 3249 768 3318 D.
795 3247 1022 3344 gubernator
1051 3245 1157 3318 Urbis
1184 3245 1376 3336 ordinarit,
1402 3268 1445 3318 ac

129 3369 362 3461 personaliter
392 3395 457 3444 sua
483 3364 663 3443 intortitia
689 3370 852 3461 deferre,
882 3375 918 3444 et
948 3393 1062 3466 usque
1092 3369 1139 3442 ad
1166 3368 1444 3466 processionem

128 3493 352 3590 completam,
374 3495 411 3568 in
428 3519 472 3568 ea
489 3517 707 3592 permanere
726 3495 793 3568 sub
810 3496 939 3568 eadem
960 3519 1055 3591 pena
1076 3516 1084 3564 :

169 3645 183 3680 u
209 3617 539 3692 Abbreviatoribus
557 3619 766 3694 litterarum
784 3621 1089 3718 apostolicorum,

170 3769 184 3806 r
211 3741 401 3839 Magistris
419 3743 574 3839 plumbi,

171 3895 185 3930 u
211 3867 375 3940 Notariis
393 3871 488 3956 rote,

170 4021 184 4056 «
212 3993 374 4067 Notariis
393 3992 572 4067 auditoris
590 4015 749 4082 camere,

172 4145 186 4182 u
209 4116 534 4204 Procuratoribus,

171 4271 185 4306 u
212 4241 482 4330 Bullatoribus;

172 4395 187 4428 u
199 4369 282 4438 'Per
299 4366 586 4463 gubernatorem
604 4362 711 4436 Urbis
730 4366 766 4436 et
782 4362 1139 4438 vicecancellarium.

173 4519 187 4552 1
213 4493 265 4562 De
287 4489 460 4562 mandato
483 4489 547 4562 SS.
571 4492 614 4562 D.
641 4487 757 4562 nostri
783 4490 893 4584 Papa,
919 4488 1116 4562 mandatur
1138 4487 1290 4587 singulis
1311 4488 1443 4564 infras-

132 4615 261 4710 criptis,
284 4620 464 4712 quatenus
491 4614 558 4686 sub
585 4637 680 4710 pena
706 4613 926 4687 ducatorum
950 4615 1078 4688 decem
1105 4615 1185 4688 auri
1212 4615 1257 4688 de
1280 4638 1440 4705 camera,

131 4761 264 4814 camere
287 4739 487 4838 apostolice
515 4739 820 4812 irremissibiliter
848 4739 1166 4836 applicandorum,
1191 4740 1350 4814 debeant
1378 4764 1444 4837 per

132 4867 235 4940 totum
263 4873 473 4964 presentem
500 4866 614 4952 diem,
648 4870 691 4938 16
725 4865 907 4962 presentis
937 4866 1073 4940 mensis
1096 4866 1207 4964 junii,
1238 4864 1391 4938 dedisse·
1408 4865 1443 4939 in

131 4991 264 5089 scriptis
287 4995 331 5066 D.
356 4991 511 5064 Iohanni
536 4989 765 5079 Burchardo,
785 4990 962 5089 magistro
985 4991 1282 5064 ceremoniarum
1304 4990 1444 5088 capelle

132 5115 343 5206 Sanctitatis,
362 5141 428 5190 sua
442 5115 598 5190 nomina¹
610 5119 645 5189 et
664 5116 884 5213 cognomina
900 5116 1062 5192 omnium
1080 5114 1295 5190 olticialium
1313 5115 1445 5212 quibus

132 5239 189 5336 ipsi
205 5247 371 5340 presunt,
393 5266 456 5315 seu
476 5265 633 5338 quorum
653 5240 721 5337 ipsi
739 5239 916 5315 officiales
937 5241 993 5316 vel
1010 5239 1190 5338 capellani
1209 5239 1381 5330 existunt,
1402 5265 1444 5314 ac
