3554 6042
117 578 206 641 [tvi-il
222 579 301 642 1506]
448 576 594 634 =RERUM
620 577 848 635 URBANARUM
872 579 1135 638 COMMENTAHII.
1420 589 1470 646 421

119 733 276 806 luerunt
307 729 491 804 matutine
516 730 764 822 tenebrarum,
790 735 887 828 Papa
910 735 1079 822 absente;
1109 735 1304 810 cardinalis
1330 741 1470 836 primus

120 857 211 931 dixit
229 856 461 944 orationem,
480 862 515 930 et
532 855 775 928 interfuerunt
795 856 943 953 triginta
962 884 1054 932 unus
1074 861 1295 936 cardinales.

169 980 348 1054 Sabbato
366 983 505 1061 sancto,
528 984 567 1052 ll
590 979 728 1076 aprilis,
750 980 944 1056 cardinalis
960 983 1243 1082 Senogalliensis
1262 988 1464 1065 celebravit

120 1107 280 1180 missam
309 1109 351 1178 et
378 1103 539 1178 olficium
567 1100 741 1194 solemne,
772 1107 870 1202 Papa
895 1112 1080 1202 presente.
1101 1113 1276 1184 Cantores
1301 1113 1470 1190 dixerunt

120 1229 371 1329 prophetias;
397 1230 483 1302 dum
509 1229 693 1304 diceretur
714 1254 821 1304 sacra
844 1233 1050 1328 prophetia,
1079 1237 1178 1331 Papa
1198 1237 1359 1311 sentiens
1387 1264 1469 1314 cor-

123 1355 228 1453 poris
263 1355 474 1428 motionem
502 1353 564 1427 ivit
588 1377 670 1428 cum
701 1355 843 1428 duobus
873 1357 1117 1432 cardinalibus
1145 1360 1400 1438 assistentibus
1428 1366 1475 1440 ad

124 1477 359 1570 sacristiam,
381 1476 427 1550 ad
447 1477 719 1552 exonerandum
734 1483 898 1553 ventrem
916 1484 953 1554 et
974 1481 1229 1556 adhibendum
1244 1512 1252 1572 ;
1273 1489 1309 1558 et
1326 1487 1371 1559 ad
1386 1488 1473 1562 duo-

125 1603 319 1678 decimam
346 1601 580 1700 prophetiam
603 1602 714 1676 rediit
740 1603 784 1676 ad
809 1605 1001 1701 capellam.
1037 1610 1079 1679 l).
1111 1607 1197 1682 Ciho
1226 1609 1473 1686 subdiaconus

127 1727 325 1802 nunciavit
344 1731 442 1824 Papo
462 1725 622 1816 alleluia,
640 1727 737 1822 quod
756 1727 834 1825 ipse
857 1729 972 1803 noluit
988 1729 1171 1822 intonare,
1197 1733 1262 1807 sed
1284 1735 1472 1812 celebrans

128 1853 329 1927 intonavit.
352 1851 480 1926 Omnia
495 1851 602 1942 bene,
624 1874 725 1926 more
745 1853 865 1928 solito.

176 1977 380 2053 Dominica
408 1976 695 2051 resurrectionis
727 1978 885 2070 Domini,
920 1985 963 2053 12
997 1981 1137 2078 aprilis,
1167 1985 1231 2059 SS.
1268 1987 1311 2058 D.
1346 1992 1472 2064 noster

129 2105 229 2176 venit
253 2103 359 2178 circa
383 2102 517 2176 horam
541 2101 796 2176 duodecimam
823 2103 869 2178 ad
890 2104 1077 2179 basilicam
1098 2131 1127 2182 s.
1155 2109 1264 2200 Petri,
1294 2111 1354 2186 uhi
1378 2113 1472 2189 cele-

130 2227 248 2302 bravit
274 2229 430 2302 missam
456 2225 669 2300 solemnem.
692 2227 942 2302 Interiuerunt
960 2230 1085 2328 viginti
1102 2237 1233 2328 quator
1250 2237 1469 2328 cardinales,

132 2355 311 2428 videlicet
330 2376 457 2428 omnes
476 2351 514 2426 in
541 2351 638 2427 Urbe
663 2357 868 2450 presentes,
898 2359 1052 2451 excepto
1081 2354 1327 2432 Ulirbonensi.
1357 2361 1472 2434 Assis-

136 2485 215 2552 tens
238 2479 312 2552 luit
336 2477 531 2552 cardinalis
562 2501 591 2550 e.
613 2477 801 2565 Praxedis;
829 2478 1057 2575 evangelium
1083 2479 1173 2552 dixit
1199 2504 1352 2577 grecum
1375 2487 1472 2558 Cosi-

135 2627 230 2694 mus,
255 2605 457 2702 episcopus
474 2601 679 2691 Arretinus,
701 2601 892 2699 epistolam
910 2603 1130 2678 Demetrius.
1153 2605 1315 2680 Primam
1338 2631 1471 2704 aquam

136 2729 233 2802 dedit
268 2732 403 2802 orator
438 2726 682 2816 Florentinus,
725 2726 922 2801 secundam
955 2733 1082 2802 orator
1110 2732 1285 2820 Venetus,
1323 2733 1470 2808 tertiam

137 2861 283 2928 senator
320 2851 444 2941 Urbis,
478 2857 646 2948 quartam
678 2851 876 2948 prefectus,
906 2856 1004 2950 Papa
1031 2854 1312 2930 communicavit
1344 2878 1470 2934 omnes

138 2978 349 3054 cardinales
371 2977 546 3051 diaconos
566 2981 603 3051 et
623 2982 694 3050 tres
715 2977 865 3068 eleetos,
892 2984 928 3052 et
947 2977 1051 3068 alios,
1075 2985 1253 3076 quotquot
1275 2989 1467 3059 venerunt.

138 3103 287 3177 lnterim
305 3107 456 3176 ostensa
470 3101 617 3174 luerunt
634 3101 763 3176 lancea
773 3107 810 3176 et
826 3103 945 3177 vultus
963 3102 1121 3192 Domini,
1143 3112 1181 3177 ut
1198 3105 1354 3203 populus
1372 3107 1471 3182 redi·

139 3235 190 3302 ret
211 3229 256 3303 ad
275 3229 402 3304 locum
420 3226 686 3302 benedictionis
703 3225 822 3318 solite,
841 3236 877 3302 et
891 3227 1089 3317 benedixit,
1112 3231 1149 3302 et
1169 3229 1270 3304 dedit
1286 3231 1470 3328 plenarias

139 3351 397 3452 indulgentias,
416 3376 506 3450 quas
530 3351 805 3449 publicaverunt
826 3353 986 3428 Medicas
1005 3359 1042 3428 et
1063 3354 1257 3446 Columna;
1279 3356 1348 3432 alia
1364 3381 1469 3432 more

141 3477 257 3554 solito.

184 3609 284 3680 Lune
302 3605 456 3694 Pascha,
481 3609 523 3678 13
538 3602 674 3700 aprilis,
695 3603 892 3676 cardinalis
911 3626 941 3676 s.
960 3603 1084 3678 Crucis
1102 3603 1303 3678 celebravit
1320 3605 1469 3681 missam

141 3728 339 3806 solemnem
357 3731 396 3804 in
411 3727 551 3826 capella
567 3729 718 3825 maJ'ore,
741 3731 840 3825 Papa
850 3727 1016 3818 absente3
1037 3728 1188 3802 nonfuit
1204 3753 1339 3804 sermo.

188 3855 326 3930 Eadem
339 3854 411 3945 die,
426 3858 510 3950 post
523 3852 652 3927 horam
668 3852 892 3950 vigesimam,
914 3876 981 3949 per
997 3859 1141 3951 portam
1160 3853 1332 3929 Viridarii
1354 3855 1469 3930 intra-

143 3988 266 4056 verunt
290 3982 329 4054 in
346 3981 480 4054 Urbem
499 3983 654 4075 quatuor
666 3985 832 4052 oratores
851 3977 954 4053 ducis
972 3977 1165 4070 Sabaudie,
1193 3978 1359 4054 videlicet
1377 3982 1470 4078 epis-

144 4127 250 4203 copus
260 4104 540 4195 MaurianensiS,
551 4103 751 4202 Mauiredy,
766 4103 810 4176 de
823 4104 981 4178 Saleotio
993 4104 1161 4178 dominus
1173 4106 1307 4179 etharo
1318 4108 1465 4198 Caretti,

143 4230 300 4307 Andreas
331 4235 376 4306 de
401 4229 592 4320 ProvaniS,
622 4229 910 4327 protonotarius,
943 4234 980 4304 et
1010 4229 1198 4327 Philippus
1222 4229 1466 4323 tiheureriuS,

143 4354 226 4449 juris
240 4359 429 4454 utriusque
445 4356 588 4444 doctor;
603 4361 731 4430 etcum
748 4355 800 4430 eis
813 4353 1022 4428 nominatus
1037 4354 1228 4428 dicebatur
1239 4359 1282 4429 D.
1297 4358 1471 4432 Hercules

147 4477 329 4572 dehzeli0,
349 4505 393 4557 ex
406 4480 678 4555 marchionibus
689 4479 732 4554 de
743 4479 878 4570 Azalio,
892 4477 1044 4554 scutifer
1055 4480 1148 4554 Rmi.
1168 4480 1363 4554 cardinalis
1374 4485 1469 4557 Nea-

148 4604 302 4697 politani.
315 4611 475 4682 Fuerunt
485 4605 624 4703 recepti
635 4603 808 4679 aiamiliis
819 4607 914 4702 Pape
925 4611 960 4680 et
969 4603 1221 4697 cardinalium,
1235 4628 1336 4681 more
1346 4607 1467 4683 solito.

150 4728 291 4807 Familia
314 4737 410 4830 Pape
427 4755 501 4806 non
517 4731 614 4804 venit
639 4753 751 4827 usque
775 4731 820 4802 ad
844 4729 1084 4804 Ponticellum
1105 4735 1256 4828 propter
1272 4731 1471 4806 multitudi-

150 4873 226 4928 nem
254 4857 534 4949 advenientium,
561 4857 626 4931 sed
643 4857 778 4929 mansit
802 4855 912 4944 citra;
938 4862 1101 4930 oratores
1127 4855 1335 4930 hahuerunt
1357 4881 1470 4954 equos

153 4976 287 5057 circiter
304 4983 491 5080 octoginta
506 4989 541 5057 et
558 4982 691 5056 salmas
711 4980 1004 5078 quatuordecim
1026 4981 1164 5078 primus
1185 4983 1358 5078 equitavit
1376 4984 1471 5058 inter

151 5105 340 5195 prefectum
357 5107 523 5181 adextris
538 5113 573 5182 et
589 5108 872 5206 gubernatorem
887 5105 993 5180 Urbis
1010 5128 1031 5179 a
1048 5106 1214 5198 sinistris,
1231 5107 1307 5180 sine
1323 5109 1468 5206 capulio

153 5232 241 5321 quod
265 5233 509 5308 Bernardinus
531 5232 618 5306 lecit
644 5232 842 5329 deponere,
870 5231 907 5304 in
939 5256 1012 5328 quo
1039 5232 1133 5306 male
1160 5233 1265 5325 lecit;
1286 5235 1467 5310 secundus
