3506 6034
80 575 187 636 [Octobrc
203 573 270 632 15031
403 571 529 626 RERUM
556 572 780 630 URBANARUbl
800 573 1060 631 COMMENTARU.
1341 577 1393 631 ‘285

81 727 253 802 ecclesiam
269 749 298 796 s.
321 724 411 798 Celsi
430 730 466 796 et
482 724 630 796 diversis
644 725 722 796 aliis
739 726 828 798 locis
845 751 910 822 per
925 727 1058 800 Urbem
1075 727 1186 800 etiam
1205 727 1242 798 in
1258 731 1393 824 Campo

82 853 168 926 Flore
194 849 289 944 quod
315 872 443 922 omnes
469 849 595 920 vassali
621 861 656 921 et
680 850 813 923 subditi
845 853 1056 925 eorumdem
1083 852 1179 947 regis
1203 857 1239 924 et
1268 853 1390 947 regine

80 977 124 1050 vel
142 976 182 1047 ad
203 998 331 1046 eornm
357 974 603 1047 obedientiam
629 975 754 1070 quovis
783 977 891 1048 modo
911 983 1132 1072 spectantur,
1167 977 1325 1050 debeant
1340 977 1391 1050 ire

80 1102 115 1173 ad
129 1123 296 1196 magnum
318 1100 554 1194 Capitoneum
572 1123 655 1172 cum
672 1123 715 1172 eo
743 1103 948 1196 pugnaturi,
968 1100 1027 1196 qni
1045 1101 1096 1170 eis
1113 1100 1213 1172 dabit
1229 1101 1390 1186 soldnm3

79 1225 139 1318 qui,
157 1223 221 1294 nisi
237 1223 403 1309 fecerint,
430 1224 550 1294 omnia
566 1246 692 1295 eorum
710 1223 818 1304 bona,
845 1225 1018 1312 liliorum,
1040 1225 1392 1322 consanguineorum

80 1348 376 1444 proscriberentur
391 1357 426 1419 el
445 1347 617 1419 continuo
634 1349 862 1442 punirentur.

117 1473 175 1544 Die
191 1471 384 1558 dominica,
408 1477 449 1543 15
468 1473 641 1558 octobris,
660 1473 757 1544 cirea
772 1473 899 1546 horam
920 1475 1073 1570 prandii,
1095 1475 1165 1546 dux
1182 1474 1394 1548 Valentinus

80 1597 212 1670 recessit
235 1618 280 1668 ex
300 1596 394 1668 Urbe
418 1619 500 1666 cum
526 1597 625 1667 omni
645 1605 752 1692 gente
778 1621 843 1669 sna
868 1621 932 1694 per
959 1605 1098 1694 portam
1123 1603 1154 1673 V
1158 1599 1311 1686 iridarii,
1330 1600 1395 1670 fin-

80 1745 155 1817 gens
186 1743 224 1790 se
252 1720 388 1794 iturum
404 1720 489 1792 alibi
522 1727 561 1792 ut
596 1732 830 1816 cognosceret
867 1747 1012 1795 suorum
1042 1723 1202 1818 equiturn
1232 1724 1392 1796 animum

82 1844 246 1940 usquead
270 1847 511 1917 Lazarettum.
539 1845 659 1940 Aliqui
686 1847 798 1918 exeis
823 1853 1129 1932 retrocesserunt,
1157 1855 1192 1920 et
1217 1848 1334 1920 Ursini
1358 1848 1391 1920 id

83 1968 311 2062 intelligentes
342 1970 508 2042 exierunt
535 1994 600 2066 per
629 1977 772 2065 portam
802 1996 831 2043 s.
865 1973 1055 2060 Pancratii,
1088 1979 1124 2044 et
1156 1971 1393 2068 precedentes

81 2094 199 2168 ducem
218 2095 439 2168 veneruntoi
456 2096 610 2166 obviam.
634 2099 713 2166 ltux
729 2096 846 2168 timuit
871 2105 905 2168 et
929 2097 1099 2170 rediitad
1122 2097 1255 2171 Urbem
1271 2097 1307 2167 in
1332 2119 1396 2191 pa-

80 2219 157 2291 latio
177 2221 235 2292 ubi
261 2225 430 2316 receptus
458 2220 525 2292 luit
550 2220 585 2290 in
605 2243 754 2292 camera
782 2220 978 2292 cardinalis
1011 2221 1327 2318 Rothomagensis,
1362 2227 1398 2292 et

82 2353 197 2438 gentes
215 2367 279 2417 suc
296 2350 550 2416 remanserunt
566 2343 600 2414 in
620 2344 741 2438 platea
759 2369 787 2416 s.
814 2345 922 2431 Petri,
938 2346 1185 2442 custodientes
1207 2345 1395 2440 palatium.

84 2468 191 2539 l'rsini
207 2470 484 2541 combusserunt
499 2475 638 2564 portam
655 2470 853 2542 Turrionis.
873 2473 964 2559 Dux,
979 2493 1043 2564 pro
1059 2469 1186 2567 majori
1204 2469 1398 2542 securitate

82 2616 149 2678 sua,
167 2593 297 2666 duetus
326 2594 391 2665 luit
418 2617 481 2688 per
505 2593 736 2666 curritoriurn
762 2593 914 2666 interius
942 2595 987 2666 ad
1011 2584 1170 2666 castrum
1198 2617 1226 2664 s.
1251 2592 1394 2688 Angeli,

81 2717 267 2789 associatus
289 2742 310 2789 a
332 2718 576 2790 cardinalibus
603 2718 814 2806 Arborensi,
843 2718 1085 2806 SalernitanO,
1115 2716 1330 2790 Surrentino
1363 2720 1400 2787 ct

83 2841 201 2932 Borgia
223 2847 260 2914 el
284 2842 429 2914 tandem
456 2865 520 2937 por
543 2841 744 2930 castellum,
769 2841 1006 2914 demandato
1034 2845 1144 2937 Pape,
1169 2841 1398 2914 intromissus

81 2985 152 3035 cum
182 2966 323 3038 duobus
351 2966 544 3038 infantibus
564 2973 598 3039 et
628 2973 783 3060 quatuor
807 2967 1058 3054 servitoribus,
1083 2971 1119 3038 el
1147 2988 1229 3037 cum
1258 2965 1399 3037 duobus

83 3092 208 3160 tantum
229 3091 462 3164 servitoribus
488 3092 626 3186 positus
652 3101 704 3162 cst
722 3091 768 3163 ad
793 3097 952 3163 castrum
976 3092 1161 3187 superius,
1187 3113 1252 3186 pro
1270 3090 1399 3186 majori

32 3272 34 3280 ,
82 3213 267 3287 securitate
297 3215 497 3304 castellani,
532 3215 610 3287 aliis
641 3215 751 3286 etiam
782 3215 961 3302 remissis;
986 3222 1022 3287 et
1046 3215 1119 3286 filie
1152 3237 1216 3288 sue
1253 3214 1401 3288 luerunt

82 3337 180 3408 ctiam
199 3339 306 3412 dnote
323 3339 370 3412 ad
385 3349 543 3412 castrum
559 3341 761 3436 predictum
780 3364 845 3434 per
861 3340 955 3411 illius
969 3349 1121 3436 portam.

125 3464 185 3536 Die
208 3464 348 3554 martis,
378 3471 419 3536 17
444 3466 616 3552 octobris,
649 3469 747 3560 Papa
776 3465 945 3536 inmane
976 3465 1040 3538 luit
1069 3465 1359 3538 communicatus
1379 3488 1404 3538 a

83 3585 281 3658 confessore
303 3611 383 3676 suo,
410 3594 446 3660 et
468 3589 504 3658 in
531 3594 638 3660 nocte
662 3587 827 3682 sequenti
853 3587 919 3658 sibi
941 3588 1026 3658 data
1041 3599 1206 3660 extrema
1228 3586 1399 3658 unctione

83 3731 139 3802 per
157 3712 339 3784 eumdem.
367 3713 470 3784 Circa
485 3713 665 3784 decimam
682 3713 808 3782 horam
830 3712 945 3784 noctis
968 3711 1088 3784 emisit
1101 3711 1279 3806 spiritum,
1297 3709 1400 3804 cujus

84 3835 193 3907 anima
207 3837 411 3931 requiescat
427 3838 463 3908 in
479 3861 570 3934 paee
587 3836 649 3934 (l)!

126 3959 184 4030 Fui
201 3959 322 4031 statim
340 3967 486 4033 vocatus
497 3985 562 4056 per
572 3961 851 4057 paralrenarios,
867 3961 948 4032 veni
965 3960 1011 4032 ad
1027 3959 1212 4055 palatium.
1228 3962 1326 4055 Papa
1340 3958 1405 4030 luit

85 4077 180 4170 lotus,
197 4091 348 4178 paratus
362 4085 521 4156 vestibus
535 4091 570 4156 et
590 4085 672 4157 inde
691 4089 853 4180 portatus
869 4084 912 4154 ad
928 4084 1190 4175 anticameram
1209 4105 1326 4170 suam,
1344 4081 1405 4154 ubi

86 4226 183 4300 supra
198 4207 333 4280 lectum
350 4209 480 4281 velluto
498 4209 599 4280 viridi
623 4232 731 4306 super
753 4209 990 4282 mataracium
1010 4213 1237 4303 coopertum,
1259 4207 1407 4278 indutus

115 4399 137 4454 l.
157 4399 267 4458 Comme
282 4419 317 4457 on
333 4400 367 4457 l’a
382 4419 418 4457 vu
432 4401 494 4476 plus
511 4403 588 4472 haut,
605 4407 621 4458 a
640 4402 665 4458 la
678 4403 742 4459 date
757 4403 792 4456 du
806 4406 840 4456 27
862 4401 1026 4476 septembre,
1042 4400 1065 4456 le
1080 4419 1151 4475 pape
1167 4400 1239 4457 avait
1258 4399 1320 4456 subi
1335 4399 1407 4454 deux

86 4485 206 4546 incisione
220 4495 276 4546 tres
297 4489 526 4547 douloureusesa
548 4492 574 4547 la
588 4491 694 4558 cuisse;
709 4492 732 4547 le
755 4493 789 4547 12
807 4491 925 4558 octobre,
941 4491 958 4545 il
975 4490 1049 4546 avait
1063 4491 1120 4565 pris
1136 4508 1189 4546 une
1204 4489 1345 4545 me'decine
1360 4486 1407 4559 qui

87 4575 176 4635 n'avait
199 4579 249 4636 leit
263 4583 445 4654 qn'aggraver
460 4599 511 4636 son
533 4586 589 4638 etat
604 4581 728 4650 maladil;
743 4598 797 4637 une
816 4580 899 4636 bevre
914 4579 1032 4637 violente
1047 4579 1113 4638 etait
1135 4596 1270 4636 survenue
1290 4592 1408 4650 presque

87 4667 192 4724 aussitdt
206 4669 253 4741 qui
279 4669 419 4742 l'emporta
433 4669 457 4724 le
479 4671 563 4725 mardi
579 4671 701 4730 suivant.
731 4672 801 4747 Voy.
823 4669 997 4738 Giustinicni,
1021 4677 1040 4726 t.
1058 4670 1093 4738 ll,
1117 4687 1148 4744 p.
1167 4670 1221 4724 240
1235 4675 1262 4722 et
1283 4664 1365 4732 suiv,
1382 4669 1410 4719 et

88 4749 195 4824 ainaldi,
212 4765 237 4815 t.
257 4759 343 4826 XXX,
360 4776 386 4831 p.
408 4758 470 4816 393,
487 4758 580 4815 Pietro
599 4761 696 4816 Deldni
717 4761 763 4834 qui
778 4759 852 4816 avait
872 4757 969 4815 felicite
985 4759 1008 4814 le
1029 4775 1098 4832 pape
1113 4759 1147 4814 de
1162 4774 1212 4813 son
1236 4752 1410 4812 accessione

88 4838 190 4914 latiare,
205 4848 294 4920 etqui
310 4847 347 4902 lui
358 4847 459 4921 portait
474 4847 618 4904 l'allection
630 4849 655 4906 la
669 4850 731 4924 plus
747 4851 816 4920 vive,
827 4849 927 4906 faisant
941 4847 1072 4903 rellexiun
1088 4865 1136 4903 sur
1150 4849 1191 4902 les
1206 4843 1346 4901 melheurs
1360 4841 1409 4897 des

87 4935 173 5004 temps,
191 4953 219 4992 se
234 4935 357 4992 ldlicitait
376 4953 495 5010 presque
508 4938 546 4992 du
567 4938 663 5010 depart
681 4941 714 4996 de
733 4957 783 4995 son
797 4937 851 4995 ami
866 4955 935 5011 pour
949 4955 980 4992 ce
1000 4937 1091 5010 sejour
1105 4941 1141 4994 od
1164 4935 1182 4990 il
1197 4931 1309 5009 pouvait
1324 4929 1409 4999 enlin,

89 5035 142 5076 sans
163 5024 247 5080 voiles
271 5026 433 5100 mystiques
451 5026 618 5100 contempler
635 5027 692 5083 lace
706 5033 722 5084 a
737 5029 794 5084 lace
815 5027 840 5084 la
861 5027 973 5100 majesta
994 5025 1095 5082 divine.
1116 5048 1164 5082 α...
1183 5044 1217 5081 ex
1237 5039 1269 5080 eo
1289 5021 1348 5077 loco
1362 5017 1410 5075 ubi

89 5123 151 5166 nunc
163 5112 222 5169 cibo
236 5117 311 5190 regio
324 5123 351 5172 et
366 5115 503 5172 ambrosia
515 5116 645 5186 vescitur,
662 5117 708 5173 ubi
723 5137 777 5175 non
793 5135 847 5173 non
860 5117 917 5190 jam
932 5133 980 5189 per
994 5115 1135 5189 speculum
1147 5115 1174 5170 in
1189 5113 1344 5186 aenigmate,
1361 5108 1410 5164 sed

91 5193 148 5255 lacie
162 5202 194 5257 ad
210 5204 302 5263 taciem
318 5205 436 5264 divinam
452 5203 524 5260 illam
541 5206 741 5282 contemplatur
754 5208 936 5282 majestatem,
952 5205 976 5261 si
991 5222 1117 5269 revocare
1129 5207 1218 5280 ipsum
1233 5205 1323 5266 liceat,
1341 5216 1410 5256 nun-
