3554 6042
65 571 163 634 [nnn
180 572 254 632 iso]
425 566 553 625 annun
578 565 803 624 unumunurn
822 543 1082 624 oouunvrinu.
1306 643 1310 650 ,
1363 567 1415 644 aa

69 725 197 822 gratis
214 724 251 798 in
268 723 398 812 torma,
416 720 491 795 visa
504 720 635 818 gratis3
658 720 798 794 notario
816 721 967 795 Camillo
988 744 1055 818 pro
1075 722 1322 820 resignatione
1340 723 1413 798 sive
1455 713 1461 722 '

69 873 280 940 consensu,
303 848 468 922 carlenos
488 852 576 934 tres,
599 846 636 918 in
649 845 817 942 plumbo;
838 847 928 920 nihil
946 855 1070 920 tamen
1086 846 1214 922 donavi
1232 849 1298 923 eis.

126 979 245 1064 Lune,
265 979 309 1046 27
326 971 464 1070 aprilis,
483 971 550 1042 luit
563 973 748 1043 secretum
767 971 1036 1062 consistorium,
1055 971 1092 1044 in
1108 972 1188 1046 aula
1206 974 1410 1072 Papagalli;

67 1099 303 1196 interrogavi
321 1100 472 1194 Papam,
493 1095 522 1167 si
539 1095 648 1167 vellet
668 1095 844 1168 associari
865 1095 1085 1170 cardinalem
1104 1121 1133 1170 s.
1154 1097 1294 1188 vivalis,
1318 1099 1415 1195 lega-

69 1231 161 1299 tum
191 1223 426 1310 Perusinum;
459 1221 698 1316 interrogavit
725 1220 754 1292 si
790 1226 888 1293 esset
915 1220 1080 1310 solitum3
1116 1223 1289 1320 respondi
1320 1247 1410 1306 non;

70 1350 175 1424 dixit
200 1375 208 1423 :
233 1355 397 1423 servetur
421 1347 659 1421 consuetudo.
690 1348 848 1442 Legatos
873 1345 944 1418 hoc
973 1346 1180 1443 intelligens
1209 1371 1297 1444 egre
1333 1351 1414 1424 tulit

68 1474 337 1573 hujuscemodi
353 1497 473 1546 meam
496 1470 818 1567 interrogationem
838 1493 859 1543 a
878 1475 987 1566 Papa,
1005 1477 1040 1545 et
1059 1472 1157 1569 quod
1180 1473 1336 1547 debebat
1358 1475 1414 1547 in-

72 1605 291 1696 terrogasse
310 1599 396 1696 quid
420 1597 639 1686 laciendum,
658 1595 829 1692 respondi
847 1619 905 1668 me
926 1618 998 1670 non
1018 1620 1099 1672 esse
1115 1597 1153 1670 in
1171 1597 1360 1673 dominum
1380 1605 1415 1672 et

72 1727 179 1823 quod
203 1731 299 1800 esset
314 1723 400 1798 satis
419 1723 510 1795 mihi
532 1722 660 1796 horam
681 1721 780 1819 prius
803 1722 935 1795 dicere.
957 1722 1107 1822 Rogavit
1126 1747 1186 1797 mo
1202 1748 1249 1798 ne
1268 1724 1335 1798 sibi
1355 1749 1414 1800 me

74 1873 322 1949 opponerem,
351 1849 436 1947 quia
461 1847 625 1922 dicturus
647 1850 744 1921 esset
771 1851 880 1944 Papo,
909 1848 1007 1944 quod
1025 1827 1152 1922 verum
1177 1855 1286 1939 esset,
1317 1852 1414 1947 quod

73 1977 195 2074 legati
221 1977 258 2049 in
287 1975 392 2049 terris
423 1973 578 2048 ecclesie
606 1995 680 2046 non
712 1972 986 2048 associarentur
1014 1975 1051 2046 in
1078 1998 1241 2067 recessu,
1271 1977 1414 2072 quando

72 2103 180 2200 prius
197 2109 318 2174 essent
338 2099 508 2175 associati
530 2099 566 2172 in
591 2099 820 2188 consistorio,
843 2099 880 2172 in
897 2099 1146 2196 designatione
1167 2124 1293 2174 eorum
1314 2101 1415 2200 lega-

73 2227 210 2316 tionis;
232 2227 296 2299 sed
316 2226 399 2324 quia
414 2225 491 2322 ipse
514 2247 588 2297 non
606 2225 735 2298 luisset
749 2223 950 2298 associatus
968 2225 1005 2297 iu
1026 2225 1084 2298 die
1104 2225 1358 2322 publicationis
1377 2229 1414 2301 in

75 2351 315 2442 consistorio,
346 2349 530 2424 debebant
554 2373 652 2422 nunc
676 2349 866 2440 associari,
896 2361 932 2424 et
957 2351 1053 2447 quod
1077 2349 1147 2424 hec
1171 2351 1307 2426 diceret
1331 2353 1415 2451 quia

75 2476 313 2574 promisisset
332 2475 508 2548 lamiliam
530 2497 645 2562 suam,
670 2483 705 2548 et
723 2481 892 2571 paratum
912 2483 1008 2549 esset
1025 2498 1090 2573 pro
1109 2499 1153 2550 ea
1168 2476 1359 2574 prandium
1377 2477 1413 2549 in
1466 2547 1467 2552 ,

75 2601 243 2699 Populo;
265 2601 436 2697 respondi
449 2599 546 2696 quod
562 2605 685 2697 posset
701 2599 785 2674 illuc
802 2600 857 2672 ire
878 2600 1144 2690 mascheratus3
1168 2601 1255 2676 licet
1274 2601 1414 2677 diceret

75 2731 178 2824 Pape
195 2726 369 2823 quidquid
383 2725 504 2814 vellet,
523 2749 590 2824 ego
606 2749 679 2800 non
691 2749 808 2800 essem
828 2727 990 2802 dicturus
1005 2727 1074 2804 nisi
1085 2728 1172 2824 quid
1188 2728 1409 2802 conveniret.

75 2857 161 2950 lpse
187 2875 272 2927 cum
297 2851 543 2924 Alexandrino
574 2851 636 2925 ivit
662 2850 707 2924 ad
737 2851 913 2948 palatium
941 2877 1013 2926 una
1046 2877 1130 2928 cum
1157 2878 1187 2926 s.
1222 2854 1409 2946 Praxedis,

74 3001 217 3076 rogans
234 2984 273 3050 ut
289 2977 542 3050 associaretur.
565 2980 662 3074 Papa
678 2978 884 3052 convocavit
903 3002 975 3070 me,
992 2983 1029 3053 et
1044 2978 1253 3056 convocavit
1269 2979 1313 3054 de
1329 3004 1413 3054 con-

77 3101 293 3190 suetudine3
324 3103 494 3199 respondi
523 3125 597 3175 non
626 3125 706 3176 esse
735 3113 964 3195 consuetum,
993 3105 1061 3178 nisi
1095 3112 1134 3179 ut
1164 3129 1284 3202 supra.
1318 3105 1413 3180 Dixit

77 3227 350 3302 Alexandrinus
373 3227 475 3322 quod,
490 3251 573 3300 cum
592 3226 630 3300 in
650 3235 769 3302 morte
788 3233 831 3302 ll.
854 3229 1092 3303 ariminensis
1118 3231 1211 3304 bone
1236 3231 1412 3304 memorie

81 3351 281 3442 Nardinus,
300 3351 725 3443 cardinalislllilauensis,
745 3352 873 3428 luisset
889 3354 1099 3452 designatus
1116 3355 1259 3450 legatus
1277 3354 1411 3428 Arimi-

77 3477 217 3567 nensis,
241 3475 307 3550 luit
327 3477 525 3550 associatus
544 3501 564 3551 a
582 3477 827 3552 cardinalibus
845 3487 946 3552 extra
970 3483 1126 3577 portam.
1150 3483 1228 3554 Non
1253 3479 1354 3576 potui
1378 3479 1411 3552 ei

78 3604 305 3700 respondere
321 3604 494 3700 quianon
511 3603 582 3676 vidi
598 3607 635 3678 et
651 3601 809 3676 tuitante
829 3610 972 3701 tempus
989 3603 1100 3678 otticii
1114 3605 1186 3678 mei
1204 3630 1212 3678 :
1227 3629 1256 3678 s.
1279 3607 1411 3680 Praxe-

78 3727 134 3800 dis
148 3727 240 3802 dixit
263 3727 483 3803 cardinalem
510 3729 710 3802 Senensem
731 3727 891 3824 legatum
918 3730 1135 3802 Perusinum
1159 3729 1270 3804 tuisse
1288 3730 1326 3802 in
1349 3753 1410 3803 re-

77 3876 184 3926 cessu
211 3877 276 3927 suo
302 3876 324 3926 a
345 3851 590 3927 cardinalibus
617 3859 718 3927 extra
736 3859 880 3951 portam
902 3853 1074 3931 Viridarii
1101 3854 1339 3944 associatum;
1365 3854 1410 3928 ad

76 3977 177 4074 quod
208 3977 377 4075 respondi
412 4001 472 4051 mc
499 3979 570 4052 hoc
599 4003 672 4052 nou
693 3978 856 4054 credere.
885 3983 984 4076 Papa
1009 3979 1133 4054 videns
1160 3979 1410 4055 testimonium

75 4102 212 4175 horum
226 4103 384 4175 duorum
401 4103 513 4176 voluit
527 4102 624 4200 quod
639 4103 749 4176 etiam
764 4103 833 4176 iste
847 4103 1102 4196 associaretur,
1117 4111 1152 4178 et
1171 4105 1238 4179 tuit
1255 4107 1412 4180 associa-

77 4235 170 4301 tusa
188 4226 312 4324 viginti
332 4232 415 4303 octo
438 4227 683 4302 cardinalibus
702 4229 748 4302 ad
765 4229 916 4303 domum
934 4231 979 4303 de
999 4230 1214 4321 Mirandula,
1236 4231 1297 4305 ubi
1316 4231 1412 4328 epis-

77 4353 161 4449 copi
174 4359 210 4425 et
227 4351 429 4450 presbyteri
455 4351 692 4427 firmaverunt
719 4377 758 4424 se
785 4353 831 4425 ad
854 4352 1056 4442 dexteram,
1083 4359 1119 4426 et
1139 4353 1282 4428 diaconi
1303 4356 1348 4427 ad
1366 4355 1412 4428 si-

75 4478 249 4567 nistram,
279 4475 388 4574 primi
416 4501 544 4552 versus
574 4502 603 4550 s.
640 4478 747 4568 Petri,
786 4478 933 4551 secundi
964 4503 1092 4552 versus
1123 4479 1312 4576 Populum,
1349 4479 1410 4554 ubi

77 4603 234 4676 lecimus
261 4603 489 4677 ceremonias
517 4609 711 4678 consuetas
739 4627 822 4678 oum
852 4605 983 4701 capite,
1014 4606 1091 4680 sine
1121 4605 1407 4680 deosculatione.

76 4727 279 4801 Gardinalis
304 4729 492 4825 Papiensis
511 4729 608 4803 solus
625 4729 816 4803 associavit
832 4753 915 4803 eum
935 4729 980 4801 ad
994 4730 1188 4827 populum;
1212 4729 1271 4802 alii
1289 4728 1410 4802 redie-

77 4858 163 4926 runt
192 4853 238 4926 ad
264 4853 345 4927 loca
373 4877 450 4928 sua.
483 4854 732 4929 luterlucrunt
765 4853 1030 4946 Ulixbonensis,
1066 4855 1339 4944 aecanatsnsis,
1377 4878 1407 4928 s,

78 4977 265 5068 Praxedis,
290 5001 321 5052 s.
344 4981 503 5077 Georgii,
529 4980 808 5068 Alexandrinus,
833 5005 863 5053 s.
891 4979 1030 5069 Crucis,
1055 4980 1280 5078 Agrigensis,
1300 4980 1410 5078 Regi-

78 5127 160 5192 nus,
196 5103 461 5196 Salernitanus,
494 5107 721 5197 Cusentinus,
753 5106 1026 5196 Volaterranos,
1058 5105 1186 5196 Flisco,
1212 5105 1406 5195 Adrianus,

78 5228 412 5322 vicecancellarius,
431 5231 725 5327 senogalliensis,
744 5231 982 5322 Redonensis,
1000 5231 1240 5330 Agenneusis,
1254 5230 1410 5328 Papien-
