<?xml version="1.0" encoding="UTF-8"?>
<!DOCTYPE html PUBLIC "-//W3C//DTD XHTML 1.0 Transitional//EN"
    "http://www.w3.org/TR/xhtml1/DTD/xhtml1-transitional.dtd">
<html xmlns="http://www.w3.org/1999/xhtml" xml:lang="en" lang="en">
 <head>
  <title>
</title>
<meta http-equiv="Content-Type" content="text/html;charset=utf-8" />
  <meta name='ocr-system' content='tesseract 3.04.00' />
  <meta name='ocr-capabilities' content='ocr_page ocr_carea ocr_par ocr_line ocrx_word'/>
</head>
<body>
  <div class='ocr_page' id='page_1' title='image "./johannisburchar03burcgoog/johannisburchar03burcgoog_0126.png"; bbox 0 0 3590 6042; ppageno 0'>
   <div class='ocr_carea' id='block_1_1' title="bbox 354 586 1785 678">
    <p class='ocr_par' dir='ltr' id='par_1_1' title="bbox 354 586 1785 678">
     <span class='ocr_line' id='line_1_1' title="bbox 354 586 1785 678; baseline -0.004 -26"><span class='ocrx_word' id='word_1_1' title='bbox 354 599 386 652; x_wconf 79' lang='lat' dir='ltr'>to</span> <span class='ocrx_word' id='word_1_2' title='bbox 806 595 980 653; x_wconf 76' lang='lat' dir='ltr'>JOHANNIS</span> <span class='ocrx_word' id='word_1_3' title='bbox 1006 594 1226 664; x_wconf 68' lang='lat' dir='ltr'>cunctantior,</span> <span class='ocrx_word' id='word_1_4' title='bbox 1534 597 1687 660; x_wconf 78' lang='grc'>[1111151111</span> <span class='ocrx_word' id='word_1_5' title='bbox 1784 586 1785 678; x_wconf 67' lang='lat' dir='ltr'>t</span> 
     </span>
    </p>
   </div>
   <div class='ocr_carea' id='block_1_2' title="bbox 350 749 1790 4479">
    <p class='ocr_par' dir='ltr' id='par_1_2' title="bbox 352 749 1787 1698">
     <span class='ocr_line' id='line_1_2' title="bbox 353 749 1687 850; baseline 0.002 -28"><span class='ocrx_word' id='word_1_6' title='bbox 353 750 390 822; x_wconf 93' lang='lat' dir='ltr'>in</span> <span class='ocrx_word' id='word_1_7' title='bbox 409 750 557 823; x_wconf 90' lang='lat' dir='ltr'>basilica</span> <span class='ocrx_word' id='word_1_8' title='bbox 574 775 602 822; x_wconf 91' lang='lat' dir='ltr'>s.</span> <span class='ocrx_word' id='word_1_9' title='bbox 626 751 738 840; x_wconf 85' lang='lat' dir='ltr'>Petri,</span> <span class='ocrx_word' id='word_1_10' title='bbox 759 749 817 823; x_wconf 91' lang='lat' dir='ltr'>cui</span> <span class='ocrx_word' id='word_1_11' title='bbox 838 755 935 847; x_wconf 85' lang='lat' dir='ltr'>Papa</span> <span class='ocrx_word' id='word_1_12' title='bbox 957 749 1122 822; x_wconf 70' lang='lat' dir='ltr'><strong>interfuit</strong></span> <span class='ocrx_word' id='word_1_13' title='bbox 1145 755 1181 823; x_wconf 91' lang='lat' dir='ltr'>et</span> <span class='ocrx_word' id='word_1_14' title='bbox 1203 749 1300 823; x_wconf 83' lang='lat' dir='ltr'>venit</span> <span class='ocrx_word' id='word_1_15' title='bbox 1317 751 1361 822; x_wconf 91' lang='lat' dir='ltr'>ad</span> <span class='ocrx_word' id='word_1_16' title='bbox 1382 773 1464 822; x_wconf 89' lang='lat' dir='ltr'>eam</span> <span class='ocrx_word' id='word_1_17' title='bbox 1484 752 1551 823; x_wconf 92' lang='lat' dir='ltr'>sub</span> <span class='ocrx_word' id='word_1_18' title='bbox 1568 775 1687 850; x_wconf 82' lang='lat' dir='ltr'>regno</span> 
     </span>
     <span class='ocr_line' id='line_1_3' title="bbox 353 874 1686 973; baseline 0.002 -26"><span class='ocrx_word' id='word_1_19' title='bbox 353 874 425 948; x_wconf 92' lang='lat' dir='ltr'>sive</span> <span class='ocrx_word' id='word_1_20' title='bbox 444 875 576 964; x_wconf 84' lang='lat' dir='ltr'>thiera,</span> <span class='ocrx_word' id='word_1_21' title='bbox 597 881 633 948; x_wconf 91' lang='lat' dir='ltr'>ct</span> <span class='ocrx_word' id='word_1_22' title='bbox 649 881 846 972; x_wconf 78' lang='lat' dir='ltr'>antequam</span> <span class='ocrx_word' id='word_1_23' title='bbox 864 875 980 947; x_wconf 90' lang='lat' dir='ltr'>exiret</span> <span class='ocrx_word' id='word_1_24' title='bbox 1001 897 1188 948; x_wconf 91' lang='lat' dir='ltr'>cameram</span> <span class='ocrx_word' id='word_1_25' title='bbox 1209 876 1406 973; x_wconf 83' lang='lat' dir='ltr'>papagalli,</span> <span class='ocrx_word' id='word_1_26' title='bbox 1428 881 1580 972; x_wconf 92' lang='lat' dir='ltr'>portare</span> <span class='ocrx_word' id='word_1_27' title='bbox 1601 878 1686 950; x_wconf 86' lang='lat' dir='ltr'>lecit</span> 
     </span>
     <span class='ocr_line' id='line_1_4' title="bbox 354 999 1786 1106; baseline 0.003 -36"><span class='ocrx_word' id='word_1_28' title='bbox 354 999 477 1071; x_wconf 89' lang='lat' dir='ltr'>sedem</span> <span class='ocrx_word' id='word_1_29' title='bbox 501 1023 568 1096; x_wconf 91' lang='lat' dir='ltr'>pro</span> <span class='ocrx_word' id='word_1_30' title='bbox 591 1000 769 1074; x_wconf 89' lang='lat' dir='ltr'>beneficio</span> <span class='ocrx_word' id='word_1_31' title='bbox 790 1000 927 1072; x_wconf 84' lang='lat' dir='ltr'>ventris</span> <span class='ocrx_word' id='word_1_32' title='bbox 953 1004 1075 1096; x_wconf 87' lang='lat' dir='ltr'>aptam</span> <span class='ocrx_word' id='word_1_33' title='bbox 1103 999 1149 1071; x_wconf 87' lang='lat' dir='ltr'>ad</span> <span class='ocrx_word' id='word_1_34' title='bbox 1168 1023 1317 1095; x_wconf 90' lang='lat' dir='ltr'>parvam</span> <span class='ocrx_word' id='word_1_35' title='bbox 1338 1000 1546 1073; x_wconf 76' lang='lat' dir='ltr'>sacristiam</span> <span class='ocrx_word' id='word_1_36' title='bbox 1569 1025 1687 1098; x_wconf 87' lang='lat' dir='ltr'>prope</span> <span class='ocrx_word' id='word_1_37' title='bbox 1785 1074 1786 1106; x_wconf 32' lang='lat'>1</span> 
     </span>
     <span class='ocr_line' id='line_1_5' title="bbox 354 1107 1786 1222; baseline 0.003 -27"><span class='ocrx_word' id='word_1_38' title='bbox 354 1123 470 1196; x_wconf 90' lang='lat' dir='ltr'>altare</span> <span class='ocrx_word' id='word_1_39' title='bbox 491 1126 609 1222; x_wconf 90' lang='lat' dir='ltr'>majus</span> <span class='ocrx_word' id='word_1_40' title='bbox 628 1124 774 1198; x_wconf 82' lang='lat' dir='ltr'>basilice</span> <span class='ocrx_word' id='word_1_41' title='bbox 791 1150 819 1198; x_wconf 78' lang='lat' dir='ltr'>s,</span> <span class='ocrx_word' id='word_1_42' title='bbox 843 1124 954 1214; x_wconf 88' lang='lat' dir='ltr'>Petri,</span> <span class='ocrx_word' id='word_1_43' title='bbox 969 1126 1014 1197; x_wconf 90' lang='lat' dir='ltr'>ad</span> <span class='ocrx_word' id='word_1_44' title='bbox 1033 1148 1142 1220; x_wconf 88' lang='lat' dir='ltr'>quam</span> <span class='ocrx_word' id='word_1_45' title='bbox 1161 1123 1263 1197; x_wconf 87' lang='lat' dir='ltr'>finita</span> <span class='ocrx_word' id='word_1_46' title='bbox 1283 1125 1393 1198; x_wconf 89' lang='lat' dir='ltr'>missa</span> <span class='ocrx_word' id='word_1_47' title='bbox 1409 1125 1471 1198; x_wconf 89' lang='lat' dir='ltr'>ivit</span> <span class='ocrx_word' id='word_1_48' title='bbox 1488 1129 1688 1222; x_wconf 87' lang='lat' dir='ltr'>antequam</span> <span class='ocrx_word' id='word_1_49' title='bbox 1785 1107 1786 1160; x_wconf 49' lang='lat'>³</span> 
     </span>
     <span class='ocr_line' id='line_1_6' title="bbox 352 1248 1687 1346; baseline 0.001 -24"><span class='ocrx_word' id='word_1_50' title='bbox 352 1248 485 1340; x_wconf 86' lang='lat' dir='ltr'>cxiret;</span> <span class='ocrx_word' id='word_1_51' title='bbox 505 1249 650 1338; x_wconf 91' lang='lat' dir='ltr'>deinde,</span> <span class='ocrx_word' id='word_1_52' title='bbox 672 1255 817 1324; x_wconf 89' lang='lat' dir='ltr'>ostenso</span> <span class='ocrx_word' id='word_1_53' title='bbox 835 1251 936 1323; x_wconf 85' lang='lat' dir='ltr'>vultu</span> <span class='ocrx_word' id='word_1_54' title='bbox 960 1249 1117 1337; x_wconf 83' lang='lat' dir='ltr'>Domini,</span> <span class='ocrx_word' id='word_1_55' title='bbox 1144 1249 1307 1322; x_wconf 84' lang='lat' dir='ltr'>aseendit</span> <span class='ocrx_word' id='word_1_56' title='bbox 1331 1251 1377 1322; x_wconf 90' lang='lat' dir='ltr'>ad</span> <span class='ocrx_word' id='word_1_57' title='bbox 1395 1250 1520 1323; x_wconf 92' lang='lat' dir='ltr'>locum</span> <span class='ocrx_word' id='word_1_58' title='bbox 1540 1249 1687 1346; x_wconf 90' lang='lat' dir='ltr'>publice</span> 
     </span>
     <span class='ocr_line' id='line_1_7' title="bbox 352 1373 1685 1472; baseline 0.002 -27"><span class='ocrx_word' id='word_1_59' title='bbox 352 1373 630 1466; x_wconf 77' lang='lat' dir='ltr'>benedictionis,</span> <span class='ocrx_word' id='word_1_60' title='bbox 657 1375 717 1448; x_wconf 94' lang='lat' dir='ltr'>ubi</span> <span class='ocrx_word' id='word_1_61' title='bbox 742 1375 919 1472; x_wconf 93' lang='lat' dir='ltr'>populum</span> <span class='ocrx_word' id='word_1_62' title='bbox 945 1374 1159 1447; x_wconf 91' lang='lat' dir='ltr'>solemniter</span> <span class='ocrx_word' id='word_1_63' title='bbox 1188 1374 1385 1464; x_wconf 82' lang='lat' dir='ltr'>benedixit,</span> <span class='ocrx_word' id='word_1_64' title='bbox 1416 1375 1483 1446; x_wconf 90' lang='lat' dir='ltr'>suh</span> <span class='ocrx_word' id='word_1_65' title='bbox 1508 1374 1631 1447; x_wconf 88' lang='lat' dir='ltr'>thiara</span> <span class='ocrx_word' id='word_1_66' title='bbox 1653 1381 1685 1447; x_wconf 93' lang='lat' dir='ltr'>et</span> 
     </span>
     <span class='ocr_line' id='line_1_8' title="bbox 353 1498 1787 1599; baseline 0.001 -29"><span class='ocrx_word' id='word_1_67' title='bbox 353 1498 535 1596; x_wconf 84' lang='lat' dir='ltr'>plenarias</span> <span class='ocrx_word' id='word_1_68' title='bbox 550 1500 794 1599; x_wconf 68' lang='lat' dir='ltr'>indulgentias</span> <span class='ocrx_word' id='word_1_69' title='bbox 806 1525 878 1573; x_wconf 91' lang='lat' dir='ltr'>non</span> <span class='ocrx_word' id='word_1_70' title='bbox 887 1500 1067 1597; x_wconf 88' lang='lat' dir='ltr'>jubileum</span> <span class='ocrx_word' id='word_1_71' title='bbox 1080 1499 1380 1572; x_wconf 88' lang='lat' dir='ltr'>interessentibus</span> <span class='ocrx_word' id='word_1_72' title='bbox 1392 1500 1593 1588; x_wconf 88' lang='lat' dir='ltr'>concessit;</span> <span class='ocrx_word' id='word_1_73' title='bbox 1616 1500 1686 1572; x_wconf 90' lang='lat' dir='ltr'>alin</span> <span class='ocrx_word' id='word_1_74' title='bbox 1786 1564 1787 1592; x_wconf 45' lang='lat'>3</span> 
     </span>
     <span class='ocr_line' id='line_1_9' title="bbox 354 1601 1787 1698; baseline 0.002 -3"><span class='ocrx_word' id='word_1_75' title='bbox 354 1646 458 1698; x_wconf 93' lang='lat' dir='ltr'>more</span> <span class='ocrx_word' id='word_1_76' title='bbox 477 1625 596 1698; x_wconf 90' lang='lat' dir='ltr'>solito.</span> <span class='ocrx_word' id='word_1_77' title='bbox 1786 1601 1787 1614; x_wconf 31' lang='lat'>¹</span> 
     </span>
    </p>

    <p class='ocr_par' dir='ltr' id='par_1_3' title="bbox 354 1749 1788 2198">
     <span class='ocr_line' id='line_1_10' title="bbox 404 1749 1687 1847; baseline 0.001 -26"><span class='ocrx_word' id='word_1_78' title='bbox 404 1751 489 1822; x_wconf 87' lang='lat' dir='ltr'>Post</span> <span class='ocrx_word' id='word_1_79' title='bbox 505 1749 637 1823; x_wconf 84' lang='lat' dir='ltr'>horam</span> <span class='ocrx_word' id='word_1_80' title='bbox 653 1773 889 1846; x_wconf 86' lang='lat' dir='ltr'>vesperarum</span> <span class='ocrx_word' id='word_1_81' title='bbox 909 1749 1063 1847; x_wconf 82' lang='lat' dir='ltr'>depositi</span> <span class='ocrx_word' id='word_1_82' title='bbox 1082 1755 1163 1823; x_wconf 92' lang='lat' dir='ltr'>sunt</span> <span class='ocrx_word' id='word_1_83' title='bbox 1180 1750 1232 1822; x_wconf 95' lang='lat' dir='ltr'>illi</span> <span class='ocrx_word' id='word_1_84' title='bbox 1251 1750 1456 1824; x_wconf 82' lang='lat' dir='ltr'>octodecim</span> <span class='ocrx_word' id='word_1_85' title='bbox 1476 1750 1557 1822; x_wconf 87' lang='lat' dir='ltr'>heri</span> <span class='ocrx_word' id='word_1_86' title='bbox 1576 1773 1687 1846; x_wconf 89' lang='lat' dir='ltr'>supra</span> 
     </span>
     <span class='ocr_line' id='line_1_11' title="bbox 355 1875 1686 1973; baseline -0.001 -26"><span class='ocrx_word' id='word_1_87' title='bbox 355 1878 504 1970; x_wconf 90' lang='lat' dir='ltr'>pontem</span> <span class='ocrx_word' id='word_1_88' title='bbox 522 1875 686 1972; x_wconf 87' lang='lat' dir='ltr'>suspensi</span> <span class='ocrx_word' id='word_1_89' title='bbox 704 1880 741 1948; x_wconf 90' lang='lat' dir='ltr'>et</span> <span class='ocrx_word' id='word_1_90' title='bbox 759 1875 867 1972; x_wconf 91' lang='lat' dir='ltr'>positi</span> <span class='ocrx_word' id='word_1_91' title='bbox 885 1899 994 1973; x_wconf 91' lang='lat' dir='ltr'>supra</span> <span class='ocrx_word' id='word_1_92' title='bbox 1011 1877 1185 1973; x_wconf 87' lang='lat' dir='ltr'>quasdam</span> <span class='ocrx_word' id='word_1_93' title='bbox 1204 1880 1395 1962; x_wconf 87' lang='lat' dir='ltr'>carrettas,</span> <span class='ocrx_word' id='word_1_94' title='bbox 1418 1880 1453 1948; x_wconf 91' lang='lat' dir='ltr'>ct</span> <span class='ocrx_word' id='word_1_95' title='bbox 1471 1901 1492 1947; x_wconf 89' lang='lat' dir='ltr'>a</span> <span class='ocrx_word' id='word_1_96' title='bbox 1512 1875 1686 1948; x_wconf 85' lang='lat' dir='ltr'>socictate</span> 
     </span>
     <span class='ocr_line' id='line_1_12' title="bbox 354 1997 1788 2098; baseline 0.001 -29"><span class='ocrx_word' id='word_1_97' title='bbox 354 1997 601 2072; x_wconf 87' lang='lat' dir='ltr'>Misericordie</span> <span class='ocrx_word' id='word_1_98' title='bbox 630 1999 799 2073; x_wconf 90' lang='lat' dir='ltr'>associati</span> <span class='ocrx_word' id='word_1_99' title='bbox 824 2024 938 2098; x_wconf 91' lang='lat' dir='ltr'>usque</span> <span class='ocrx_word' id='word_1_100' title='bbox 963 2001 1009 2074; x_wconf 88' lang='lat' dir='ltr'>ad</span> <span class='ocrx_word' id='word_1_101' title='bbox 1033 2023 1161 2074; x_wconf 90' lang='lat' dir='ltr'>corum</span> <span class='ocrx_word' id='word_1_102' title='bbox 1188 2000 1382 2097; x_wconf 88' lang='lat' dir='ltr'>capellam,</span> <span class='ocrx_word' id='word_1_103' title='bbox 1405 2005 1440 2072; x_wconf 89' lang='lat' dir='ltr'>et</span> <span class='ocrx_word' id='word_1_104' title='bbox 1462 2000 1511 2072; x_wconf 95' lang='lat' dir='ltr'>ibi</span> <span class='ocrx_word' id='word_1_105' title='bbox 1536 1999 1684 2096; x_wconf 86' lang='lat' dir='ltr'>sepulti.</span> <span class='ocrx_word' id='word_1_106' title='bbox 1787 2055 1788 2092; x_wconf 44' lang='lat'>2</span> 
     </span>
     <span class='ocr_line' id='line_1_13' title="bbox 354 2103 1788 2198; baseline 0.001 -4"><span class='ocrx_word' id='word_1_107' title='bbox 354 2145 480 2196; x_wconf 91' lang='lat' dir='ltr'>eorum</span> <span class='ocrx_word' id='word_1_108' title='bbox 498 2147 601 2197; x_wconf 87' lang='lat' dir='ltr'>more</span> <span class='ocrx_word' id='word_1_109' title='bbox 621 2124 739 2198; x_wconf 91' lang='lat' dir='ltr'>solito.</span> <span class='ocrx_word' id='word_1_110' title='bbox 1787 2103 1788 2106; x_wconf 21' lang='lat'>¹</span> 
     </span>
    </p>

    <p class='ocr_par' dir='ltr' id='par_1_4' title="bbox 354 2247 1685 2596">
     <span class='ocr_line' id='line_1_14' title="bbox 403 2247 1684 2347; baseline -0.002 -25"><span class='ocrx_word' id='word_1_111' title='bbox 403 2247 507 2322; x_wconf 85' lang='lat' dir='ltr'>Feria</span> <span class='ocrx_word' id='word_1_112' title='bbox 517 2255 631 2340; x_wconf 77' lang='lat' dir='ltr'>sexta,</span> <span class='ocrx_word' id='word_1_113' title='bbox 644 2255 665 2322; x_wconf 88' lang='grc'>5</span> <span class='ocrx_word' id='word_1_114' title='bbox 678 2249 814 2322; x_wconf 91' lang='lat' dir='ltr'>mensis</span> <span class='ocrx_word' id='word_1_115' title='bbox 820 2249 926 2347; x_wconf 88' lang='lat' dir='ltr'>junii,</span> <span class='ocrx_word' id='word_1_116' title='bbox 943 2254 1067 2323; x_wconf 88' lang='lat' dir='ltr'>Rmus.</span> <span class='ocrx_word' id='word_1_117' title='bbox 1083 2253 1125 2323; x_wconf 88' lang='lat' dir='ltr'>D.</span> <span class='ocrx_word' id='word_1_118' title='bbox 1145 2249 1336 2324; x_wconf 87' lang='lat' dir='ltr'>cardinalis</span> <span class='ocrx_word' id='word_1_119' title='bbox 1347 2249 1523 2323; x_wconf 83' lang='lat' dir='ltr'>Ascanius</span> <span class='ocrx_word' id='word_1_120' title='bbox 1534 2250 1684 2324; x_wconf 87' lang='lat' dir='ltr'>recessit</span> 
     </span>
     <span class='ocr_line' id='line_1_15' title="bbox 354 2374 1685 2472; baseline -0.002 -24"><span class='ocrx_word' id='word_1_121' title='bbox 354 2375 398 2449; x_wconf 89' lang='lat' dir='ltr'>de</span> <span class='ocrx_word' id='word_1_122' title='bbox 418 2383 538 2450; x_wconf 83' lang='lat' dir='ltr'>castro</span> <span class='ocrx_word' id='word_1_123' title='bbox 554 2375 746 2450; x_wconf 78' lang='lat' dir='ltr'>Mediolani</span> <span class='ocrx_word' id='word_1_124' title='bbox 762 2376 797 2448; x_wconf 95' lang='lat' dir='ltr'>in</span> <span class='ocrx_word' id='word_1_125' title='bbox 814 2375 924 2466; x_wconf 80' lang='lat' dir='ltr'>mula,</span> <span class='ocrx_word' id='word_1_126' title='bbox 940 2374 1055 2448; x_wconf 89' lang='lat' dir='ltr'>iturus</span> <span class='ocrx_word' id='word_1_127' title='bbox 1066 2375 1103 2448; x_wconf 92' lang='lat' dir='ltr'>in</span> <span class='ocrx_word' id='word_1_128' title='bbox 1114 2375 1303 2450; x_wconf 87' lang='lat' dir='ltr'>Franciam</span> <span class='ocrx_word' id='word_1_129' title='bbox 1314 2375 1685 2472; x_wconf 83' lang='lat' dir='ltr'>associatusaviginti</span> 
     </span>
     <span class='ocr_line' id='line_1_16' title="bbox 355 2500 1105 2596; baseline 0 -22"><span class='ocrx_word' id='word_1_130' title='bbox 355 2509 512 2596; x_wconf 90' lang='lat' dir='ltr'>quatuor</span> <span class='ocrx_word' id='word_1_131' title='bbox 522 2501 704 2576; x_wconf 93' lang='lat' dir='ltr'>nobilibus</span> <span class='ocrx_word' id='word_1_132' title='bbox 720 2509 756 2575; x_wconf 87' lang='lat' dir='ltr'>et</span> <span class='ocrx_word' id='word_1_133' title='bbox 771 2501 850 2574; x_wconf 87' lang='lat' dir='ltr'>aliis</span> <span class='ocrx_word' id='word_1_134' title='bbox 865 2500 1105 2596; x_wconf 87' lang='lat' dir='ltr'>equestribus.</span> 
     </span>
    </p>

    <p class='ocr_par' dir='ltr' id='par_1_5' title="bbox 351 2623 1790 3200">
     <span class='ocr_line' id='line_1_17' title="bbox 402 2623 1684 2728; baseline -0.004 -27"><span class='ocrx_word' id='word_1_135' title='bbox 402 2628 464 2701; x_wconf 87' lang='lat' dir='ltr'>llis</span> <span class='ocrx_word' id='word_1_136' title='bbox 481 2628 621 2718; x_wconf 89' lang='lat' dir='ltr'>dicbus,</span> <span class='ocrx_word' id='word_1_137' title='bbox 640 2631 703 2702; x_wconf 91' lang='lat' dir='ltr'>SS.</span> <span class='ocrx_word' id='word_1_138' title='bbox 727 2631 770 2700; x_wconf 90' lang='lat' dir='ltr'>D.</span> <span class='ocrx_word' id='word_1_139' title='bbox 789 2632 913 2699; x_wconf 88' lang='lat' dir='ltr'>noster</span> <span class='ocrx_word' id='word_1_140' title='bbox 932 2649 1100 2700; x_wconf 85' lang='lat' dir='ltr'>excausa</span> <span class='ocrx_word' id='word_1_141' title='bbox 1115 2623 1285 2722; x_wconf 89' lang='lat' dir='ltr'>imposuit</span> <span class='ocrx_word' id='word_1_142' title='bbox 1301 2623 1509 2720; x_wconf 83' lang='lat' dir='ltr'>vigesimam</span> <span class='ocrx_word' id='word_1_143' title='bbox 1529 2625 1684 2728; x_wconf 84' lang='lat' dir='ltr'>Hebreis</span> 
     </span>
     <span class='ocr_line' id='line_1_18' title="bbox 353 2747 1685 2848; baseline -0.003 -22"><span class='ocrx_word' id='word_1_144' title='bbox 353 2761 389 2828; x_wconf 87' lang='lat' dir='ltr'>et</span> <span class='ocrx_word' id='word_1_145' title='bbox 404 2755 584 2828; x_wconf 88' lang='lat' dir='ltr'>decimam</span> <span class='ocrx_word' id='word_1_146' title='bbox 600 2755 698 2828; x_wconf 92' lang='lat' dir='ltr'>clero</span> <span class='ocrx_word' id='word_1_147' title='bbox 715 2754 761 2827; x_wconf 84' lang='lat' dir='ltr'>ad</span> <span class='ocrx_word' id='word_1_148' title='bbox 775 2749 969 2826; x_wconf 91' lang='lat' dir='ltr'>triennium</span> <span class='ocrx_word' id='word_1_149' title='bbox 993 2749 1123 2848; x_wconf 82' lang='lat' dir='ltr'>singuli</span> <span class='ocrx_word' id='word_1_150' title='bbox 1139 2749 1244 2823; x_wconf 86' lang='lat' dir='ltr'>annis</span> <span class='ocrx_word' id='word_1_151' title='bbox 1254 2747 1526 2846; x_wconf 87' lang='lat' dir='ltr'>persolvendas,</span> <span class='ocrx_word' id='word_1_152' title='bbox 1540 2773 1606 2845; x_wconf 88' lang='lat' dir='ltr'>per</span> <span class='ocrx_word' id='word_1_153' title='bbox 1626 2749 1685 2822; x_wconf 93' lang='lat' dir='ltr'>lit-</span> 
     </span>
     <span class='ocr_line' id='line_1_19' title="bbox 353 2867 1683 2976; baseline -0.002 -25"><span class='ocrx_word' id='word_1_154' title='bbox 353 2885 449 2952; x_wconf 85' lang='lat' dir='ltr'>teras</span> <span class='ocrx_word' id='word_1_155' title='bbox 464 2867 680 2976; x_wconf 87' lang='lat' dir='ltr'>apostolicas</span> <span class='ocrx_word' id='word_1_156' title='bbox 695 2901 766 2975; x_wconf 91' lang='lat' dir='ltr'>que</span> <span class='ocrx_word' id='word_1_157' title='bbox 787 2878 843 2952; x_wconf 93' lang='lat' dir='ltr'>die</span> <span class='ocrx_word' id='word_1_158' title='bbox 861 2885 882 2950; x_wconf 79' lang='lat' dir='ltr'>t</span> <span class='ocrx_word' id='word_1_159' title='bbox 898 2876 1069 2952; x_wconf 81' lang='lat' dir='ltr'>februarii</span> <span class='ocrx_word' id='word_1_160' title='bbox 1086 2898 1182 2949; x_wconf 90' lang='lat' dir='ltr'>anno</span> <span class='ocrx_word' id='word_1_161' title='bbox 1198 2877 1263 2947; x_wconf 84' lang='lat' dir='ltr'>Mb</span> <span class='ocrx_word' id='word_1_162' title='bbox 1285 2872 1322 2945; x_wconf 92' lang='lat' dir='ltr'>in</span> <span class='ocrx_word' id='word_1_163' title='bbox 1342 2873 1449 2948; x_wconf 84' lang='lat' dir='ltr'>valvis</span> <span class='ocrx_word' id='word_1_164' title='bbox 1465 2874 1683 2948; x_wconf 84' lang='lat' dir='ltr'>cancellarie</span> 
     </span>
     <span class='ocr_line' id='line_1_20' title="bbox 352 2999 1790 3102; baseline -0.003 -26"><span class='ocrx_word' id='word_1_165' title='bbox 352 3003 458 3076; x_wconf 82' lang='lat' dir='ltr'>affixe</span> <span class='ocrx_word' id='word_1_166' title='bbox 481 3002 625 3077; x_wconf 86' lang='lat' dir='ltr'>luerunt</span> <span class='ocrx_word' id='word_1_167' title='bbox 641 3001 687 3102; x_wconf 87' lang='lat' dir='ltr'>(t)</span> <span class='ocrx_word' id='word_1_168' title='bbox 704 3011 740 3077; x_wconf 92' lang='lat' dir='ltr'>et</span> <span class='ocrx_word' id='word_1_169' title='bbox 753 3003 837 3077; x_wconf 92' lang='lat' dir='ltr'>hinc</span> <span class='ocrx_word' id='word_1_170' title='bbox 852 3003 935 3075; x_wconf 92' lang='lat' dir='ltr'>inde</span> <span class='ocrx_word' id='word_1_171' title='bbox 951 3026 1017 3100; x_wconf 92' lang='lat' dir='ltr'>per</span> <span class='ocrx_word' id='word_1_172' title='bbox 1036 3003 1171 3075; x_wconf 88' lang='lat' dir='ltr'>Urbem</span> <span class='ocrx_word' id='word_1_173' title='bbox 1186 2999 1380 3096; x_wconf 80' lang='lat' dir='ltr'>publicate,</span> <span class='ocrx_word' id='word_1_174' title='bbox 1397 2999 1610 3096; x_wconf 87' lang='lat' dir='ltr'>hujusmodi</span> <span class='ocrx_word' id='word_1_175' title='bbox 1628 3005 1681 3072; x_wconf 92' lang='lat' dir='ltr'>te·</span> <span class='ocrx_word' id='word_1_176' title='bbox 1789 3030 1790 3062; x_wconf 77' lang='grc'>1</span> 
     </span>
     <span class='ocr_line' id='line_1_21' title="bbox 351 3129 473 3200; baseline 0 0"><span class='ocrx_word' id='word_1_177' title='bbox 351 3129 473 3200; x_wconf 89' lang='lat' dir='ltr'>noris:</span> 
     </span>
    </p>

    <p class='ocr_par' dir='ltr' id='par_1_6' title="bbox 350 3251 1684 4479">
     <span class='ocr_line' id='line_1_22' title="bbox 406 3251 1680 3352; baseline 0.002 -31"><span class='ocrx_word' id='word_1_178' title='bbox 406 3253 644 3328; x_wconf 82' lang='lat' dir='ltr'>«Alexander</span> <span class='ocrx_word' id='word_1_179' title='bbox 668 3253 877 3352; x_wconf 87' lang='lat' dir='ltr'>episcopus,</span> <span class='ocrx_word' id='word_1_180' title='bbox 905 3277 1029 3328; x_wconf 82' lang='lat' dir='ltr'>servus</span> <span class='ocrx_word' id='word_1_181' title='bbox 1049 3276 1237 3328; x_wconf 86' lang='lat' dir='ltr'>serrorum</span> <span class='ocrx_word' id='word_1_182' title='bbox 1262 3251 1346 3342; x_wconf 85' lang='lat' dir='ltr'>Dei,</span> <span class='ocrx_word' id='word_1_183' title='bbox 1370 3252 1415 3325; x_wconf 89' lang='lat' dir='ltr'>ad</span> <span class='ocrx_word' id='word_1_184' title='bbox 1438 3252 1602 3326; x_wconf 80' lang='lat' dir='ltr'>suturam</span> <span class='ocrx_word' id='word_1_185' title='bbox 1627 3251 1680 3326; x_wconf 92' lang='lat' dir='ltr'>rei</span> 
     </span>
     <span class='ocr_line' id='line_1_23' title="bbox 352 3378 1684 3477; baseline -0.001 -26"><span class='ocrx_word' id='word_1_186' title='bbox 352 3378 580 3454; x_wconf 91' lang='lat' dir='ltr'>memoriam.</span> <span class='ocrx_word' id='word_1_187' title='bbox 601 3379 767 3464; x_wconf 81' lang='lat' dir='ltr'>Quamvis</span> <span class='ocrx_word' id='word_1_188' title='bbox 784 3379 830 3454; x_wconf 87' lang='lat' dir='ltr'>ad</span> <span class='ocrx_word' id='word_1_189' title='bbox 845 3379 1051 3477; x_wconf 87' lang='lat' dir='ltr'>amplianda</span> <span class='ocrx_word' id='word_1_190' title='bbox 1062 3379 1300 3454; x_wconf 90' lang='lat' dir='ltr'>ecclesiarum</span> <span class='ocrx_word' id='word_1_191' title='bbox 1312 3379 1475 3453; x_wconf 92' lang='lat' dir='ltr'>omnium</span> <span class='ocrx_word' id='word_1_192' title='bbox 1489 3379 1684 3453; x_wconf 86' lang='lat' dir='ltr'>commode</span> 
     </span>
     <span class='ocr_line' id='line_1_24' title="bbox 351 3503 1680 3599; baseline -0.005 -21"><span class='ocrx_word' id='word_1_193' title='bbox 351 3512 476 3580; x_wconf 90' lang='lat' dir='ltr'>nostre</span> <span class='ocrx_word' id='word_1_194' title='bbox 499 3503 800 3579; x_wconf 87' lang='lat' dir='ltr'>considerationis</span> <span class='ocrx_word' id='word_1_195' title='bbox 821 3504 991 3579; x_wconf 90' lang='lat' dir='ltr'>intuitum</span> <span class='ocrx_word' id='word_1_196' title='bbox 1016 3503 1255 3578; x_wconf 85' lang='lat' dir='ltr'>extendamus</span> <span class='ocrx_word' id='word_1_197' title='bbox 1277 3511 1314 3576; x_wconf 91' lang='lat' dir='ltr'>et</span> <span class='ocrx_word' id='word_1_198' title='bbox 1337 3525 1406 3599; x_wconf 92' lang='lat' dir='ltr'>pro</span> <span class='ocrx_word' id='word_1_199' title='bbox 1424 3503 1680 3576; x_wconf 86' lang='lat' dir='ltr'>universorum</span> 
     </span>
     <span class='ocr_line' id='line_1_25' title="bbox 350 3615 1683 3729; baseline -0.005 -24"><span class='ocrx_word' id='word_1_200' title='bbox 350 3631 482 3706; x_wconf 82' lang='lat' dir='ltr'>Christi</span> <span class='ocrx_word' id='word_1_201' title='bbox 502 3615 669 3706; x_wconf 77' lang='lat' dir='ltr'>&#39;fidetium</span> <span class='ocrx_word' id='word_1_202' title='bbox 692 3630 914 3729; x_wconf 86' lang='lat' dir='ltr'>projectibus</span> <span class='ocrx_word' id='word_1_203' title='bbox 937 3637 1061 3704; x_wconf 89' lang='lat' dir='ltr'>nostra</span> <span class='ocrx_word' id='word_1_204' title='bbox 1085 3653 1231 3726; x_wconf 89' lang='lat' dir='ltr'>semper</span> <span class='ocrx_word' id='word_1_205' title='bbox 1254 3627 1465 3726; x_wconf 84' lang='lat' dir='ltr'>aspiraverit</span> <span class='ocrx_word' id='word_1_206' title='bbox 1487 3634 1523 3702; x_wconf 91' lang='lat' dir='ltr'>et</span> <span class='ocrx_word' id='word_1_207' title='bbox 1546 3627 1683 3724; x_wconf 90' lang='lat' dir='ltr'>aspiret</span> 
     </span>
     <span class='ocr_line' id='line_1_26' title="bbox 351 3752 1681 3852; baseline -0.002 -26"><span class='ocrx_word' id='word_1_208' title='bbox 351 3755 516 3844; x_wconf 89' lang='lat' dir='ltr'>intentio,</span> <span class='ocrx_word' id='word_1_209' title='bbox 535 3756 599 3829; x_wconf 93' lang='lat' dir='ltr'>sed</span> <span class='ocrx_word' id='word_1_210' title='bbox 614 3762 735 3830; x_wconf 91' lang='lat' dir='ltr'>tamen</span> <span class='ocrx_word' id='word_1_211' title='bbox 752 3761 880 3830; x_wconf 89' lang='lat' dir='ltr'>contra</span> <span class='ocrx_word' id='word_1_212' title='bbox 894 3779 1034 3829; x_wconf 89' lang='lat' dir='ltr'>morem</span> <span class='ocrx_word' id='word_1_213' title='bbox 1051 3761 1086 3829; x_wconf 90' lang='lat' dir='ltr'>et</span> <span class='ocrx_word' id='word_1_214' title='bbox 1100 3753 1327 3852; x_wconf 90' lang='lat' dir='ltr'>propositum</span> <span class='ocrx_word' id='word_1_215' title='bbox 1348 3761 1513 3826; x_wconf 88' lang='lat' dir='ltr'>nostrum</span> <span class='ocrx_word' id='word_1_216' title='bbox 1528 3752 1681 3826; x_wconf 88' lang='lat' dir='ltr'>calami-</span> 
     </span>
     <span class='ocr_line' id='line_1_27' title="bbox 351 3879 1682 3978; baseline 0.002 -27"><span class='ocrx_word' id='word_1_217' title='bbox 351 3888 430 3954; x_wconf 87' lang='lat' dir='ltr'>tosa</span> <span class='ocrx_word' id='word_1_218' title='bbox 443 3881 550 3978; x_wconf 89' lang='lat' dir='ltr'>hujus</span> <span class='ocrx_word' id='word_1_219' title='bbox 566 3880 738 3977; x_wconf 90' lang='lat' dir='ltr'>temporis</span> <span class='ocrx_word' id='word_1_220' title='bbox 754 3881 911 3955; x_wconf 92' lang='lat' dir='ltr'>conditio</span> <span class='ocrx_word' id='word_1_221' title='bbox 929 3888 964 3958; x_wconf 91' lang='lat' dir='ltr'>et</span> <span class='ocrx_word' id='word_1_222' title='bbox 981 3906 1064 3957; x_wconf 87' lang='lat' dir='ltr'>sero</span> <span class='ocrx_word' id='word_1_223' title='bbox 1083 3889 1211 3956; x_wconf 87' lang='lat' dir='ltr'>contro</span> <span class='ocrx_word' id='word_1_224' title='bbox 1231 3879 1464 3954; x_wconf 86' lang='lat' dir='ltr'>christicolas</span> <span class='ocrx_word' id='word_1_225' title='bbox 1479 3879 1682 3976; x_wconf 82' lang='lat' dir='ltr'>ingensque</span> 
     </span>
     <span class='ocr_line' id='line_1_28' title="bbox 350 4003 1682 4102; baseline 0 -24"><span class='ocrx_word' id='word_1_226' title='bbox 350 4003 674 4100; x_wconf 85' lang='lat' dir='ltr'>perfidissimorum</span> <span class='ocrx_word' id='word_1_227' title='bbox 689 4007 886 4079; x_wconf 74' lang='lat' dir='ltr'>turcarum</span> <span class='ocrx_word' id='word_1_228' title='bbox 903 4005 1034 4080; x_wconf 89' lang='lat' dir='ltr'>Christi</span> <span class='ocrx_word' id='word_1_229' title='bbox 1052 4005 1209 4079; x_wconf 91' lang='lat' dir='ltr'>nominis</span> <span class='ocrx_word' id='word_1_230' title='bbox 1221 4005 1381 4079; x_wconf 89' lang='lat' dir='ltr'>hostium</span> <span class='ocrx_word' id='word_1_231' title='bbox 1397 4004 1605 4102; x_wconf 90' lang='lat' dir='ltr'>persecutio</span> <span class='ocrx_word' id='word_1_232' title='bbox 1617 4027 1682 4078; x_wconf 88' lang='lat' dir='ltr'>nos</span> 
     </span>
     <span class='ocr_line' id='line_1_29' title="bbox 350 4129 1682 4228; baseline -0.001 -26"><span class='ocrx_word' id='word_1_233' title='bbox 350 4129 485 4224; x_wconf 86' lang='lat' dir='ltr'>aliquid</span> <span class='ocrx_word' id='word_1_234' title='bbox 499 4130 669 4204; x_wconf 84' lang='lat' dir='ltr'>innovare</span> <span class='ocrx_word' id='word_1_235' title='bbox 685 4130 894 4228; x_wconf 84' lang='lat' dir='ltr'>compellat,</span> <span class='ocrx_word' id='word_1_236' title='bbox 913 4155 1078 4204; x_wconf 91' lang='lat' dir='ltr'>summus</span> <span class='ocrx_word' id='word_1_237' title='bbox 1104 4138 1140 4204; x_wconf 89' lang='lat' dir='ltr'>et</span> <span class='ocrx_word' id='word_1_238' title='bbox 1165 4131 1282 4204; x_wconf 87' lang='lat' dir='ltr'>almus</span> <span class='ocrx_word' id='word_1_239' title='bbox 1308 4131 1367 4204; x_wconf 92' lang='lat' dir='ltr'>ille</span> <span class='ocrx_word' id='word_1_240' title='bbox 1393 4134 1574 4204; x_wconf 91' lang='lat' dir='ltr'>scrutator</span> <span class='ocrx_word' id='word_1_241' title='bbox 1599 4153 1682 4204; x_wconf 91' lang='lat' dir='ltr'>cor-</span> 
     </span>
     <span class='ocr_line' id='line_1_30' title="bbox 350 4253 1683 4354; baseline 0.002 -28"><span class='ocrx_word' id='word_1_242' title='bbox 350 4253 450 4327; x_wconf 93' lang='lat' dir='ltr'>dium</span> <span class='ocrx_word' id='word_1_243' title='bbox 465 4255 637 4330; x_wconf 90' lang='lat' dir='ltr'>intuetur.</span> <span class='ocrx_word' id='word_1_244' title='bbox 653 4255 831 4354; x_wconf 82' lang='lat' dir='ltr'>Angimur</span> <span class='ocrx_word' id='word_1_245' title='bbox 847 4257 1016 4348; x_wconf 86' lang='lat' dir='ltr'>stimulis,</span> <span class='ocrx_word' id='word_1_246' title='bbox 1035 4262 1070 4330; x_wconf 91' lang='lat' dir='ltr'>et</span> <span class='ocrx_word' id='word_1_247' title='bbox 1082 4257 1349 4332; x_wconf 90' lang='lat' dir='ltr'>ecclesiasticas</span> <span class='ocrx_word' id='word_1_248' title='bbox 1359 4281 1534 4354; x_wconf 89' lang='lat' dir='ltr'>personas</span> <span class='ocrx_word' id='word_1_249' title='bbox 1546 4256 1683 4330; x_wconf 83' lang='lat' dir='ltr'>etalios</span> 
     </span>
     <span class='ocr_line' id='line_1_31' title="bbox 350 4377 1682 4479; baseline 0.003 -29"><span class='ocrx_word' id='word_1_250' title='bbox 350 4377 480 4454; x_wconf 85' lang='lat' dir='ltr'>Christi</span> <span class='ocrx_word' id='word_1_251' title='bbox 493 4380 620 4456; x_wconf 89' lang='lat' dir='ltr'>fideles</span> <span class='ocrx_word' id='word_1_252' title='bbox 636 4405 727 4479; x_wconf 91' lang='lat' dir='ltr'>quos</span> <span class='ocrx_word' id='word_1_253' title='bbox 743 4383 788 4456; x_wconf 90' lang='lat' dir='ltr'>ab</span> <span class='ocrx_word' id='word_1_254' title='bbox 801 4382 974 4457; x_wconf 87' lang='lat' dir='ltr'>oneribus</span> <span class='ocrx_word' id='word_1_255' title='bbox 988 4382 1166 4458; x_wconf 86' lang='lat' dir='ltr'>hactenus</span> <span class='ocrx_word' id='word_1_256' title='bbox 1181 4382 1340 4457; x_wconf 87' lang='lat' dir='ltr'>relevare</span> <span class='ocrx_word' id='word_1_257' title='bbox 1359 4403 1558 4478; x_wconf 88' lang='lat' dir='ltr'>eorumque</span> <span class='ocrx_word' id='word_1_258' title='bbox 1579 4404 1682 4454; x_wconf 90' lang='lat' dir='ltr'>com·</span> 
     </span>
    </p>
   </div>
   <div class='ocr_carea' id='block_1_3' title="bbox 345 4567 1683 5360">
    <p class='ocr_par' dir='ltr' id='par_1_7' title="bbox 345 4567 1683 5360">
     <span class='ocr_line' id='line_1_32' title="bbox 384 4567 1682 4643; baseline 0 -19"><span class='ocrx_word' id='word_1_259' title='bbox 384 4567 410 4625; x_wconf 90' lang='lat' dir='ltr'>l.</span> <span class='ocrx_word' id='word_1_260' title='bbox 432 4591 446 4619; x_wconf 78' lang='lat' dir='ltr'>u</span> <span class='ocrx_word' id='word_1_261' title='bbox 466 4607 489 4625; x_wconf 92' lang='lat'>..</span> <span class='ocrx_word' id='word_1_262' title='bbox 503 4607 510 4625; x_wconf 82' lang='lat'>‚</span> <span class='ocrx_word' id='word_1_263' title='bbox 526 4585 544 4624; x_wconf 93' lang='lat' dir='ltr'>a</span> <span class='ocrx_word' id='word_1_264' title='bbox 559 4568 586 4624; x_wconf 83' lang='lat' dir='ltr'>di</span> <span class='ocrx_word' id='word_1_265' title='bbox 600 4569 703 4642; x_wconf 85' lang='lat' dir='ltr'>passati</span> <span class='ocrx_word' id='word_1_266' title='bbox 717 4569 745 4624; x_wconf 94' lang='lat' dir='ltr'>in</span> <span class='ocrx_word' id='word_1_267' title='bbox 756 4569 915 4627; x_wconf 89' lang='lat' dir='ltr'>Consistoro</span> <span class='ocrx_word' id='word_1_268' title='bbox 931 4569 954 4626; x_wconf 90' lang='lat' dir='ltr'>si</span> <span class='ocrx_word' id='word_1_269' title='bbox 968 4585 1035 4643; x_wconf 86' lang='lat' dir='ltr'>pose</span> <span class='ocrx_word' id='word_1_270' title='bbox 1050 4567 1074 4624; x_wconf 90' lang='lat' dir='ltr'>le</span> <span class='ocrx_word' id='word_1_271' title='bbox 1089 4568 1193 4625; x_wconf 89' lang='lat' dir='ltr'>decime</span> <span class='ocrx_word' id='word_1_272' title='bbox 1203 4586 1258 4626; x_wconf 91' lang='lat' dir='ltr'>non</span> <span class='ocrx_word' id='word_1_273' title='bbox 1273 4568 1360 4625; x_wconf 90' lang='lat' dir='ltr'>solum</span> <span class='ocrx_word' id='word_1_274' title='bbox 1376 4569 1411 4624; x_wconf 91' lang='lat' dir='ltr'>ad</span> <span class='ocrx_word' id='word_1_275' title='bbox 1427 4567 1493 4625; x_wconf 90' lang='lat' dir='ltr'>tucti</span> <span class='ocrx_word' id='word_1_276' title='bbox 1506 4585 1521 4624; x_wconf 88' lang='lat' dir='ltr'>e</span> <span class='ocrx_word' id='word_1_277' title='bbox 1536 4567 1639 4624; x_wconf 80' lang='lat' dir='ltr'>Prolati</span> <span class='ocrx_word' id='word_1_278' title='bbox 1655 4577 1682 4625; x_wconf 88' lang='lat' dir='ltr'>et</span> 
     </span>
     <span class='ocr_line' id='line_1_33' title="bbox 350 4656 1681 4733; baseline -0.001 -19"><span class='ocrx_word' id='word_1_279' title='bbox 350 4657 452 4715; x_wconf 86' lang='lat' dir='ltr'>Cticiati</span> <span class='ocrx_word' id='word_1_280' title='bbox 472 4657 499 4713; x_wconf 92' lang='lat' dir='ltr'>di</span> <span class='ocrx_word' id='word_1_281' title='bbox 518 4657 605 4714; x_wconf 77' lang='lat' dir='ltr'>Rome</span> <span class='ocrx_word' id='word_1_282' title='bbox 618 4665 646 4715; x_wconf 88' lang='lat' dir='ltr'>et</span> <span class='ocrx_word' id='word_1_283' title='bbox 660 4676 709 4733; x_wconf 90' lang='lat' dir='ltr'>per</span> <span class='ocrx_word' id='word_1_284' title='bbox 724 4665 797 4715; x_wconf 88' lang='lat' dir='ltr'>tucte</span> <span class='ocrx_word' id='word_1_285' title='bbox 811 4658 835 4714; x_wconf 93' lang='lat' dir='ltr'>le</span> <span class='ocrx_word' id='word_1_286' title='bbox 855 4659 937 4715; x_wconf 84' lang='lat' dir='ltr'>Terre</span> <span class='ocrx_word' id='word_1_287' title='bbox 958 4657 1029 4714; x_wconf 85' lang='lat' dir='ltr'>delle</span> <span class='ocrx_word' id='word_1_288' title='bbox 1045 4657 1153 4728; x_wconf 86' lang='lat' dir='ltr'>Chiesa,</span> <span class='ocrx_word' id='word_1_289' title='bbox 1169 4675 1214 4714; x_wconf 89' lang='grc'>1111</span> <span class='ocrx_word' id='word_1_290' title='bbox 1232 4658 1314 4715; x_wconf 88' lang='lat' dir='ltr'>etiam</span> <span class='ocrx_word' id='word_1_291' title='bbox 1332 4675 1381 4732; x_wconf 91' lang='lat' dir='ltr'>per</span> <span class='ocrx_word' id='word_1_292' title='bbox 1397 4663 1472 4714; x_wconf 81' lang='lat' dir='ltr'>tuctu</span> <span class='ocrx_word' id='word_1_293' title='bbox 1491 4656 1681 4726; x_wconf 74' lang='lat' dir='ltr'>Christianitt,</span> 
     </span>
     <span class='ocr_line' id='line_1_34' title="bbox 347 4745 1681 4822; baseline -0.001 -21"><span class='ocrx_word' id='word_1_294' title='bbox 347 4745 370 4803; x_wconf 92' lang='lat' dir='ltr'>le</span> <span class='ocrx_word' id='word_1_295' title='bbox 385 4747 459 4821; x_wconf 88' lang='lat' dir='ltr'>quali</span> <span class='ocrx_word' id='word_1_296' title='bbox 469 4747 592 4804; x_wconf 86' lang='lat' dir='ltr'>habbiuo</span> <span class='ocrx_word' id='word_1_297' title='bbox 607 4748 641 4804; x_wconf 85' lang='lat' dir='ltr'>ad</span> <span class='ocrx_word' id='word_1_298' title='bbox 653 4747 785 4804; x_wconf 88' lang='lat' dir='ltr'>inservire</span> <span class='ocrx_word' id='word_1_299' title='bbox 800 4765 849 4822; x_wconf 93' lang='lat' dir='ltr'>pro</span> <span class='ocrx_word' id='word_1_300' title='bbox 862 4747 1035 4821; x_wconf 84' lang='lat' dir='ltr'>expeditione</span> <span class='ocrx_word' id='word_1_301' title='bbox 1048 4754 1143 4804; x_wconf 91' lang='lat' dir='ltr'>contra</span> <span class='ocrx_word' id='word_1_302' title='bbox 1157 4748 1284 4804; x_wconf 89' lang='lat' dir='ltr'>Turcum.</span> <span class='ocrx_word' id='word_1_303' title='bbox 1301 4747 1340 4803; x_wconf 85' lang='lat' dir='ltr'>La</span> <span class='ocrx_word' id='word_1_304' title='bbox 1354 4745 1432 4802; x_wconf 89' lang='lat' dir='ltr'>Bella</span> <span class='ocrx_word' id='word_1_305' title='bbox 1445 4747 1483 4802; x_wconf 80' lang='lat' dir='ltr'>s&#39;e</span> <span class='ocrx_word' id='word_1_306' title='bbox 1498 4745 1638 4820; x_wconf 88' lang='lat' dir='ltr'>publicata</span> <span class='ocrx_word' id='word_1_307' title='bbox 1655 4747 1681 4801; x_wconf 91' lang='lat' dir='ltr'>in</span> 
     </span>
     <span class='ocr_line' id='line_1_35' title="bbox 347 4833 1680 4911; baseline -0.003 -18"><span class='ocrx_word' id='word_1_308' title='bbox 347 4835 521 4906; x_wconf 88' lang='lat' dir='ltr'>Cancellaria,</span> <span class='ocrx_word' id='word_1_309' title='bbox 538 4842 565 4894; x_wconf 89' lang='lat' dir='ltr'>ct</span> <span class='ocrx_word' id='word_1_310' title='bbox 578 4853 613 4893; x_wconf 92' lang='lat' dir='ltr'>ne</span> <span class='ocrx_word' id='word_1_311' title='bbox 624 4841 684 4893; x_wconf 76' lang='lat' dir='ltr'>sarh</span> <span class='ocrx_word' id='word_1_312' title='bbox 698 4854 748 4911; x_wconf 87' lang='lat' dir='ltr'>per</span> <span class='ocrx_word' id='word_1_313' title='bbox 762 4843 837 4894; x_wconf 87' lang='lat' dir='ltr'>tuoto</span> <span class='ocrx_word' id='word_1_314' title='bbox 850 4837 979 4894; x_wconf 83' lang='lat' dir='ltr'>mandato</span> <span class='ocrx_word' id='word_1_315' title='bbox 994 4837 1106 4910; x_wconf 86' lang='lat' dir='ltr'>copia...</span> <span class='ocrx_word' id='word_1_316' title='bbox 1121 4837 1243 4906; x_wconf 77' lang='lat' dir='ltr'>ullone,</span> <span class='ocrx_word' id='word_1_317' title='bbox 1257 4837 1301 4892; x_wconf 92' lang='lat' dir='ltr'>die</span> <span class='ocrx_word' id='word_1_318' title='bbox 1314 4836 1365 4891; x_wconf 87' lang='grc'>1111</span> <span class='ocrx_word' id='word_1_319' title='bbox 1380 4833 1510 4892; x_wconf 81' lang='lat' dir='ltr'>februarii</span> <span class='ocrx_word' id='word_1_320' title='bbox 1524 4833 1680 4893; x_wconf 87' lang='lat' dir='ltr'>MCCCCC.</span> 
     </span>
     <span class='ocr_line' id='line_1_36' title="bbox 346 4925 1682 5001; baseline 0 -21"><span class='ocrx_word' id='word_1_321' title='bbox 346 4925 509 4983; x_wconf 86' lang='lat' dir='ltr'>Franciscus</span> <span class='ocrx_word' id='word_1_322' title='bbox 529 4925 684 5001; x_wconf 77' lang='lat' dir='ltr'>Coppellus,</span> <span class='ocrx_word' id='word_1_323' title='bbox 703 4926 875 4984; x_wconf 87' lang='lat' dir='ltr'>secretarius.</span> <span class='ocrx_word' id='word_1_324' title='bbox 893 4925 976 5000; x_wconf 88' lang='lat' dir='ltr'>(Clas.</span> <span class='ocrx_word' id='word_1_325' title='bbox 992 4927 1027 4996; x_wconf 90' lang='lat' dir='ltr'>X,</span> <span class='ocrx_word' id='word_1_326' title='bbox 1044 4925 1111 4984; x_wconf 88' lang='lat' dir='ltr'>dist.</span> <span class='ocrx_word' id='word_1_327' title='bbox 1132 4927 1158 4996; x_wconf 75' lang='lat' dir='ltr'>t,</span> <span class='ocrx_word' id='word_1_328' title='bbox 1176 4925 1353 4982; x_wconf 78' lang='grc'>1111162111.</span> <span class='ocrx_word' id='word_1_329' title='bbox 1369 4925 1444 4998; x_wconf 81' lang='lat'>208).</span> <span class='ocrx_word' id='word_1_330' title='bbox 1462 4925 1537 4980; x_wconf 85' lang='lat' dir='ltr'>Dans</span> <span class='ocrx_word' id='word_1_331' title='bbox 1559 4941 1613 4980; x_wconf 90' lang='lat' dir='ltr'>une</span> <span class='ocrx_word' id='word_1_332' title='bbox 1634 4925 1682 4980; x_wconf 83' lang='lat' dir='ltr'>de-</span> 
     </span>
     <span class='ocr_line' id='line_1_37' title="bbox 346 5011 1683 5090; baseline 0 -20"><span class='ocrx_word' id='word_1_333' title='bbox 346 5015 432 5087; x_wconf 81' lang='lat' dir='ltr'>ptche</span> <span class='ocrx_word' id='word_1_334' title='bbox 447 5017 485 5072; x_wconf 92' lang='lat' dir='ltr'>du</span> <span class='ocrx_word' id='word_1_335' title='bbox 498 5015 652 5088; x_wconf 66' lang='grc'>3011111111</span> <span class='ocrx_word' id='word_1_336' title='bbox 666 5017 812 5090; x_wconf 74' lang='lat' dir='ltr'>precedent</span> <span class='ocrx_word' id='word_1_337' title='bbox 823 5019 864 5086; x_wconf 75' lang='grc' dir='ltr'>(11ο</span> <span class='ocrx_word' id='word_1_338' title='bbox 877 5018 939 5088; x_wconf 85' lang='grc'>201)</span> <span class='ocrx_word' id='word_1_339' title='bbox 956 5015 1083 5088; x_wconf 83' lang='lat' dir='ltr'>Coppelle</span> <span class='ocrx_word' id='word_1_340' title='bbox 1098 5014 1182 5071; x_wconf 86' lang='lat' dir='ltr'>disait</span> <span class='ocrx_word' id='word_1_341' title='bbox 1198 5032 1205 5070; x_wconf 76' lang='grc' dir='ltr'><strong>ε</strong></span> <span class='ocrx_word' id='word_1_342' title='bbox 1223 5037 1237 5067; x_wconf 76' lang='grc' dir='ltr'>ιι</span> <span class='ocrx_word' id='word_1_343' title='bbox 1305 5016 1326 5070; x_wconf 94' lang='lat' dir='ltr'>lt</span> <span class='ocrx_word' id='word_1_344' title='bbox 1342 5015 1417 5086; x_wconf 89' lang='lat' dir='ltr'>Papa</span> <span class='ocrx_word' id='word_1_345' title='bbox 1433 5013 1469 5070; x_wconf 89' lang='lat' dir='ltr'>ba</span> <span class='ocrx_word' id='word_1_346' title='bbox 1488 5019 1568 5087; x_wconf 88' lang='lat' dir='ltr'>posto</span> <span class='ocrx_word' id='word_1_347' title='bbox 1586 5011 1613 5068; x_wconf 97' lang='grc'>11</span> <span class='ocrx_word' id='word_1_348' title='bbox 1629 5015 1683 5070; x_wconf 84' lang='lat' dir='ltr'>ue-</span> 
     </span>
     <span class='ocr_line' id='line_1_38' title="bbox 347 5099 1680 5178; baseline -0.001 -21"><span class='ocrx_word' id='word_1_349' title='bbox 347 5102 417 5160; x_wconf 89' lang='lat' dir='ltr'>cima</span> <span class='ocrx_word' id='word_1_350' title='bbox 428 5122 475 5176; x_wconf 89' lang='lat' dir='ltr'>per</span> <span class='ocrx_word' id='word_1_351' title='bbox 490 5111 558 5162; x_wconf 87' lang='lat' dir='ltr'>tutte</span> <span class='ocrx_word' id='word_1_352' title='bbox 572 5105 597 5162; x_wconf 86' lang='lat' dir='ltr'>le</span> <span class='ocrx_word' id='word_1_353' title='bbox 611 5106 692 5162; x_wconf 88' lang='lat' dir='ltr'>Terre</span> <span class='ocrx_word' id='word_1_354' title='bbox 707 5105 778 5162; x_wconf 83' lang='lat' dir='ltr'>deba</span> <span class='ocrx_word' id='word_1_355' title='bbox 789 5104 897 5174; x_wconf 89' lang='lat' dir='ltr'>Chiesa,</span> <span class='ocrx_word' id='word_1_356' title='bbox 913 5112 940 5162; x_wconf 90' lang='lat' dir='ltr'>et</span> <span class='ocrx_word' id='word_1_357' title='bbox 952 5105 977 5161; x_wconf 91' lang='lat' dir='ltr'>al</span> <span class='ocrx_word' id='word_1_358' title='bbox 992 5104 1112 5178; x_wconf 84' lang='lat' dir='ltr'>Collegio</span> <span class='ocrx_word' id='word_1_359' title='bbox 1122 5103 1150 5159; x_wconf 92' lang='lat' dir='ltr'>di</span> <span class='ocrx_word' id='word_1_360' title='bbox 1166 5103 1303 5161; x_wconf 87' lang='lat' dir='ltr'>Cardinati</span> <span class='ocrx_word' id='word_1_361' title='bbox 1314 5109 1341 5160; x_wconf 87' lang='lat' dir='ltr'>et</span> <span class='ocrx_word' id='word_1_362' title='bbox 1351 5102 1396 5159; x_wconf 91' lang='grc' dir='ltr'>11Ιί</span> <span class='ocrx_word' id='word_1_363' title='bbox 1408 5100 1524 5159; x_wconf 83' lang='grc'>1111111111</span> <span class='ocrx_word' id='word_1_364' title='bbox 1539 5099 1567 5156; x_wconf 94' lang='lat' dir='ltr'>di</span> <span class='ocrx_word' id='word_1_365' title='bbox 1580 5100 1680 5160; x_wconf 77' lang='lat' dir='ltr'>Home,</span> 
     </span>
     <span class='ocr_line' id='line_1_39' title="bbox 345 5191 1680 5268; baseline -0.002 -22"><span class='ocrx_word' id='word_1_366' title='bbox 345 5191 396 5248; x_wconf 86' lang='lat' dir='ltr'>che</span> <span class='ocrx_word' id='word_1_367' title='bbox 410 5191 435 5248; x_wconf 89' lang='grc'>11</span> <span class='ocrx_word' id='word_1_368' title='bbox 449 5193 604 5268; x_wconf 87' lang='lat' dir='ltr'>qualunque</span> <span class='ocrx_word' id='word_1_369' title='bbox 616 5213 650 5252; x_wconf 90' lang='lat' dir='ltr'>ne</span> <span class='ocrx_word' id='word_1_370' title='bbox 664 5196 776 5252; x_wconf 81' lang='lat' dir='ltr'>tochert</span> <span class='ocrx_word' id='word_1_371' title='bbox 790 5194 817 5251; x_wconf 91' lang='grc'>11</span> <span class='ocrx_word' id='word_1_372' title='bbox 828 5201 887 5252; x_wconf 83' lang='lat' dir='ltr'>rata</span> <span class='ocrx_word' id='word_1_373' title='bbox 901 5211 961 5260; x_wconf 90' lang='lat' dir='ltr'>sua,</span> <span class='ocrx_word' id='word_1_374' title='bbox 978 5211 1026 5268; x_wconf 86' lang='lat' dir='ltr'>per</span> <span class='ocrx_word' id='word_1_375' title='bbox 1043 5193 1216 5268; x_wconf 86' lang='lat' dir='ltr'>expeditione</span> <span class='ocrx_word' id='word_1_376' title='bbox 1231 5199 1324 5251; x_wconf 86' lang='lat' dir='ltr'>contre</span> <span class='ocrx_word' id='word_1_377' title='bbox 1345 5193 1493 5250; x_wconf 88' lang='lat' dir='ltr'>Thurcum.</span> <span class='ocrx_word' id='word_1_378' title='bbox 1510 5191 1542 5247; x_wconf 92' lang='lat' dir='ltr'>lu</span> <span class='ocrx_word' id='word_1_379' title='bbox 1571 5205 1680 5245; x_wconf 88' lang='lat' dir='ltr'>somma</span> 
     </span>
     <span class='ocr_line' id='line_1_40' title="bbox 348 5280 1146 5360; baseline -0.004 -24"><span class='ocrx_word' id='word_1_380' title='bbox 348 5280 459 5353; x_wconf 93' lang='lat' dir='ltr'>quinon</span> <span class='ocrx_word' id='word_1_381' title='bbox 472 5281 495 5337; x_wconf 84' lang='lat' dir='ltr'>si</span> <span class='ocrx_word' id='word_1_382' title='bbox 505 5299 590 5356; x_wconf 85' lang='lat' dir='ltr'>pense</span> <span class='ocrx_word' id='word_1_383' title='bbox 605 5301 701 5342; x_wconf 85' lang='lat' dir='ltr'>senon</span> <span class='ocrx_word' id='word_1_384' title='bbox 714 5302 762 5360; x_wconf 90' lang='lat' dir='ltr'>per</span> <span class='ocrx_word' id='word_1_385' title='bbox 775 5283 841 5360; x_wconf 77' lang='lat' dir='ltr'>ugni</span> <span class='ocrx_word' id='word_1_386' title='bbox 855 5283 899 5342; x_wconf 86' lang='lat' dir='ltr'>ria</span> <span class='ocrx_word' id='word_1_387' title='bbox 912 5300 929 5340; x_wconf 92' lang='grc'>1</span> <span class='ocrx_word' id='word_1_388' title='bbox 942 5281 998 5341; x_wconf 85' lang='grc'>1111</span> <span class='ocrx_word' id='word_1_389' title='bbox 1013 5283 1117 5341; x_wconf 85' lang='lat' dir='ltr'>danari.</span> <span class='ocrx_word' id='word_1_390' title='bbox 1132 5305 1146 5334; x_wconf 72' lang='lat' dir='ltr'>o</span> 
     </span>
    </p>
   </div>
   <div class='ocr_carea' id='block_1_4' title="bbox 0 0 1800 6042">
    <p class='ocr_par' dir='ltr' id='par_1_8' title="bbox 0 0 1800 6042">
     <span class='ocr_line' id='line_1_41' title="bbox 0 0 1800 6042; baseline 0 1"><span class='ocrx_word' id='word_1_391' title='bbox 0 0 1800 6042; x_wconf 95' lang='lat' dir='ltr'> </span> 
     </span>
    </p>
   </div>
  </div>
 </body>
</html>
