3502 6036
301 605 355 659 roe
760 601 936 659 roaanms
961 602 1182 672 ausoniam,
1431 603 1635 670 [sennenn]

303 761 480 834 mittendo
508 761 746 859 porrexerint,
772 781 814 832 ac
831 781 958 832 omnes
983 764 1019 832 et
1036 757 1196 856 singulos
1221 759 1433 833 eorumdem
1460 757 1634 854 parentes

305 885 509 977 defunctos,
540 892 576 960 et
602 909 727 960 eorum
741 884 1008 974 benefactores,
1026 884 1086 980 qui
1107 906 1190 957 cum
1215 885 1365 958 caritate
1394 877 1633 974 decesserint,

305 1010 340 1084 iu
358 1010 524 1083 omnibus
538 1010 720 1107 precibus
740 1009 933 1106 suffragiis,
950 1009 1206 1107 eleemosynis,
1219 1010 1379 1106 jejuniis,
1396 1009 1636 1098 orationibus,

305 1134 436 1224 missis,
460 1135 559 1208 horis
586 1134 785 1223 canonicis,
818 1133 1028 1230 disciplinis,
1053 1134 1407 1230 peregrinationibus
1433 1141 1471 1208 et
1500 1133 1636 1207 ceteris

306 1260 473 1333 dumibus
501 1259 746 1357 spiritualibus
774 1261 891 1348 bonis,
919 1285 987 1356 que
1013 1261 1101 1334 fient
1125 1265 1185 1332 aut
1199 1260 1278 1332 tisri
1301 1265 1472 1356 poterunt
1497 1258 1535 1331 in
1563 1265 1640 1332 toto

307 1385 499 1458 universali
530 1409 634 1458 sacro
661 1393 787 1459 sancta
811 1386 966 1460 ecclesia
995 1386 1170 1459 militante
1200 1391 1236 1459 et
1269 1383 1437 1458 omnibus
1461 1382 1640 1456 membris

306 1511 468 1607 ejusdem
485 1510 681 1608 participes
697 1512 732 1584 iu
750 1519 965 1609 perpetuum
981 1513 1081 1586 flent.
1098 1514 1280 1592 Ceterum,
1296 1533 1341 1585 ne
1355 1517 1501 1608 propter·
1523 1504 1645 1582 multi·

306 1635 468 1708 tudinem
487 1635 795 1731 indulgentiarum
811 1644 884 1710 tarn
900 1659 920 1708 a
937 1636 1039 1710 nabis
1056 1659 1163 1733 quam
1180 1659 1201 1708 a
1216 1634 1539 1732 predecessoribus
1556 1657 1642 1706 nos-

309 1761 650 1850 trisconcessarum,
662 1760 792 1835 Christi
810 1761 935 1836 lideles
951 1761 987 1834 iu
1002 1760 1073 1833 hoc
1089 1767 1214 1834 sancto
1230 1783 1339 1858 opere
1351 1759 1530 1834 tardiores
1543 1761 1644 1832 exis-

305 1890 548 1974 tautameos
578 1883 864 1982 indulgentiasa
893 1887 996 1958 uobis
1023 1891 1059 1958 et
1090 1885 1219 1959 eadem
1249 1885 1348 1976 sede,
1378 1885 1435 1958 vel
1465 1882 1639 1982 ejusdem

306 2009 519 2084 auctoritate
550 2011 836 2107 quibuscumque
853 2011 1016 2086 ecclesiis
1043 2011 1099 2084 vel
1124 2009 1354 2084 monasteriis
1379 2007 1642 2105 hospitalibus,

306 2133 414 2207 ctiam
427 2141 551 2207 nostro
567 2125 596 2208 s'.
616 2135 748 2232 Spiritu
763 2136 800 2208 in
814 2135 919 2210 Saxia
935 2134 1086 2209 dedicta
1099 2133 1194 2210 Urbe
1210 2134 1347 2208 ordinis
1359 2132 1598 2230 sbugustini
1609 2141 1643 2207 et

305 2260 374 2356 piis
389 2259 493 2350 locis,
517 2261 823 2352 universitatibus,
846 2260 1216 2352 confraternitatibus,
1244 2260 1353 2334 etiam
1375 2260 1644 2356 cujuscumque

306 2383 488 2479 qualitatis
504 2389 540 2458 et
553 2385 598 2458 ad
613 2409 879 2483 quemcumque
895 2409 1014 2476 usum,
1032 2387 1140 2460 etiam
1155 2385 1333 2458 laicorum
1348 2383 1404 2458 vel
1422 2383 1644 2458 clericorum

306 2509 489 2584 institutis.
513 2517 548 2584 et
565 2510 805 2608 singularibus
821 2511 985 2609 personis
1000 2511 1108 2586 etiam
1118 2510 1297 2608 plenarias
1314 2509 1432 2584 invita
1448 2509 1502 2582 vel
1513 2510 1647 2584 mortis

306 2635 457 2709 articulo
472 2643 706 2734 preterquam
723 2637 864 2710 ratione
874 2622 1111 2734 expeditionis
1123 2642 1159 2710 et
1174 2635 1398 2733 indulgentie
1410 2634 1494 2708 anni
1509 2627 1645 2731 jubilei

308 2759 518 2856 hujusmodi
535 2761 570 2833 in
588 2761 683 2834 dicta
699 2763 806 2852 Urbe,
839 2769 874 2837 et
893 2765 994 2836 extra
1023 2785 1104 2835 eam
1125 2761 1290 2836 videlicet
1311 2782 1505 2834 concessas
1523 2781 1646 2856 usque

309 2885 352 2956 ad
370 2885 506 2958 dictum
525 2887 655 2959 testum
673 2891 905 2961 Pentecostes
921 2887 1085 2984 proxime
1105 2887 1278 2976 laturum,
1302 2884 1501 2984 apostolica
1518 2893 1649 2958 aucto-

309 3009 414 3082 ritate
431 3010 607 3106 predicta,
626 3009 669 3084 de
689 3011 795 3084 simili
811 3011 1008 3108 apostolice
1025 3012 1212 3110 potestatis
1231 3009 1468 3109 plenitudiue,
1489 3033 1649 3106 suspeu-

308 3131 441 3221 dimus,
469 3133 620 3230 illasque
645 3133 790 3210 interim
816 3135 980 3208 volumus
995 3137 1032 3208 in
1047 3136 1187 3210 vitavel
1211 3135 1248 3208 in
1272 3143 1388 3209 morte
1410 3121 1648 3231 aliquatenus

307 3255 509 3353 suffragari,
534 3281 575 3330 ac
600 3257 679 3331 illas
705 3261 934 3356 questoribus
961 3262 1275 3361 eleemosynarum
1298 3259 1432 3358 aliquid
1455 3261 1648 3357 postulare

305 3381 507 3456 nullatenus
524 3407 652 3480 posse;
671 3391 706 3458 et
722 3385 882 3481 insuper,
901 3394 940 3461 ut
954 3388 1132 3484 premissa
1148 3387 1277 3462 melius
1294 3395 1330 3461 et
1343 3385 1498 3475 lucilius,
1518 3409 1648 3460 semo-

305 3507 349 3580 tis
375 3507 594 3604 quibuslibet
632 3509 914 3606 impedimentis,
941 3513 1104 3586 debitum
1138 3503 1408 3610 consequantur
1449 3511 1644 3602 ellectum,

305 3633 473 3706 omnibus
487 3641 522 3708 et
540 3633 867 3732 siugulislocorum
886 3637 1042 3734 cujusvis
1063 3637 1199 3712 ordinis
1222 3638 1278 3712 vel
1298 3637 1516 3712 conditionis
1543 3640 1646 3711 exis-

305 3763 394 3847 tant,
419 3759 604 3854 utruisque
630 3783 737 3832 sexus
759 3762 925 3857 personis
940 3762 975 3834 iu
995 3763 1125 3837 virtute
1150 3787 1251 3838 sacre
1267 3763 1487 3851 obedientie,
1507 3769 1545 3838 et
1573 3765 1644 3840 sub

306 3881 692 3956 excommunicationis
707 3883 779 3958 late
796 3887 974 3960 sententie
991 3909 1032 3960 ac
1048 3888 1310 3962 maledictionis
1320 3893 1647 3984 eterueaquanon

306 4007 375 4079 nisi
395 4031 414 4080 a
431 4007 535 4080 nobis
551 4015 587 4081 et
609 4010 857 4082 sucessoribus
873 4011 1006 4084 nostris
1027 4013 1262 4088 Pontificibus
1278 4013 1452 4088 canonice
1473 4015 1648 4090 intranti-

306 4133 387 4221 bus,
405 4138 639 4228 preterquam
655 4133 691 4205 in
705 4135 832 4209 mortis
846 4135 998 4244 articulo
1008 4137 1192 4212 constituti
1209 4145 1245 4212 et
1261 4138 1383 4214 debita
1393 4139 1646 4215 satisfactione

304 4257 483 4353 premissa
506 4255 642 4330 absolui
660 4258 813 4354 possint,
842 4283 883 4334 ac
911 4261 1105 4357 peculiaris
1129 4263 1244 4336 nuntii
1274 4269 1311 4338 et
1335 4265 1578 4338 commissarii
1604 4291 1646 4340 ar-

306 4380 596 4478 deputaudorum
613 4386 647 4455 et
665 4383 1019 4481 subdelegaudorum
1032 4387 1448 4484 predictorumarbitrio,
1465 4391 1647 4487 qualitate

308 4508 392 4582 tacti
411 4513 448 4582 et
462 4531 618 4606 persone
635 4512 773 4608 attenta
789 4509 1027 4602 moderando,
1041 4517 1077 4586 et
1088 4511 1132 4586 de
1146 4513 1242 4588 lacto
1258 4539 1279 4587 a
1295 4515 1645 4592 contrafacientibus

306 4631 486 4729 exigenda
499 4655 594 4730 pena
610 4631 810 4723 districtus
827 4634 1033 4711 iuhibemus
1052 4661 1098 4714 ne
1114 4639 1280 4715 videlicet
1296 4621 1469 4716 ordinarii
1488 4643 1644 4718 abbates

307 4765 342 4833 ot
364 4757 433 4832 alie
464 4759 710 4834 ecclesiastice
732 4783 888 4858 persone
915 4765 1110 4858 seculares,
1138 4773 1174 4840 et
1196 4765 1364 4865 religiose
1395 4791 1640 4867 quecumque,

305 4887 529 4982 presentium
545 4885 829 4983 publicationem
852 4888 888 4960 in
903 4913 1032 4994 eorum
1045 4891 1221 4985 ecclesiis
1241 4893 1448 4970 civitatibus
1465 4901 1502 4970 et
1517 4897 1644 4971 diece-

307 5011 419 5100 sibus,
438 5015 474 5084 et
488 5011 562 5101 ubi,
581 5015 617 5084 et
638 5013 781 5110 quoties
802 5035 892 5111 opus
907 5015 1027 5106 luerit,
1046 5017 1210 5092 facienda
1232 5021 1423 5116 impedire,
1442 5027 1479 5096 et
1504 4995 1643 5120 aliquid

309 5140 475 5230 pretextu
492 5135 586 5210 dicte
606 5137 859 5234 publicationis
877 5145 1016 5236 petere,
1035 5147 1072 5214 et
1088 5143 1197 5217 etiam
1215 5151 1379 5243 asponte
1400 5145 1642 5222 offerentibus

309 5259 454 5354 exigere
472 5267 503 5331 rt
525 5261 706 5360 recipcre;
729 5287 771 5336 ar
787 5263 853 5363 ipsi
870 5268 906 5335 et
921 5263 1138 5364 quicumque
1157 5263 1214 5340 alii
1230 5269 1265 5342 in
1280 5272 1466 5368 premissis
1482 5279 1517 5350 et
1540 5275 1639 5348 circa
