3502 6036
361 576 409 631 ui
813 569 988 626 tonsurus
1009 572 1231 658 conculam,
1534 579 1675 646 tautum]

360 738 394 803 ct
414 730 475 802 ivit
494 727 540 802 ad
557 727 743 801 dexteram
762 731 953 824 Capuanus
977 733 1013 800 et
1037 726 1168 824 Borgia
1192 729 1237 800 ad
1261 727 1457 816 sinistram,
1483 753 1558 804 non
1582 732 1672 808 bene.

361 858 452 928 Cum
471 859 592 928 essent
609 857 693 926 ante
709 845 823 926 scalas
842 851 994 926 ecclesie
1012 854 1057 925 dc
1075 853 1225 948 Populo,
1244 855 1435 950 Capuanus
1449 877 1525 928 non
1544 856 1674 932 descen-

359 979 409 1052 dit
434 1003 476 1052 ex
505 977 617 1066 mula,
646 975 710 1050 sed
732 1000 753 1050 a
775 975 906 1072 Borgia
929 980 1078 1072 recepta
1097 978 1215 1064 venia,
1241 977 1348 1052 rediit
1372 978 1418 1050 ad
1442 978 1624 1075 palatium,
1646 989 1674 1054 et

359 1103 490 1200 Borgia
512 1100 658 1176 intravit
679 1100 884 1191 ecclesiam,
905 1099 988 1172 inde
1013 1123 1177 1174 cameras
1196 1100 1263 1174 sibi
1280 1109 1507 1199 preparatas,
1527 1102 1586 1177 ubi
1604 1129 1672 1178 curn

359 1251 534 1316 essemus,
559 1227 654 1300 volui
686 1225 783 1322 quod
811 1223 1042 1298 barbitonsor
1069 1225 1296 1299 abbreviaret
1318 1227 1351 1301 ai
1381 1227 1533 1324 capillos
1559 1227 1614 1324 qui
1636 1229 1670 1302 ad

356 1352 447 1426 duos
466 1351 598 1448 digitos
612 1350 791 1425 auriculas
809 1349 1047 1438 excedebant,
1068 1350 1262 1448 ampliaret
1279 1352 1310 1424 ei
1331 1374 1506 1425 coronam
1526 1359 1672 1448 quaerat

355 1501 465 1575 parva
492 1482 529 1550 et
553 1475 649 1549 male
676 1475 796 1564 tacta,
824 1473 1016 1548 cardinalis
1045 1473 1133 1547 dixit
1158 1473 1306 1571 capillos
1330 1481 1366 1549 et
1392 1497 1568 1550 coronam
1594 1475 1669 1550 benc

356 1626 449 1674 esse.
476 1600 581 1674 Nolui
604 1599 801 1696 replicare;
827 1621 909 1688 curn
932 1598 1094 1672 viderem
1117 1598 1403 1696 indignationem
1423 1623 1542 1690 suam,
1565 1599 1667 1672 dimisi

355 1750 438 1799 eum
467 1725 559 1798 sicut
587 1728 667 1798 erat
694 1729 730 1797 et
757 1723 889 1796 recessi
917 1729 1112 1819 antequam
1139 1724 1185 1796 ad
1216 1747 1298 1796 eum
1324 1723 1465 1796 veniret
1495 1723 1668 1797 cardinalis

355 1855 558 1947 Capuanus.
590 1852 629 1922 ln
655 1846 768 1943 pratis
793 1846 958 1920 exuimus
984 1846 1206 1921 cardinalem
1229 1847 1399 1944 Bergium
1423 1847 1616 1944 capuccino
1638 1855 1666 1918 et

354 1973 525 2048 mantello
549 1972 710 2046 violaceo
733 1971 777 2044 de
800 1992 919 2067 panno
947 1971 1033 2043 satis
1057 1993 1196 2068 grosso,
1222 1993 1293 2066 que
1315 1972 1420 2044 nobis
1444 1971 1666 2068 applicuimus

351 2123 452 2172 more
471 2099 590 2173 solito.
1241 2199 1243 2202 Ι

402 2223 537 2298 Eodem
552 2245 648 2314 sero,
664 2223 762 2297 circa
775 2223 917 2296 tertiam
931 2222 1059 2296 horam
1075 2223 1207 2312 noctis,
1222 2222 1319 2296 venit
1334 2227 1477 2296 secrete
1488 2220 1534 2294 ad
1551 2219 1662 2294 Urbem

351 2347 421 2422 dux
435 2349 662 2439 Valentinus,
681 2348 739 2444 qui
756 2347 886 2421 mansit
900 2348 936 2420 in
952 2347 1084 2444 palatio
1101 2355 1264 2445 secrete.¹

397 2474 550 2550 Veneris
567 2473 764 2570 sequentis,
782 2472 817 2544 in
835 2495 957 2562 mane,
978 2478 1019 2546 l8
1038 2471 1142 2568 junii,
1164 2472 1260 2545 bono
1277 2493 1384 2545 mane
1402 2472 1484 2546 veni
1500 2471 1544 2544 ad
1560 2473 1659 2564 Popu-

348 2599 437 2688 lum,
465 2607 501 2672 et
523 2599 606 2694 quia
625 2598 764 2696 capella
782 2598 819 2669 in
843 2597 1001 2671 claustro
1022 2603 1100 2670 erat
1116 2597 1224 2670 nimis
1242 2597 1392 2670 humida
1409 2604 1447 2672 et
1469 2593 1656 2677 aromatica,
1729 2608 1733 2618 ·

348 2723 469 2797 ornavi
496 2722 692 2820 capitulum
715 2721 954 2796 antedictam
978 2721 1154 2818 capellam
1182 2721 1362 2818 aliquibus
1383 2721 1496 2810 ratiis,
1520 2727 1558 2793 ut
1575 2715 1657 2815 potui

350 2847 493 2937 melius,
511 2847 597 2943 quia
611 2845 733 2920 lorerii
748 2845 839 2918 nibil
853 2846 937 2918 illuc
953 2845 1139 2935 miserant,
1155 2845 1240 2920 licet
1254 2855 1376 2920 essent
1390 2846 1437 2919 ad
1451 2847 1521 2919 hoc
1536 2839 1654 2917 moniti.

347 2975 534 3045 Venerunt
551 2971 657 3068 primi
680 2969 881 3044 cardinales
901 2970 1063 3068 palatini,
1082 2970 1249 3045 videlicet
1268 2995 1296 3044 s
1323 2971 1510 3058 l‘raxedis,
1530 2967 1658 3041 Alexan·
1733 2993 1734 3011 ¹

349 3094 488 3184 drinus,
515 3099 717 3193 Capuanus,
743 3095 970 3186 Arborensis,
996 3096 1212 3170 Cusentinus
1235 3103 1271 3170 et
1297 3095 1524 3182 Mutinensis,
1547 3089 1656 3166 deinde
1732 3105 1733 3127 ¹

347 3220 559 3309 tiesarinus,
576 3221 663 3294 item
677 3221 961 3317 Caputaquensis
976 3227 1012 3296 et
1025 3221 1230 3313 Farnesius,
1248 3220 1394 3295 tandem
1409 3217 1654 3318 Neapolitanus,
1731 3237 1732 3243 ¹

350 3349 634 3436 Beneventanus,
660 3371 689 3419 s.
715 3343 843 3420 Crucis
868 3353 904 3422 et
927 3348 1112 3433 Senensis,
1143 3346 1273 3442 quibus
1295 3346 1403 3420 simul
1425 3339 1653 3420 existentibus,

346 3469 456 3544 voluit
475 3474 517 3542 b.
538 3470 792 3567 Neapolitanus
812 3469 908 3567 quod
924 3471 1092 3544 adstatim
1109 3470 1367 3567 equitaremus,
1386 3477 1492 3566 prout
1509 3465 1651 3544 lecimus,

347 3618 429 3668 cum
452 3594 734 3670 ascenderemus
759 3619 887 3691 equos.
913 3599 1100 3672 Venerunt
1129 3595 1329 3692 cardinales
1359 3593 1511 3668 Ursinus
1536 3595 1569 3662 ct
1592 3587 1652 3658 lle·

341 3719 469 3806 dices,
490 3726 537 3809 ct,
558 3741 641 3793 cum
660 3742 823 3793 essemus
841 3726 924 3793 ante
942 3719 1120 3816 hospitale
1135 3719 1358 3808 sclavorum,
1372 3718 1471 3792 venit
1487 3705 1653 3790 cardinalis

349 3867 378 3916 s.
401 3844 576 3932 Severini,
598 3853 733 3918 etcum
753 3837 902 3940 l’epain
923 3844 1057 3940 palatio
1079 3852 1157 3917 erat
1179 3843 1372 3918 cardinalis
1395 3837 1650 3940 Agrigentinum

349 3988 460 4039 novus
479 3966 670 4040 cardinalis
688 3967 784 4039 solus
803 3967 840 4039 in
855 3991 969 4064 cappa
989 3969 1034 4041 de
1053 3967 1285 4043 ciambelotto
1302 3965 1528 4050 cremesino;
1546 3975 1650 4034 omnes

347 4088 420 4180 alii,
450 4089 486 4164 in
511 4090 702 4178 violaceis3
731 4099 767 4163 et
792 4091 962 4186 equitavit
988 4092 1025 4164 in
1053 4093 1180 4166 ultirno
1205 4092 1287 4166 loco
1313 4091 1408 4165 inter
1436 4095 1651 4165 Senensemo
1723 4161 1724 4175 ,

346 4215 481 4287 dextris
512 4222 548 4290 et
578 4215 737 4289 Medicas
770 4240 792 4291 a
821 4215 998 4306 sinistris3
1028 4241 1101 4290 non
1126 4216 1275 4314 premisl
1304 4217 1396 4290 duos
1431 4215 1592 4290 diaconos
1614 4195 1648 4272 ad
1722 4263 1723 4291 ,

338 4341 494 4434 Papam,
522 4345 561 4412 ut
586 4340 702 4436 ipsum
738 4339 942 4431 induerent,
972 4340 1056 4436 quia
1087 4339 1243 4414 dubitavi
1271 4339 1371 4413 illum
1402 4337 1556 4413 nondum
1584 4346 1648 4398 sur·
1721 4361 1722 4407 t

347 4464 495 4537 rexisse.
525 4467 643 4537 Novus
674 4465 866 4538 cardinalis
899 4466 1031 4539 mansit
1062 4489 1145 4540 cum
1174 4468 1335 4539 Senense
1369 4469 1404 4536 et
1434 4453 1592 4536 l'arnasio
1619 4445 1646 4517 in
1720 4451 1721 4525 l

330 4588 452 4683 ¹parva
480 4587 620 4686 capella
642 4589 704 4684 qui
729 4596 807 4663 erat
831 4589 1007 4687 spalleriis
1034 4596 1174 4680 ornata,
1199 4589 1359 4664 sednon
1384 4585 1509 4661 habuit
1533 4577 1646 4674 tapetes
1719 4561 1720 4641 l

345 4720 608 4810 superterram
637 4718 781 4786 stratos.
809 4717 919 4810 Papa,
945 4737 1026 4788 cum
1050 4714 1165 4789 exiret
1186 4713 1231 4788 de
1254 4735 1403 4787 camera
1424 4712 1468 4785 ad
1491 4712 1645 4782 cameram
1718 4669 1719 4757 l

345 4838 527 4934 Papagalli
545 4839 589 4911 ad
603 4837 814 4934 accipienda
831 4847 1055 4934 paramenta,
1074 4838 1305 4935 repraehendit
1323 4861 1381 4910 me
1399 4837 1494 4932 quod
1507 4833 1550 4906 ita
1563 4839 1645 4918 acte·

341 4963 597 5037 leravissemus
616 4963 809 5037 adventum
827 4972 990 5038 nostrum
1004 4964 1048 5038 de
1070 4964 1221 5060 Populo.
1240 4961 1422 5058 Respondi
1439 4961 1559 5034 horam
1574 4945 1644 5016 dut

345 5087 524 5162 decimam
543 5111 623 5163 esse
642 5088 833 5187 pulsatam,
855 5097 962 5186 prout
980 5097 1070 5163 erat.
1098 5093 1194 5184 Papa
1213 5096 1357 5186 paratus
1375 5086 1467 5159 verrit
1485 5079 1526 5156 ad
1547 5062 1642 5170 publi·

343 5234 427 5283 cum
448 5213 712 5304 consistorium,
731 5212 831 5309 quod
841 5211 1006 5286 habitum
1023 5213 1127 5288 estin
1143 5211 1364 5286 tertiaeula:
1389 5203 1561 5308 proposita
1576 5189 1641 5265 sunt
