3502 6036
98 607 242 670 [6666]
420 605 546 664 aenou
570 604 797 662 onaeueauu
821 591 1084 662 6666616666.
1368 610 1418 664 rar

99 761 331 836 Nihilominus
358 763 415 838 vel
443 763 639 836 immemor
658 741 868 859 hujusmodi
893 761 1062 856 pecunie,
1092 761 1145 835 vel
1169 761 1271 851 alias,
1299 763 1345 836 de
1375 763 1420 836 ee

100 909 164 959 non
184 885 288 959 aliter
310 887 511 984 disposuit3
536 889 633 983 Papa
654 885 700 958 de
721 885 931 981 hujusmodi
956 884 1116 959 lorzeriis
1139 883 1274 958 certior
1300 886 1418 960 lactus
1470 904 1475 912 ·

99 1011 186 1084 misit
204 1035 270 1106 pro
290 1011 342 1086 eis
358 1015 547 1084 Anconam
564 1017 600 1084 61
613 1009 741 1083 habuit
760 1032 804 1083 66
822 993 906 1082 cum
923 1009 1090 1107 pecuniis
1105 1011 1341 1106 supradictis.

141 1137 240 1209 Ferie
258 1137 379 1226 tertia,
403 1141 446 1210 18
464 1137 551 1209 dicti
571 1135 706 1227 mensis
724 1135 823 1223 maii,
841 1119 960 1230 prime
978 1158 1128 1232 vespere
1148 1160 1178 1207 s.
1197 1137 1314 1208 lvonis
1331 1161 1419 1211 con-

97 1263 244 1350 tessoris,
266 1262 432 1336 advocati
449 1285 665 1358 pauperum,
683 1265 723 1333 R.
742 1264 782 1332 P.
800 1249 1416 1357 111616666616666666616666616

97 1386 286 1464 celebravit
305 1409 476 1482 vesperes
494 1384 531 1456 16
545 1365 707 1456 66616616
729 1383 893 1480 ejusdem
913 1384 1041 1466 sancti,
1062 1379 1254 1480 hospitalis
1276 1386 1419 1460 Britan-

96 1535 239 1600 norum3
263 1510 410 1582 nemis.
437 1513 512 1582 bl).
533 1533 562 1580 s.
585 1509 768 1597 PrexediS,
788 1507 1046 1597 Alexandnnn,
1069 1489 1279 1600 Cusentino,
1303 1513 1419 1606 11666-

97 1645 275 1733 lequense,
298 1613 473 1723 Senense,
494 1657 524 1706 s.
548 1631 707 1706 Severini
732 1638 768 1706 61
793 1632 964 1704 Farnesio
988 1633 1231 1728 presentibus.
1257 1629 1418 1710 Vocatus

95 1761 164 1833 veni
192 1737 233 1831 in·
255 1758 367 1832 tertio
395 1757 536 1854 psalmo
564 1739 795 1853 vesperorum
819 1761 855 1829 et
879 1757 1002 1852 reperi
1021 1757 1145 1829 omnia
1172 1757 1249 1832 sine
1276 1758 1416 1832 ordine.

95 1883 283 1959 celebrans
301 1889 449 1978 paratus
465 1885 545 1954 erat
561 1881 656 1954 stola
672 1905 782 1978 super
798 1880 1028 1953 rocchettum
1044 1872 1080 1954 61
1096 1877 1256 1978 desuper
1272 1882 1417 1979 pluviali

96 2007 179 2095 elbo,
203 2006 418 2095 chirotecis,
444 1985 579 2078 annulo
602 2005 802 2100 pontificali
825 2011 862 2077 61
887 2005 998 2078 mitra
1023 2005 1200 2102 pretiosa,
1227 2006 1357 2079 sedens
1383 2007 1418 2078 in

96 2131 292 2215 faldistorio
310 2130 431 2226 posito
451 2129 487 2202 in
508 2129 688 2226 principio
708 2115 860 2218 tribuni,
880 2129 973 2203 facie
994 2129 1104 2203 altari
1123 2155 1241 2221 versa,
1266 2131 1419 2204 dextera

97 2254 218 2352 populo
252 2259 292 2326 et
319 2253 468 2326 sinistra
495 2254 656 2342 tribuno,
686 2257 723 2326 61
747 2253 995 2326 cardinalibus
1027 2249 1162 2327 ibidem
1193 2255 1416 2328 sedentibus.

98 2383 241 2454 Versum
260 2383 374 2475 caput
392 2377 635 2452 cardinalium
658 2383 737 2452 erat
760 2380 827 2451 sub
849 2379 979 2452 eodem
1003 2378 1146 2452 tribuno
1169 2381 1214 2452 ad
1233 2377 1417 2452 sinistram

100 2503 327 2592 celebrantis,
355 2507 393 2576 61
415 2503 661 2599 sequebantur
682 2527 807 2578 omnes
831 2503 1034 2576 cardinales
1061 2505 1278 2594 successive,
1308 2511 1418 2601 prout

101 2636 172 2702 sunt
194 2628 367 2725 superius
389 2629 581 2702 nominati.
602 2629 706 2703 Nolui
721 2630 859 2726 aliquid
875 2633 1088 2726 permolere
1111 2630 1166 2702 vel
1184 2629 1415 2726 perturbere,

101 2753 154 2824 sed
171 2752 292 2826 dimisi
311 2753 437 2826 omnia
454 2753 549 2826 sicut
568 2753 710 2845 inveni;
734 2753 891 2826 debebat
916 2759 1038 2826 aulem
1055 2753 1245 2826 celebrans
1263 2755 1416 2844 sedisse,

103 2877 181 2949 tocie
198 2879 351 2951 tribuno
372 2881 408 2952 el
432 2877 679 2951 cardinalibus
701 2864 737 2950 16
756 2901 800 2951 66
822 2879 1034 2952 sedentibus
1052 2885 1088 2952 61
1110 2879 1261 2952 renibus
1284 2879 1417 2975 666616

101 3025 134 3096 pc
159 3000 306 3074 dextera
329 3000 436 3074 altari
458 3001 585 3091 versis,
610 3007 720 3099 prout
745 3002 785 3074 lit
807 3003 844 3074 in
867 3003 1024 3076 ccclesia
1046 3027 1074 3076 6.
1101 3004 1214 3076 Μ6661
1239 3003 1276 3074 16
1306 3003 1416 3092 Urbe,

101 3125 296 3200 cardinales
316 3127 446 3201 secisse
468 3126 540 3200 duo
562 3127 696 3224 capite,
723 3151 835 3200 unum
859 3151 881 3200 a
901 3151 1017 3200 cornu
1043 3127 1220 3225 evangelii
1237 3128 1374 3200 'altaris
1399 3152 1421 3201 a

105 3251 207 3346 capite
222 3251 377 3341 tribuni,
396 3275 522 3324 versus
540 3252 618 3349 ejus
637 3253 822 3340 medium3
845 3251 1049 3349 presbyteri
1068 3257 1104 3324 61
1119 3253 1264 3325 diaconi
1282 3254 1328 3325 ab
1347 3252 1419 3324 alio

104 3377 207 3472 666116
233 3377 372 3451 tribuni
403 3401 424 3449 a
451 3401 564 3450 cornu
589 3377 755 3474 epistole,
786 3378 896 3451 etiam
924 3401 1050 3451 versus
1078 3378 1240 3451 medium
1267 3378 1417 3450 tribuni.

103 3503 250 3597 Vespere
267 3501 360 3574 alias
379 3502 578 3575 dictasunt
597 3526 700 3575 more
719 3503 840 3576 solito.

142 3625 311 3698 blercurii
330 3626 526 3722 sequentis,
550 3629 592 3698 19
604 3607 699 3699 111611
717 3628 867 3716 mensis,
884 3629 976 3701 testo
992 3628 1158 3725 ejusdem
1175 3626 1304 3716 sancti,
1322 3625 1421 3722 epis·

105 3770 203 3844 copus
230 3749 430 3823 celebravit
458 3750 608 3823 missam
636 3749 837 3824 solemnem
865 3753 899 3823 in
926 3754 1056 3826 eadem
1084 3751 1253 3840 ecclesia,
1284 3741 1421 3845 absque

105 3851 244 3970 alicujus
257 3873 454 3946 cardinalis
469 3875 670 3971 presentia,
689 3875 919 3972 presentibus
935 3881 978 3950 [t.
992 3877 1166 3973 episcopo
1177 3878 1419 3962 Trecorense,

106 4005 238 4070 oratore
254 3998 352 4095 ragis
368 3999 521 4071 Francie
536 3999 598 4095 qui
613 4000 713 4071 stetit
728 4024 750 4072 a
764 4023 879 4072 cornu
895 4000 1072 4097 evangelii
1090 4025 1111 4074 a
1126 3999 1239 4074 choro
1256 3998 1421 4071 inferiori

107 4127 147 4206 61,
167 4127 246 4215 6661
269 4145 366 4210 eum,
395 4121 566 4195 videlicet
588 4123 699 4212 circa,
728 4123 788 4195 alii
811 4123 970 4196 curiales
994 4129 1042 4214 et,
1072 4125 1108 4196 in
1131 4123 1210 4222 ejus
1236 4123 1420 4220 opposito,

107 4241 257 4317 videlicet
272 4268 294 4317 a
308 4255 424 4317 cornu
441 4246 609 4342 epistole,
623 4245 899 4342 archiepiscopo
917 4247 1112 4345 Ragusino,
1128 4251 1163 4319 et
1179 4251 1418 4334 Cortonense,

106 4365 329 4441 Volaterrano
342 4373 379 4440 et
392 4369 537 4443 Castelli
554 4370 665 4442 1116616
681 4371 863 4466 661666616
877 4371 1043 4444 61616616
1057 4371 1320 4443 Caballicense.
1335 4373 1421 4441 Fes-

110 4492 174 4560 tum
193 4479 299 4589 huju's
322 4493 437 4567 666611
459 4517 533 4566 666
556 4493 622 4566 1611
644 4494 754 4567 hodie
777 4519 844 4592 666
868 4491 1149 4570 conservatores
1168 4503 1203 4569 et
1224 4497 1421 4568 advocatos

109 4609 139 4682 in
162 4613 306 4690 basilica
331 4641 360 4690 6.
393 4619 490 4690 Ρ6161
520 4619 747 4692 celebratum
776 4623 839 4694 sed
865 4623 901 4694 in
926 4621 1037 4694 aliam
1060 4621 1157 4694 diem
1185 4620 1417 4708 translatum,

110 4735 257 4830 ejusdem
287 4742 518 4815 auditoribus
549 4749 586 4815 et
616 4745 801 4818 advocetis
834 4747 1078 4844 allegantibus
1110 4743 1316 4819 cardinales
1348 4765 1420 4814 non

109 4859 230 4934 debere
254 4865 311 4938 his
342 4866 471 4940 diebus
504 4868 682 4966 equitare,
718 4877 754 4942 61
785 4871 894 4944 hodie
924 4880 1045 4944 666661
1076 4893 1226 4966 vespere
1255 4867 1418 4964 papales

112 5006 200 5082 ergo,
221 4993 286 5063 616.
306 4991 376 5064 Sed
392 5014 466 5064 non
484 4997 563 5066 erat
581 4995 799 5067 conveniens
815 4995 884 5069 hec
905 4995 1108 5082 translatio,
1129 5017 1196 5066 666
1214 4992 1423 5064 auditorum

113 5113 141 5178 et
166 5111 416 5189 advocatorum
444 5117 636 5215 allegatio,
666 5141 749 5192 cum
776 5121 984 5194 cardinales
1011 5121 1046 5192 in
1074 5119 1130 5193 die
1154 5117 1247 5217 jovis
1275 5120 1419 5200 sancta,

114 5236 238 5307 veneris
260 5245 403 5332 sancta,
429 5241 523 5314 testo
549 5239 713 5316 omnium
741 5247 975 5334 Sanctorum,
1005 5249 1042 5316 et
1067 5241 1190 5340 vigilia
1215 5239 1422 5314 Nativitatis
