3554 6042
355 627 408 684 418
797 618 974 676 JOllANNlS
997 617 1220 690 BURCHARDI,
1284 699 1287 706 ,
1521 620 1664 684 [1100011111

357 783 502 878 portam
519 781 757 852 portuensem
776 775 922 850 intravit
938 775 1086 866 Urbem,
1105 780 1140 848 et
1155 797 1222 872 per
1237 773 1504 850 Transtiberim
1522 775 1566 848 ad
1580 777 1663 873 pala-

356 905 447 981 tium
462 903 524 1005 (1).
1340 971 1344 978 .

403 1029 544 1120 Martis,
565 1035 606 1104 17
626 1027 816 1118 februarii,
835 1031 873 1101 et
889 1025 1126 1123 sequentibus
1145 1024 1288 1116 diebus,
1307 1025 1414 1100 ludei
1431 1031 1469 1102 et
1488 1027 1598 1102 ceteri
1612 1052 1664 1102 eu-

357 1159 552 1230 currerunt
577 1177 645 1252 pro
674 1152 805 1251 palliis,
831 1165 935 1226 more
960 1149 1082 1240 solito,
1105 1153 1142 1224 et
1165 1149 1238 1224 alia
1264 1148 1359 1226 iesta
1383 1151 1550 1226 bestialia
1570 1157 1665 1228 Rome

355 1276 481 1352 habita
496 1277 723 1352 solemniter.

403 1403 576 1478 Mercurii
594 1404 774 1492 cinerum,
795 1405 841 1474 24
857 1399 1024 1492 sebuarii,
1045 1403 1172 1474 Rmus.
1191 1403 1234 1474 b.
1256 1399 1452 1476 cardinalis
1467 1402 1666 1476 Cusentinus

354 1525 538 1603 benedixit
557 1532 594 1601 et
613 1527 800 1600 distribuit
820 1525 959 1599 cineres
979 1525 1016 1600 in
1036 1523 1192 1622 capella,
1218 1527 1317 1622 Papa
1344 1525 1509 1616 absente,
1530 1530 1567 1600 et
1586 1526 1667 1600 cele·

353 1651 472 1726 bravit
485 1651 633 1724 missam
649 1650 851 1748 publicam;
870 1649 1074 1723 orationem
1087 1648 1174 1722 lecit
1192 1651 1236 1722 b.
1253 1648 1419 1723 Andreas
1433 1649 1478 1723 de
1490 1649 1666 1748 Piperariis

354 1776 574 1850 secretarius
591 1773 786 1850 cardinalis
802 1798 831 1847 s.
851 1772 995 1862 Vitalis,
1011 1777 1048 1847 et
1064 1772 1134 1847 fuit
1150 1771 1400 1848 brevissimus.

403 1899 594 1975 Dominiea
617 1899 738 1997 prima
760 1897 1055 1994 quadragesime,
1086 1902 1099 1970 1
1128 1897 1267 1986 martii,
1292 1897 1591 1996 archiepiscopus
1607 1901 1664 1972 ’la-

352 2025 528 2116 rentiuus,
546 2023 731 2114 assistens,
747 2021 944 2098 celebravit
954 2020 1102 2095 missam
1118 2021 1304 2119 publicam
1322 2022 1359 2094 in
1374 2021 1660 2121 capellemajorc,

351 2154 449 2248 Papa
465 2149 632 2242 absente;
650 2147 853 2223 orationem
872 2145 959 2220 feeit
981 2149 1201 2244 procurator
1224 2145 1361 2221 ordinis
1383 2148 1659 2245 predicatorum

350 2273 422 2348 alia
438 2296 543 2348 more
561 2272 682 2348 solito.

398 2391 1657 2495 Dominicasecundaquadragesime,8martii,episeopusSuessanus,

349 2524 534 2616 assistens,
566 2521 762 2598 celebravit
780 2521 930 2594 missam
951 2519 1149 2618 publicam,
1170 2524 1269 2621 Papa
1283 2523 1456 2615 absentc;
1474 2526 1659 2602 orationem

348 2651 435 2726 lecit
451 2653 674 2749 procurator
689 2645 828 2722 ordinis
844 2645 1047 2735 Minorum;
1068 2644 1142 2720 alia
1157 2671 1261 2723 more
1278 2647 1399 2724 solito.

396 2779 510 2866 Luae,
529 2779 550 2848 9
567 2773 699 2862 martii,
725 2775 808 2869 post
828 2769 1037 2879 prandium,
1060 2769 1218 2867 equitavi
1241 2773 1287 2846 ad
1307 2777 1449 2872 Aquam
1466 2776 1656 2852 Acetosam.

347 2900 497 2974 lnterim
520 2902 561 2973 B.
585 2896 804 2972 Pascuccius
826 2893 1015 2969 descendit
1035 2917 1102 2992 per
1123 2895 1259 2970 scalam
1278 2899 1406 2992 turris,
1428 2900 1540 2999 fregit
1557 2925 1661 2978 serre·

345 3030 469 3100 turam
488 3024 572 3097 ostii
589 3046 611 3098 a
634 3022 732 3098 lodie
748 3045 845 3112 mea,
865 3019 1013 3094 intravit
1029 3043 1096 3117 per
1116 3021 1266 3115 scalam,
1282 3025 1425 3124 accepit
1440 3050 1552 3100 unum
1567 3027 1662 3102 duca-

345 3154 424 3224 tum
442 3149 487 3222 de
503 3171 650 3223 camera
662 3171 707 3222 ex
722 3145 935 3220 scersellina
949 3166 1033 3218 mea
1052 3149 1089 3220 et
1102 3145 1238 3221 clavem
1254 3149 1301 3221 ad
1316 3150 1531 3243 armarium,
1547 3177 1661 3250 exque
1756 3175 1757 3184 ¹

346 3274 488 3350 furatus
505 3281 561 3350 est
579 3296 706 3348 omnes
721 3295 860 3370 pennos
873 3269 934 3368 qui
950 3273 1057 3344 erent
1074 3292 1158 3344 cum
1176 3294 1249 3346 una
1266 3275 1494 3362 scarcellina,
1509 3277 1662 3352 videlieet

345 3400 497 3475 ducatos
520 3400 645 3498 largos
670 3403 825 3496 septem,
850 3397 896 3470 de
919 3395 1193 3486 cameramos,
1219 3401 1256 3471 et
1277 3421 1391 3474 unum
1410 3409 1592 3498 quartum,
1610 3403 1663 3476 llo
1755 3497 1756 3504 ἵ

346 3551 454 3602 renos
470 3525 595 3625 viginti
616 3547 747 3615 unum;
765 3521 904 3618 recepit
921 3520 1071 3595 bursam
1086 3543 1170 3594 cum
1191 3520 1341 3598 diversis
1357 3527 1515 3601 monetis
1535 3551 1599 3627 per
1612 3549 1661 3599 me
1755 3505 1756 3558 t

343 3652 453 3751 longe
478 3655 647 3748 tempore
675 3644 910 3735 conservatis,
938 3643 1072 3718 mullas
1097 3667 1158 3719 res
1176 3651 1384 3743 argenteas,
1411 3651 1527 3726 Peter
1543 3652 1662 3726 Noster

345 3800 428 3851 cum
444 3775 592 3850 corallis
602 3763 647 3849 ‘et
663 3797 772 3848 cruce
791 3776 827 3846 et
848 3770 955 3869 plura
975 3769 1048 3843 alia
1063 3768 1197 3844 valoris
1216 3777 1364 3847 centum
1383 3773 1599 3852 ducatorum
1613 3776 1662 3850 vel
1754 3785 1755 3826 ³

345 3900 445 3974 circa
460 3904 497 3972 et
509 3899 607 3972 ultra
625 3899 663 3971 in
680 3921 752 3970 uno
768 3894 949 3994 panioello
968 3893 1128 3968 florenos
1142 3899 1289 3970 centum
1307 3879 1580 3998 quinquaginta,
1599 3901 1663 3974 cir-

344 4047 459 4119 caque
476 4022 567 4096 alios
584 4021 711 4120 viginti
727 4022 894 4113 ducatos,
914 4043 984 4116 que
1004 4018 1129 4094 omnia
1150 4043 1276 4095 secum
1297 4023 1451 4121 accepit,
1473 4029 1511 4099 et
1533 4025 1571 4098 in
1590 4048 1663 4122 cap
1753 4123 1754 4126 Ἴ

344 4147 423 4221 sula
440 4147 541 4222 mille
559 4151 596 4220 et
613 4147 831 4244 quingentos
849 4143 1048 4241 nonaginta
1064 4143 1223 4242 quinque
1246 4147 1291 4222 de
1312 4171 1459 4223 camera
1474 4173 1546 4247 que
1565 4150 1663 4224 etiam
1753 4133 1754 4140 ἵ

344 4272 497 4364 dimisit;
527 4272 635 4346 exivit
661 4295 728 4368 per
755 4271 890 4362 aulam,
910 4267 1009 4365 quod
1035 4268 1172 4343 audivit
1198 4273 1358 4346 Bertus:
1386 4274 1504 4349 lenuit
1529 4299 1610 4350 eum
1633 4277 1665 4348 el

343 4397 510 4472 rehabuit
529 4397 664 4488 omnia,
682 4401 835 4494 excepto
856 4417 928 4468 uno
946 4393 1098 4486 ducato,¹
1116 4392 1186 4468 luit
1204 4395 1404 4474 confessus.
1425 4398 1527 4475 ldem
1545 4403 1663 4475 Bertus
1752 4451 1753 4488 ,

342 4523 529 4613 voluisset,
556 4527 749 4620 postquam
770 4517 963 4610 conclusit,
989 4541 1074 4592 eum
1100 4517 1138 4592 in
1162 4519 1245 4594 aula
1267 4520 1425 4598 intrasse
1449 4523 1488 4599 in
1512 4525 1663 4601 scabello

342 4671 409 4746 per
426 4648 591 4721 foramen
610 4645 708 4744 quod
722 4645 870 4719 intravit
885 4651 925 4718 ut
940 4642 1139 4740 reciperet.
1153 4647 1242 4719 Cum
1255 4647 1374 4744 potuit
1390 4650 1578 4748 recepisse
1596 4653 1664 4726 the

341 4795 488 4847 saurum
504 4771 719 4870 pretiosum,
740 4768 926 4859 fecicum,
947 4791 1055 4865 quem
1074 4767 1270 4866 reliquerat
1288 4793 1372 4846 cum
1388 4773 1470 4848 aliis
1485 4775 1532 4850 de
1547 4775 1658 4866 domo,
1751 4827 1752 4832 ,

341 4899 471 4996 expelli
487 4897 531 4972 de
550 4897 658 4972 domo
671 4895 717 4970 ad
731 4894 917 4970 diabolum
936 4893 997 4991 qui
1015 4915 1098 4968 eum
1109 4895 1302 4972 conculcet
1314 4899 1658 4978 admeritumsuum.

373 5122 399 5178 1.
417 5121 524 5180 «Come
539 5119 558 5177 il
572 5137 681 5196 pape,a
695 5120 723 5176 dl
735 5120 778 5186 16,
789 5118 892 5176 ritorno
907 5117 1032 5187 aliems,
1046 5121 1146 5176 statos
1161 5119 1256 5178 Hostia
1270 5121 1344 5179 corni
1358 5123 1376 5180 9
1391 5123 1419 5180 in
1434 5130 1522 5198 10110;
1537 5144 1553 5184 e
1566 5125 1656 5183 0110000
1750 5103 1751 5139 ³

335 5227 386 5266 con
401 5229 456 5266 uua
471 5211 544 5284 galia
558 5209 620 5268 solil
634 5227 685 5266 oon
700 5209 753 5265 mal
775 5210 809 5266 de
829 5211 976 5282 emarcide,
996 5212 1063 5268 adeo
1082 5227 1137 5267 uon
1159 5226 1206 5267 ere
1225 5210 1324 5284 ussito,
1345 5217 1380 5270 nb
1398 5213 1464 5273 doto
1477 5215 1621 5284 audientis,
1633 5219 1656 5269 et

333 5298 465 5373 alqueuta
478 5300 587 5360 febre...
605 5321 619 5352 0
635 5298 752 5372 Sancto,
769 5305 790 5355 1.
806 5299 857 5368 Vl,
872 5301 924 5358 eol.
940 5301 1016 5373 300.)
1077 5365 1080 5374 ¹
