3502 6036
344 621 395 676 170
791 615 967 676 JOHANNIS
993 617 1215 690 BUHCHARDI,
1421 621 1588 684 [Noremhre
1603 625 1662 686 lttll
1735 707 1736 710 Ἰ

394 775 530 848 Eadem
547 773 605 848 die
620 773 709 846 obiit
725 777 768 848 D.
787 775 914 848 Petrus
928 777 1086 848 Caranza
1099 774 1344 850 cubicularius
1361 782 1526 852 secretus
1542 779 1603 850 SS.
1622 782 1657 851 u.
1735 755 1736 840 s

346 904 386 974 N.
407 904 504 996 Pupe
523 899 584 996 qui
602 898 749 994 reliquit
770 899 805 972 in
828 900 983 995 pecunia
1004 907 1196 975 numerata
1211 907 1294 977 octo
1318 903 1432 976 millia
1458 903 1662 976 ducatorum
1735 937 1736 998 j

345 1035 379 1099 at
397 1025 512 1098 multa
527 1024 599 1098 alia
613 1024 709 1097 bona
725 1047 795 1120 que
813 1025 935 1099 omnia
951 1029 1049 1122 Papa
1068 1027 1209 1123 recepit
1228 1053 1235 1100 :
1264 1031 1306 1101 l).
1335 1028 1510 1102 Lucretia
1524 1027 1622 1125 petiit
1636 1035 1664 1102 et

346 1149 503 1224 obtinuit
534 1150 630 1222 bona
660 1149 867 1248 hujusmodi
898 1173 963 1246 per
993 1154 1135 1247 Papam
1161 1151 1229 1224 sibi
1261 1153 1427 1242 concedi,
1460 1176 1534 1249 qua
1558 1158 1666 1226 tamen

345 1273 713 1370 haberenonpotuit.

396 1399 599 1487 flaminica,
627 1404 670 1470 lt
696 1399 862 1496 ejusdem
881 1401 1017 1473 mensis
1036 1399 1255 1492 novembris,
1274 1406 1385 1475 Rmus
1411 1405 1454 1475 b.
1485 1401 1667 1474 cardinalis

346 1549 375 1596 s.
403 1523 591 1614 Praxedis,
616 1523 867 1597 assistentibus
887 1524 956 1598 sibi
980 1529 1053 1598 RR.
1083 1529 1152 1600 PP.
1183 1531 1258 1600 bb.
1286 1527 1454 1601 lolianus
1479 1526 1667 1623 archiepis·

347 1672 439 1747 copo
454 1648 636 1745 Ragusino
659 1655 695 1722 et
710 1647 876 1747 Philippo
893 1651 1064 1748 episcopo
1079 1652 1297 1750 Adjacense,
1324 1657 1454 1742 Rome,
1479 1652 1517 1743 in
1539 1651 1667 1749 capella

348 1775 481 1873 majori
503 1773 641 1870 palatii,
666 1773 710 1848 de
734 1777 921 1866 mandate,
950 1785 989 1850 ut
1012 1778 1199 1867 asseritur,
1225 1778 1287 1850 SS.
1315 1781 1358 1850 D.
1388 1780 1432 1850 N.
1466 1781 1579 1874 Papa,
1605 1776 1667 1848 vive

350 1905 446 1978 vocis
459 1902 609 1976 oraculo
626 1901 693 1974 sibi
710 1899 821 1992 lacto,
840 1903 1067 1976 consecravit
1081 1907 1153 1976 BR.
1174 1906 1242 1976 PP.
1262 1906 1337 1976 Dl).
1356 1902 1535 1976 basilium
1551 1901 1668 1974 Tuder·

351 2030 467 2103 tinum
491 2035 527 2102 et
546 2025 812 2100 bernardinum
836 2027 1125 2100 Caballicensem
1152 2029 1355 2126 episcopos,
1376 2031 1482 2124 juxta
1504 2028 1621 2115 ritum,
1638 2033 1666 2099 et

350 2159 434 2252 post
448 2151 764 2228 consecrationem
778 2152 932 2226 retinuit
947 2175 1011 2226 eos
1022 2158 1058 2226 et
1072 2152 1285 2227 assistentes
1301 2176 1344 2226 ac
1360 2176 1491 2227 omnes
1508 2151 1668 2226 officiales

351 2279 386 2351 in
403 2277 557 2375 prandio
576 2300 713 2368 secum,
735 2276 873 2351 etfacit
895 2287 1129 2352 consecratos
1145 2280 1275 2353 sedere
1295 2301 1460 2376 superse
1480 2283 1518 2352 et
1536 2277 1668 2351 benedi-

351 2425 435 2477 cere
451 2409 487 2477 et
503 2402 639 2500 gratias
653 2425 764 2499 agere
783 2411 889 2500 prout
902 2403 1013 2478 etiam
1028 2427 1146 2500 nuper
1161 2404 1311 2494 lecerat,
1331 2403 1429 2501 quod
1446 2401 1608 2500 superius
1620 2401 1667 2474 lol.

352 2527 598 2626 annotavi(l).
1735 2629 1736 2634 Ἰ

400 2653 506 2726 Faria
535 2651 708 2742 secunda,
743 2658 787 2726 22
813 2655 901 2728 dicti
927 2656 1063 2728 mensis
1092 2657 1309 2747 novembris,
1334 2662 1522 2753 portatum
1550 2653 1613 2726 luit
1633 2650 1667 2723 ad

354 2779 549 2853 ecclesiam
566 2783 605 2852 Β.
623 2779 734 2852 Maria
751 2780 913 2854 ltlinerve
924 2781 1079 2854 cadaver
1092 2785 1135 2854 l).
1154 2781 1298 2856 Galletti
1313 2780 1505 2878 scriptoris
1519 2784 1554 2853 et
1569 2799 1669 2852 secre-

356 2904 450 2992 tarii,
475 2903 677 3001 apostolici,
701 2905 761 3001 qui
783 2905 864 2977 heri
891 2907 987 2979 diem
1010 2906 1141 2981 clausit
1160 2915 1377 2996 extremum,
1404 2903 1668 3004 ascriptoribus

357 3029 576 3102 associatum
617 3036 653 3101 ct
694 3031 904 3104 secretariis
941 3027 1151 3129 apostolicis
1187 3034 1383 3130 multisque
1421 3033 1520 3122 aliis,
1555 3049 1667 3125 magua
1735 3077 1736 3142 p

357 3175 503 3250 pompa.
520 3154 739 3250 Requiescat
755 3154 791 3226 in
808 3180 908 3252 pace.
1635 3161 1641 3172 '
1735 3147 1736 3240 l

408 3278 1669 3380 Fariatertia‚23novembrispredicti‚lestisClemeutis,R.D.Fran-

360 3403 1300 3501 niseus‚episcopusFerentinos‚celebrsvitmissam
1312 3410 1515 3483 solemnem
1528 3401 1669 3480 inecclr-
1735 3453 1736 3494 p

362 3530 415 3602 sia
430 3535 628 3603 conventus
645 3555 674 3603 s.
693 3529 903 3624 Clementis,
922 3535 980 3606 cui
994 3535 1238 3609 interfuerunt
1254 3536 1378 3608 RRmi.
1395 3535 1667 3612 Beneventanus,

363 3682 392 3728 s.
412 3655 596 3746 braxedis,
618 3657 831 3732 Mutinensis
855 3667 889 3732 et
911 3660 1141 3752 Arborensis‚
1162 3659 1266 3758 cujus
1288 3666 1343 3734 est
1360 3661 1500 3734 titulus.
1522 3661 1592 3754 Ego
1612 3671 1669 3725 nou

364 3780 522 3870 interlui,
543 3781 606 3854 sed
622 3781 742 3854 socius
757 3806 861 3858 maus
878 3810 885 3858 :
905 3792 1104 3883 propterea
1124 3786 1248 3860 nescio
1264 3784 1536 3883 particulariter
1550 3785 1667 3852 notare.
1735 3797 1736 3880 p

411 3905 669 4002 Superioribus
693 3907 822 3982 diebus
844 3913 906 3984 SS.
937 3915 980 3984 D.
1015 3917 1141 3985 noster
1168 3910 1283 3984 divisit
1307 3917 1343 3983 et
1369 3908 1555 3984 distribuit
1574 3911 1670 3975 terras

363 4031 658 4106 Columnensium
673 4032 709 4104 in
724 4034 814 4107 duas
829 4045 953 4133 partes
969 4042 1005 4112 et
1016 4039 1132 4111 erexit
1148 4037 1327 4113 civitatem
1343 4035 1562 4134 Nepesiuam
1576 4029 1609 4101 iu
1622 4024 1670 4097 du·
1735 4013 1736 4054 ³

364 4163 503 4247 catum;
523 4157 693 4233 similiter
718 4165 754 4232 et
778 4161 952 4258 oppidum
976 4166 1208 4253 sermonem,
1232 4171 1268 4238 ct
1288 4169 1431 4260 partem
1452 4154 1594 4234 dominii
1615 4153 1669 4222 Co·

363 4283 612 4359 tumnensium
636 4285 828 4383 applicavit
854 4287 999 4360 ducatui
1023 4287 1217 4384 Nepesino,
1250 4287 1359 4361 aliam
1384 4293 1525 4384 partem
1548 4267 1669 4352 ducatui
1735 4305 1736 4308 ¹

365 4412 645 4500 Sermonetauo,
664 4418 700 4484 et
714 4411 894 4484 investivit
912 4413 1131 4486 Rodericum
1148 4413 1193 4486 dc
1208 4412 1405 4510 dragonis,
1419 4410 1534 4482 filium
1547 4397 1669 4477 domiue
1735 4419 1736 4422 ¹

366 4537 533 4609 Lucretia
557 4535 601 4610 de
622 4536 754 4610 ducatu
779 4539 1056 4624 Sermonctano‚
1084 4545 1119 4610 et
1141 4537 1345 4610 iohannem
1371 4533 1552 4631 Bargiam‚
1576 4521 1667 4596 filium

365 4684 485 4750 suum,
506 4685 616 4758 quem
639 4661 674 4734 in
692 4662 906 4760 pontificatu
933 4663 1061 4737 habuit
1079 4686 1161 4736 cum
1181 4663 1339 4759 quadam
1366 4664 1540 4746 Romana,
1560 4650 1600 4722 da
1618 4643 1670 4716 du·

366 4791 450 4860 catu
479 4787 676 4883 Nepesino,
703 4785 891 4858 constituit
920 4792 956 4860 et
985 4785 1169 4883 deputavit
1199 4791 1354 4860 RRmos.
1387 4787 1462 4858 DD.
1494 4767 1669 4857 cardinales

367 4911 666 5001 Alexandrinum,
693 4911 927 4986 Cusentinum
956 4919 992 4986 et
1018 4921 1174 5008 quatuor
1196 4914 1285 4986 alios
1307 4918 1494 4987 curatores
1520 4908 1669 4982 dictorum

370 5037 560 5111 infantium
578 5061 644 5136 per
660 5037 800 5110 litteras
816 5036 1031 5133 apostolicas
1048 5037 1108 5135 (ἵ).

404 5225 429 5278 1.
449 5223 520 5298 Voy.
534 5223 596 5298 plus
611 5225 677 5282 haut
690 5241 762 5299 page
772 5227 831 5282 127.
1652 5287 1656 5297 ι

404 5313 431 5368 2.
453 5311 494 5368 On
516 5312 613 5385 ignore
634 5314 723 5388 quelle
737 5315 802 5370 stau
824 5314 849 5369 la
872 5317 945 5370 mere
959 5315 996 5370 du
1013 5315 1096 5388 jaune
1119 5313 1172 5368 duc
1193 5313 1226 5366 de
1251 5311 1334 5384 thi.
1363 5311 1399 5366 La
1423 5327 1501 5384 pape,
1523 5307 1593 5379 apres
1609 5303 1669 5351 ΜΤ
