3554 6042
148 610 307 675 (novembre
322 611 392 674 1515]
480 606 608 666 RERUM
632 606 860 666 URBANARUM
884 608 1146 668 COMMENTARII.
1429 618 1482 677 105

147 765 314 863 majoris3
336 768 493 861 quatuor
514 764 559 837 de
577 763 648 838 alia
671 785 775 853 cera;
802 785 876 836 non
901 763 1041 838 adverti
1061 763 1348 862 particulariter;
1368 773 1480 848 credo

148 896 270 966 autem
309 891 409 987 quod
437 889 591 986 singulis
623 889 751 962 diebus
778 889 925 962 luerunt
945 888 1152 986 dispensate
1186 892 1280 966 ultra
1304 918 1367 970 ccc
1390 898 1480 972 libre

147 1013 391 1113 computando
409 1013 506 1088 dicta
531 1013 656 1112 viginti
687 1013 845 1110 quinque
866 1012 1062 1104 intorticia,
1089 1037 1132 1089 ac
1156 1015 1276 1112 prima
1302 1028 1337 1093 et
1354 1021 1482 1097 ultimo

145 1139 273 1216 diebus
291 1139 383 1214 libre
401 1142 559 1236 quatuor
575 1137 688 1227 mille,
708 1137 874 1212 videlicet
900 1137 1067 1234 qualiter,
1092 1139 1241 1215 circiter
1267 1143 1339 1217 duo
1365 1147 1478 1222 mille.

185 1266 297 1356 lovis,
320 1270 363 1340 13
379 1263 599 1355 novembris,
617 1262 746 1338 ultima
770 1263 1005 1360 exequiarum
1031 1265 1190 1356 Ascanii,
1217 1267 1364 1342 missam
1382 1274 1480 1346 cele-

146 1391 265 1466 bravit
279 1393 391 1464 Rmus
408 1387 725 1479 Bononiensis,cui
742 1387 986 1462 interfuerunt
1001 1389 1130 1464 decem
1145 1396 1182 1464 et
1201 1413 1331 1466 novom
1358 1393 1480 1466 cardi-

146 1515 260 1604 nales,
280 1513 445 1590 videlicet
462 1513 735 1602 Recanatensis,
748 1513 984 1605 camerarius,
995 1513 1273 1605 Alexandrinus,
1289 1539 1319 1588 s.
1338 1517 1478 1607 Crucis,

145 1638 320 1737 Reginus,
345 1637 575 1728 Gusentinus,
605 1636 865 1725 salernitanus,
898 1631 1099 1727 Cumanus
1125 1637 1405 1730 volaterranus,
1435 1643 1481 1716 de

145 1764 277 1854 Flisco,
301 1761 495 1851 Adrianus,
513 1785 542 1834 s.
565 1761 663 1836 Petri
681 1759 728 1834 ad
744 1761 914 1850 Vincula,
928 1761 1115 1850 Columna,
1132 1762 1304 1855 Medicas,
1325 1789 1355 1838 s.
1374 1767 1481 1840 Seve-

145 1889 228 1976 rini,
242 1887 449 1976 Cesarinus,
472 1885 681 1976 Farnesius,
701 1885 885 1984 dragonia
902 1893 938 1958 et
959 1885 1143 1977 Elnensis;
1164 1911 1247 1962 cum
1270 1888 1478 1964 celebrante

144 2012 379 2086 absolverunt
406 2017 489 2108 post
514 2010 664 2084 missam
688 2008 889 2108 Regiensis,
914 2009 1142 2104 Cusentinus,
1175 2011 1420 2087 salernitanus
1443 2021 1480 2088 et

144 2135 426 2225 Volaterranum
446 2135 521 2208 alia
534 2157 637 2207 more
656 2133 772 2208 solito.

192 2263 308 2334 Nocte
325 2259 516 2358 preterita,
536 2259 637 2334 circa
655 2265 801 2334 centum
819 2281 864 2332 err
887 2255 1026 2332 familia
1051 2261 1088 2331 ct
1105 2259 1258 2334 subditis
1282 2260 1479 2336 cardinalis

144 2413 174 2462 s.
194 2386 370 2476 Severini,
387 2386 481 2460 bene
498 2385 630 2460 armati
646 2408 729 2458 cum
744 2384 882 2460 lanceis
892 2385 1024 2482 longis,
1043 2385 1240 2483 sclopettis,
1261 2387 1429 2462 halestris
1444 2391 1481 2460 et

142 2513 223 2586 aliis
239 2511 420 2610 ejusmodi
439 2515 671 2585 accesserunt
689 2517 772 2586 onte
788 2511 938 2586 domum
955 2509 1256 2586 vicecancellarii
1282 2517 1318 2586 et
1342 2511 1479 2585 clama-

142 2645 303 2714 verunt:
320 2637 502 2732 Sererino,
521 2637 688 2711 Seuerino
706 2641 718 2709 l
734 2637 853 2734 Aliqui
872 2660 917 2710 arv
934 2637 987 2711 eis
1004 2637 1251 2713 clamaverunt
1270 2660 1278 2710 :
1311 2634 1475 2724 Vincula,

151 2763 333 2838 Vincula!
359 2763 469 2838 Pauci
496 2787 541 2836 ex
565 2762 618 2836 eis
635 2761 800 2838 exierunt
821 2763 866 2836 de
893 2763 1011 2838 viculo
1035 2763 1286 2859 imprudentes
1307 2765 1345 2836 et
1370 2758 1479 2834 nimis

142 2889 298 2978 debiles,
315 2911 470 2987 quorum
487 2887 597 2983 aliqui
615 2887 764 2961 luerunt
778 2887 973 2978 interlecti,
995 2888 1056 2962 alii
1068 2887 1135 2962 lesi
1152 2893 1187 2960 et
1202 2885 1393 2960 vulnerati.

192 3013 396 3104 Dominica,
425 3017 469 3086 16
495 3011 716 3102 novembris,
740 3011 925 3087 celebrata
955 3017 1040 3086 sunt
1068 3011 1251 3110 sponsalia
1283 3009 1478 3109 [magnifici

143 3141 188 3212 D.
208 3137 347 3211 Nicolai
366 3136 410 3210 de
426 3140 568 3212 Ruvore
586 3142 621 3210 et
639 3135 833 3234 magnifice
856 3141 899 3210 D.
924 3141 1054 3228 Lause,
1084 3135 1157 3211 lille
1184 3139 1227 3210 D.
1260 3135 1367 3226 lulie,
1393 3133 1480 3208 olim

142 3262 266 3338 Ursini
282 3262 328 3336 de
343 3262 483 3336 Ursinis
509 3261 633 3336 uxoris
649 3260 708 3360 (1)]
732 3261 770 3334 in
796 3263 986 3359 superiore
1014 3262 1099 3336 aula
1123 3259 1336 3358 pontificum
1357 3252 1479 3356 palatii

141 3391 240 3484 Papa
256 3387 353 3484 apud
369 3411 399 3462 s.
420 3391 584 3461 Petrum.
603 3389 701 3484 Papa
716 3386 811 3460 sedit
828 3386 865 3459 in
889 3388 976 3461 sede
1004 3410 1070 3460 sua
1095 3386 1202 3460 solita
1233 3383 1477 3459 consistoriali

140 3513 179 3586 in
206 3512 394 3586 rocchetto
417 3519 454 3586 et
479 3511 668 3610 capuccio,
695 3515 732 3584 et
755 3511 801 3584 ad
835 3511 913 3608 ejus
947 3511 1136 3585 dexteram
1160 3513 1244 3584 octo
1271 3508 1477 3583 cardinales

139 3637 326 3726 sedentes,
344 3636 508 3710 videlicet
520 3637 793 3727 Recanatensis,
807 3635 1045 3724 camerarius,
1058 3632 1339 3720 Alexandrinus,
1351 3633 1478 3706 Guma-

140 3785 223 3852 nus,
252 3761 526 3847 Volaterranus,
555 3785 585 3834 s.
613 3761 711 3836 Petri
738 3763 783 3836 ad
801 3759 968 3850 Vincula,
995 3757 1170 3834 Columna
1194 3763 1231 3830 et
1261 3755 1473 3844 Farnesius3

141 3909 271 3962 omnes
288 3887 326 3960 in
343 3886 523 3962 mantellis
539 3891 576 3961 et
594 3888 776 3985 capucciis
794 3886 931 3978 rubeis,
945 3888 1021 3960 tres
1043 3885 1149 3981 juxta
1174 3905 1331 3972 murum,
1361 3880 1421 3955 alii
1439 3881 1475 3954 in

141 4021 387 4087 transversum
403 4017 502 4088 retro
519 4035 582 4086 eos
604 4021 640 4087 et
665 4021 748 4088 anto
766 4017 901 4111 Papam
922 4015 1121 4101 steteruut3
1140 4008 1270 4106 prelati
1293 4006 1415 4104 palatii
1439 4010 1476 4080 et

140 4138 215 4228 alii,
233 4161 387 4212 numero
400 4137 638 4236 quadraginta
650 4138 708 4213 vel
723 4138 834 4228 circa,
850 4138 1044 4212 intrarunt.
1063 4135 1177 4210 lllma.
1196 4155 1301 4208 soror
1312 4130 1477 4206 cardina-

139 4264 185 4338 lis
199 4287 228 4337 s.
248 4263 346 4338 Patri
358 4263 404 4337 ad
413 4263 579 4352 Vincula,
592 4267 720 4352 Laura,
739 4267 912 4361 sponsal
918 4262 989 4336 ulie
1001 4261 1089 4354 lilia,
1103 4260 1173 4335 due
1186 4259 1253 4334 alie
1265 4256 1473 4355 juvenculo,

178 4489 204 4544 1.
224 4485 263 4541 Le
276 4501 340 4542 nom
351 4485 401 4541 des
415 4483 503 4542 lutura
520 4487 610 4559 epoux
622 4489 665 4541 est
684 4483 752 4541 ornis
767 4485 836 4541 dans
851 4489 914 4540 tous
930 4482 970 4540 les
985 4500 1056 4540 mss.
1079 4503 1093 4534 κ
1110 4483 1148 4539 Lo
1162 4484 1368 4538 consentaneut
1384 4479 1475 4535 donne

141 4591 192 4649 par
202 4574 217 4630 J
220 4574 279 4630 ules
296 4573 319 4630 Il
335 4572 463 4630 tl'union
479 4573 514 4629 de
529 4591 579 4630 son
594 4590 681 4631 neveu
694 4590 759 4631 avec
773 4573 800 4630 la
811 4573 988 4631 fillebabrrde
999 4571 1181 4628 d’Alexandro
1194 4569 1232 4627 Vl
1247 4573 1336 4626 estun
1350 4570 1399 4626 des
1413 4567 1476 4624 faits

142 4667 183 4722 los
196 4664 260 4740 plus
275 4665 505 4744 extraordiupiras
518 4665 552 4720 de
575 4663 706 4722 l'histoire
725 4662 896 4738 parsonvtlle
915 4663 949 4720 de
968 4680 999 4719 cs
1018 4679 1101 4735 papa.
1125 4661 1146 4717 ll
1160 4677 1177 4717 a
1190 4659 1249 4716 l'air
1276 4658 1341 4714 d'un
1355 4675 1428 4732 gago
1442 4657 1475 4713 de

143 4753 346 4814 reconciliation
362 4772 429 4812 uvec
443 4752 483 4810 los
495 4753 604 4828 Borgia.
620 4753 697 4810 Jules
717 4753 790 4812 avait
810 4756 928 4827 eprouvt
948 4753 982 4808 da
995 4751 1022 4808 la
1034 4750 1115 4808 haine
1128 4767 1197 4824 pour
1211 4765 1257 4806 ces
1276 4749 1399 4804 hommes
1415 4752 1476 4804 tant

125 4893 128 4898 .
144 4843 210 4918 qu'il
220 4843 294 4900 avait
307 4861 344 4900 vu
359 4861 392 4900 en
408 4861 462 4900 eux
476 4844 525 4899 des
540 4843 722 4912 adversaires,
738 4843 806 4899 roais
820 4859 869 4898 son
885 4827 999 4898 inimitie'
1015 4839 1115 4897 n'uvait
1129 4856 1179 4912 pas
1192 4837 1226 4894 de
1239 4837 1330 4894 motils
1349 4853 1473 4896 moraux.

145 4935 165 4990 ll
178 4933 281 4992 n’avait
288 4934 388 5008 jamais
400 4934 518 5009 meprisb
531 4934 685 4990 Alexandra
701 4939 728 4989 et
742 4931 841 4995 Ctsar;
864 4930 883 4986 il
904 4929 977 4986 avait
997 4929 1085 5003 plutdt
1103 4927 1244 4984 considtrt
1258 4926 1317 4984 leur
1328 4925 1475 4999 puissanca

144 5041 210 5081 avec
223 5023 385 5080 admiration
400 5041 504 5081 comme
519 5022 679 5082 blachiavel.
696 5045 711 5074 a
727 5020 922 5095 Gregorovius,
932 5021 1047 5076 bucrtm
1058 5021 1169 5088 Beroia,
1180 5024 1201 5074 t.
1215 5017 1249 5088 ll,
1264 5033 1292 5090 p.
1305 5016 1394 5074 15o1.
1412 5014 1477 5072 Gra·

143 5113 275 5187 gerorius
290 5117 307 5170 d
321 5113 411 5170 donne
425 5117 442 5170 d
455 5113 622 5188 l'appendice
635 5113 669 5168 de
685 5130 734 5169 son
748 5128 880 5184 ouvrage,
891 5118 922 5165 n⁰
936 5109 983 5179 51,
996 5127 1022 5182 p.
1040 5109 1131 5178 toa-7,
1146 5108 1171 5162 te
1185 5111 1258 5163 texte
1269 5105 1306 5160 du
1320 5109 1426 5160 contrat
1440 5103 1474 5159 de

144 5203 266 5276 mariage
280 5202 387 5276 d'aprts
406 5202 433 5260 la
452 5202 556 5259 minute
575 5202 613 5258 du
633 5201 737 5260 notaire
760 5199 873 5256 Camillo
892 5198 1086 5257 Boneimbene.
1108 5195 1249 5253 Burcbard
1268 5194 1355 5268 ligure
1370 5211 1474 5251 comme

144 5295 246 5352 temoin
261 5313 310 5353 sur
324 5303 368 5354 cet
381 5301 451 5354 acte.
468 5295 539 5369 Voy.
552 5294 578 5352 la
592 5293 682 5351 notice
696 5292 896 5367 biographiquo
911 5309 944 5348 en
959 5295 1014 5348 teta
1027 5291 1061 5346 de
1076 5295 1146 5346 cette
1161 5287 1273 5344 edition.
