3520 6036
227 610 327 667 [aava
347 612 417 672 ¹30³]
583 611 707 668 Hersen
732 613 957 669 anemalata
984 616 1246 677 costatuNTaRtt.
1525 620 1578 673 325

231 763 466 834 Nanlensem
485 764 530 836 ad
545 765 758 838 diaconatus
777 776 812 837 et
831 770 1105 866 presbyteratus
1122 771 1279 859 ordines
1301 771 1423 866 vigore
1443 775 1575 869 suppti-

231 887 400 958 cationis
433 887 467 958 in
497 890 636 985 capsella
662 892 842 985 predicta:
875 894 986 965 missa
1004 896 1098 967 dieta
1124 896 1187 967 tuit
1211 896 1255 967 de
1281 897 1371 967 teria
1391 905 1570 985 currente,
1606 957 1610 966 ,

231 1012 383 1105 atr-'que
413 1012 534 1108 aliqua
558 1018 919 1089 commemoratione
953 1023 1037 1091 Post
1064 1021 1193 1093 horam
1223 1021 1449 1115 vigesimam,
1480 1023 1573 1094 venit

234 1139 345 1231 l‘apa
369 1138 412 1209 ad
437 1138 613 1233 capellam
635 1141 668 1211 in
691 1165 804 1236 cappa
825 1144 869 1214 de
894 1143 1066 1216 scarlatto
1088 1145 1163 1216 siue
1187 1170 1308 1233 eruce,
1333 1146 1574 1219 cardinalibus

232 1262 366 1356 ipsum
395 1265 653 1358 sequentibus:
682 1266 865 1339 fimbriam
889 1269 1042 1364 portavit
1072 1271 1261 1366 episcopus
1288 1271 1446 1342 Nolamrs
1471 1273 1575 1342 assis·
1618 1262 1620 1265 ⁵

235 1391 350 1466 tens:
372 1388 556 1459 redeundo
575 1391 703 1462 eodem
722 1392 830 1464 modo
850 1396 1007 1489 portavit
1020 1395 1201 1467 fimbriam
1218 1396 1408 1468 cardinalis
1424 1397 1575 1469 Alexan-

231 1511 385 1583 drinus:
406 1513 495 1584 dixit
512 1515 712 1587 orationem
730 1515 890 1612 Respice,
911 1519 987 1590 sine
1003 1519 1109 1608 libro,
1128 1520 1210 1614 quia
1226 1542 1309 1591 eum
1326 1522 1499 1592 recusavi.

295 1638 359 1707 Die
373 1638 467 1733 jovis
486 1644 622 1727 saneta,
638 1645 658 1710 l
675 1640 811 1735 aprilis,
833 1642 923 1713 bora
942 1644 1152 1729 tredecima,
1171 1647 1267 1739 Papa
1284 1645 1378 1716 venit
1392 1646 1435 1715 ad
1453 1645 1575 1739 capel-

230 1762 316 1834 lam
342 1763 555 1836 admissam
585 1763 766 1858 publicam
797 1790 902 1860 (piram
931 1767 1126 1866 celebravit
1153 1773 1276 1840 Rmus.
1309 1774 1349 1841 t).
1381 1770 1574 1841 cardinalis

232 1887 532 1959 Alexandrinus:
561 1888 709 1960 candele
730 1895 803 1962 tam
828 1892 1074 1964 cardinalibus
1097 1917 1202 1988 qnam
1223 1894 1301 1964 aliis
1322 1894 1469 1989 prelatis
1492 1895 1573 1966 date

232 2012 395 2083 sua-um
426 2019 499 2084 tres
528 2012 582 2083 vel
614 2014 725 2086 eirea.
757 2018 851 2110 Papa
871 2017 1022 2111 portavit
1055 2024 1327 2089 sacramentum
1355 2019 1400 2089 ad
1427 2042 1573 2113 parvam

230 2137 435 2232 capellam,
467 2146 548 2232 post
570 2138 732 2228 missam,
759 2164 862 2211 more
889 2141 1017 2229 solito;
1047 2143 1179 2215 deinde
1203 2143 1296 2212 venit
1324 2143 1573 2237 processiona-

230 2264 327 2333 liter
346 2262 411 2331 sub
431 2262 649 2335 baldachino
667 2265 712 2334 ad
730 2264 849 2336 locum
870 2266 1012 2361 publice
1032 2267 1296 2340 benedictionis
1320 2267 1392 2360 ubi,
1415 2268 1572 2337 dimissis

230 2388 481 2481 paramentis,
504 2388 645 2484 aceepit
662 2388 815 2484 pluviale
834 2391 998 2479 rulnum,
1020 2393 1150 2463 stolam
1171 2392 1368 2485 pretiosam
1388 2396 1423 2462 et
1446 2393 1573 2487 cingn-

228 2511 329 2596 lum,
347 2518 382 2582 et
404 2511 500 2583 strela
520 2511 550 2582 ei
566 2536 585 2582 a
604 2513 846 2585 cardinalibus
863 2515 1064 2587 reverentia
1079 2515 1198 2601 solita,
1217 2518 1259 2585 o.
1278 2514 1443 2585 Aurelius
1460 2519 1572 2585 ,tlatn-

231 2638 311 2706 tius
329 2636 416 2731 legit
434 2636 568 2707 bullam
586 2636 634 2732 [iu
653 2637 777 2734 latino]
799 2647 833 2710 et
853 2642 976 2711 Rmus.
1005 2644 1045 2710 D.
1067 2639 1258 2711 cardinalis
1277 2639 1321 2709 de
1338 2639 1521 2733 Aragonia
1536 2638 1569 2708 in
1653 2709 1655 2714 ,

228 2760 406 2853 vulgari:
444 2761 619 2831 Ascanius
651 2760 842 2856 publicavit
872 2763 1070 2858 plenariam
1101 2763 1363 2859 indulgentiam
1394 2761 1504 2833 lectiae
1535 2770 1568 2834 et

231 2885 402 2955 Medicas
428 2885 637 2979 vulgariter:
664 2865 758 2958 venit
781 2887 825 2958 ad
850 2888 995 2959 tertiam
1020 2888 1139 2960 aulam
1168 2888 1382 2983 pontiticum
1401 2886 1460 2958 ubi
1488 2887 1571 2959 lavit

230 3011 352 3106 pedes
377 3011 611 3105 pauperibus,
636 3033 736 3083 more
760 3011 884 3084 solito:
914 3012 1108 3085 cardirralis
1128 3037 1157 3083 s.
1179 3013 1338 3085 seuvini
1359 3011 1445 3083 dixit
1462 3036 1570 3082 evan-

229 3136 373 3228 gelium
393 3140 429 3206 et
446 3137 485 3206 [t.
503 3139 630 3206 Petras
649 3136 808 3229 baptista
824 3137 866 3207 de
885 3138 1071 3225 Ferrariis,
1093 3139 1230 3233 prinms
1251 3146 1373 3208 orator
1390 3139 1569 3208 Savonen-

229 3260 301 3345 sis,
334 3258 432 3331 dedit
459 3283 589 3354 aquam
617 3260 782 3331 manibus
809 3265 920 3357 Pape3
957 3263 1027 3333 alia
1056 3285 1156 3334 more
1183 3262 1300 3333 solito.
1329 3267 1410 3333 Post
1437 3262 1568 3332 horam

226 3384 448 3474 vigesimam
468 3407 591 3470 anam,
613 3387 708 3479 Papa
725 3385 821 3456 venit
845 3386 1014 3479 pedester
1032 3386 1076 3456 ad
1095 3387 1302 3471 matutinas,
1326 3385 1361 3454 in
1383 3408 1510 3479 eappa,
1530 3394 1568 3456 ut

230 3506 319 3577 heri
351 3500 444 3595 sere,
472 3512 507 3578 et
531 3508 724 3602 episcopus
743 3508 930 3579 Naulensis
949 3509 1102 3603 portavit
1127 3509 1302 3595 tirulnias,
1324 3514 1359 3578 et
1380 3507 1567 3576 redeurulo

117 3643 124 3656 '
229 3630 742 3727 patriarcbaAlexandrinus.

288 3755 353 3825 ltie
375 3754 513 3826 veneris
534 3764 669 3842 saneta,
697 3761 717 3827 5
741 3755 877 3853 aprilio,
904 3759 998 3850 Papa
1017 3755 1114 3826 venit
1132 3755 1303 3849 pedester
1327 3754 1371 3823 ad
1395 3752 1568 3847 capellam

229 3905 318 3954 cum
339 3903 452 3974 eappa
470 3880 514 3951 de
533 3880 701 3951 scarlatto
719 3887 752 3950 et
770 3880 877 3951 mitra
893 3879 1075 3974 simplice:
1093 3878 1254 3949 officium
1269 3877 1461 3950 celebravit
1478 3878 1568 3972 epis-

228 4029 350 4100 copus
374 4003 588 4073 Cusentinus
614 4003 673 4097 qui
700 4004 793 4075 venit
818 4003 895 4076 sine
922 4007 1016 4098 Papa
1037 4003 1089 4100 :ad
1115 4027 1263 4099 parvam
1287 4002 1461 4098 capellam
1485 4025 1568 4074 eum

228 4127 591 4221 sacrarnent0,quod
612 4131 711 4222 Perpa
736 4129 889 4221 portarit
917 4129 1085 4223 pedester
1111 4128 1154 4198 ad
1178 4128 1352 4222 capellam
1372 4128 1562 4222 majorem.

230 4252 449 4326 Passionem
477 4252 630 4324 cantavit
656 4253 829 4323 diaconas
862 4253 998 4346 capelle
1027 4252 1061 4322 in
1078 4253 1407 4346 voceevangelista
1436 4258 1471 4322 et
1494 4250 1565 4321 duo

227 4384 405 4450 cantores
430 4375 549 4470 quiin
574 4376 711 4471 pulpito
736 4382 972 4449 cantaverunt
994 4377 1060 4448 sub
1082 4400 1167 4448 vroee
1192 4376 1322 4448 Cbristi
1346 4381 1380 4445 et
1404 4373 1506 4444 tadei
1532 4381 1566 4443 et

230 4502 292 4574 bis
316 4505 506 4573 cantarunt
527 4501 562 4571 in
585 4507 740 4597 quatuor
769 4500 996 4597 passionibus
1019 4503 1071 4571 rel
1096 4502 1215 4572 eirca:
1246 4521 1452 4571 sermonem
1483 4496 1563 4567 seed

229 4632 278 4699 [r.
295 4627 450 4697 Thomas
468 4626 626 4712 Pbedra‚
645 4626 841 4697 carronicus
859 4627 1128 4697 Lateranensis.
1148 4625 1383 4696 tltl'ertorium
1399 4621 1560 4692 ascendit

228 4752 280 4823 ad
301 4750 451 4821 (locatos
472 4750 508 4822 in
533 4774 620 4822 auro
646 4751 852 4845 octoginta:
882 4755 976 4845 Papa
996 4751 1136 4838 obtutu,
1158 4751 1279 4836 eredo,
1306 4749 1455 4818 elrrcates
1476 4766 1563 4838 qua-

228 4877 404 4971 draginta
420 4871 461 4946 in
480 4900 571 4946 auro
593 4883 627 4947 et
649 4875 775 4947 decem
801 4876 837 4946 in
857 4876 1037 4963 carlenis;
1060 4875 1236 4946 ‚tsetmius
1259 4875 1386 4943 deeem
1412 4871 1562 4940 ducatos

229 5011 268 5071 et
286 4999 347 5071 alii
366 5000 538 5095 quinque.
561 5000 674 5071 Habui
696 4999 730 5070 in
749 5023 868 5073 meam
886 5006 1029 5096 partem
1047 5000 1197 5071 duratos
1217 4998 1249 5068 in
1274 5020 1361 5067 auro
1381 4995 1506 5066 decem
1529 5002 1564 5063 ct

228 5127 402 5199 carlenos
420 5133 582 5219 septem;
605 5126 754 5198 totidem
773 5126 891 5198 socius
908 5125 1049 5221 lmeusl.

286 5255 321 5322 tn
343 5273 438 5337 sero,
461 5251 549 5320 bora
566 5251 733 5343 vigesima
757 5275 839 5326 una.
862 5255 957 5345 Papa
977 5252 1068 5321 verrit
1088 5251 1131 5321 ad
1150 5248 1322 5344 camellam
1341 5247 1375 5317 iu
1394 5267 1508 5340 crtppa
1529 5250 1564 5313 et
