3506 6034
338 567 392 626 298
792 565 968 626 sonamus
993 564 1216 638 nuscanum,
1421 567 1583 634 [Novembre
1597 571 1660 634 ¹⁵⁰³]

342 725 520 799 scrutinio
536 725 692 824 legendo
707 731 741 797 et
759 724 871 797 colice
888 723 924 795 in
936 723 1042 796 altari
1058 728 1093 796 el
1110 721 1294 811 scabellis,
1309 727 1346 793 et
1360 722 1420 796 alii
1436 745 1506 819 pro
1518 724 1659 819 singulis

340 849 603 940 cardinalibus,
623 850 799 922 exivimus
818 848 998 946 capellam
1025 851 1062 920 el.
1079 846 1278 920 clausimus
1296 845 1538 919 conclavistas
1555 847 1589 920 in
1608 871 1661 921 eo·

339 996 421 1046 rum
449 975 608 1046 cameris
636 997 699 1046 seu
728 973 810 1046 loco
834 971 1162 1070 congregantium
1187 997 1194 1042 :
1220 969 1358 1044 lectum
1384 975 1510 1044 autem
1538 972 1658 1044 scruti·

337 1096 438 1170 nium
455 1097 522 1172 soit
544 1097 767 1172 continentie
787 1096 993 1193 sequentis:

387 1223 580 1296 Grimanus
657 1223 764 1319 clegit
794 1249 822 1295 s.
850 1221 947 1294 Petri
967 1221 1013 1294 ad
1031 1221 1186 1294 Vincula

383 1347 605 1419 Arbort‘ltsla'
717 1379 732 1413 n
985 1378 1001 1412 n

385 1476 571 1546 Casanova
712 1505 728 1539 »
983 1507 998 1538 o

384 1597 568 1670 Adrianus
720 1613 735 1664 n
984 1631 998 1663 n

384 1721 650 1797 Volaterranus
715 1759 731 1790 »
986 1755 1000 1786 r·

384 1845 691 1944 Rolhomagensis
716 1881 731 1914 a
987 1881 1002 1912 »

384 1970 519 2042 Montis
535 1972 679 2068 Regalis
716 2007 731 2038 a
987 2005 1001 2035 ‚r

383 2095 637 2169 Salernitanns
715 2133 730 2164 n

385 2219 518 2316 Borgia
716 2253 731 2288 o
986 2253 1002 2288 »

384 2344 560 2418 asconius
578 2347 684 2442 elegit
712 2373 739 2420 s,
768 2347 866 2420 Petri
889 2347 933 2421 od
961 2347 1128 2437 Vincula,
1159 2345 1512 2444 Rothomogensem,
1543 2349 1661 2442 Legio-

337 2492 506 2560 nensem;

384 2595 420 2666 S.
447 2596 546 2668 Petri
572 2597 618 2669 ad
641 2595 796 2672 Vincula
821 2595 931 2693 elegit
954 2597 1301 2695 Rolbomagensem,
1328 2621 1358 2670 s,
1386 2595 1550 2694 Georgii,
1577 2598 1658 2668 Nea-

335 2717 556 2814 politanum:

385 2846 623 2920 Surrentinus
652 2846 763 2945 elegit
788 2870 820 2919 s.
846 2847 944 2920 Petri
966 2847 1011 2921 ad
1035 2847 1204 2936 Vincula,

382 2968 543 3044 Medlces
718 3003 734 3038 n
989 3002 1004 3038 n

380 3095 541 3166 Estensis
719 3127 734 3162 o
989 3131 1005 3162 »

380 3220 618 3294 Bononiensis
713 3254 728 3286 s
987 3255 1001 3284 „

332 3426 433 3502 quibus
448 3442 483 3482 ex
498 3425 662 3500 supradietis
679 3425 815 3499 publicam
835 3424 977 3482 utilitatem
992 3425 1170 3498 tangentibus
1184 3431 1211 3482 ot
1226 3424 1379 3480 libertatem
1394 3423 1465 3479 sacri
1481 3421 1588 3496 collegii
1598 3438 1654 3477 con·

333 3513 498 3573 senserimus
517 3513 608 3572 luturo
623 3513 750 3571 Pontillci
765 3513 866 3572 volenti
881 3514 907 3570 io
923 3514 1014 3588 aliquo
1027 3513 1079 3570 illis
1094 3512 1290 3582 contravenire,
1304 3511 1356 3568 nisi
1376 3512 1410 3568 de
1424 3528 1563 3569 consensu
1577 3525 1655 3584 spon·

331 3613 412 3662 teneo
433 3611 460 3662 et
482 3603 566 3661 libero
588 3603 703 3660 duarum
726 3603 844 3678 portium
869 3620 903 3660 ex
924 3602 1004 3660 nobis
1028 3620 1076 3677 per
1097 3601 1215 3660 calculos
1241 3600 1457 3664 determinando,
1482 3599 1614 3656 fructibus
1632 3604 1655 3653 et

330 3686 519 3752 emolumentis
534 3692 629 3768 capelli
644 3699 673 3750 et
687 3692 800 3750 oliorum
814 3693 950 3749 fructuum
968 3691 1166 3761 ecclesiarium,
1182 3690 1408 3748 monasteriorum
1423 3695 1451 3746 et
1468 3688 1654 3746 beneficiorum

330 3789 484 3840 nostrorum
499 3782 595 3856 privati
621 3799 793 3853 censeamur,
812 3799 867 3838 non
891 3787 1050 3855 exspectata
1063 3780 1117 3838 alia
1132 3779 1280 3849 sententia,
1298 3779 1344 3853 qui
1360 3779 1466 3836 fructus
1482 3775 1578 3851 capelli
1596 3775 1652 3832 reti·

329 3879 500 3944 neanturper
512 3871 688 3928 camerarium
701 3871 771 3927 sacri
779 3870 899 3944 collegii,
907 3877 934 3928 et
941 3876 1099 3927 accrescant
1108 3869 1168 3926 aliis
1180 3867 1363 3925 cardinalibus
1373 3865 1584 3923 observantibus
1597 3866 1650 3938 jure

339 3977 400 4034 pso.
417 3960 483 4016 Item
499 3960 571 4034 quod
594 3960 628 4016 de
643 3960 769 4016 omnibus
789 3969 901 4034 rogetur
915 3959 1047 4028 notarius,
1070 3959 1117 4034 qui
1133 3956 1244 4032 stipulat
1267 3957 1358 4014 omnia
1372 3963 1399 4013 et
1414 3955 1523 4028 singula
1545 3953 1653 4029 capitula

329 4047 440 4104 nomine
462 4048 497 4106 S.
523 4050 557 4107 R.
574 4051 604 4106 E.
622 4057 650 4106 et
662 4049 731 4106 sacri
751 4049 857 4121 collegii
872 4049 1061 4120 cardinalium,
1084 4048 1159 4104 etde
1182 4047 1222 4104 eis
1238 4046 1449 4103 instrumentum
1468 4046 1557 4104 lacere
1570 4052 1596 4102 et
1608 4059 1651 4116 pu·

329 4135 429 4192 blicar'e
449 4144 583 4208 teneatur,
609 4139 795 4214 schedulaqus
809 4156 925 4213 presens
938 4138 985 4212 ‚vel
1004 4137 1141 4194 schedula
1165 4135 1268 4194 similes
1288 4134 1385 4191 fienda
1409 4135 1609 4210 subscriptione
1628 4138 1650 4187 et

329 4225 420 4299 sigillo
434 4225 558 4282 annulari
579 4226 660 4284 luturi
678 4226 819 4283 Pontilleis
838 4225 993 4282 muniendas
1012 4225 1131 4282 habeant
1151 4225 1206 4281 vim
1221 4215 1307 4282 Bullre
1326 4225 1354 4282 ia
1370 4243 1446 4294 casu,
1467 4226 1541 4300 quod
1556 4225 1590 4282 ad
1608 4223 1649 4280 tri·

327 4315 410 4371 duum
426 4323 489 4391 post
505 4317 707 4374 coronationem
723 4333 800 4372 suam
821 4333 876 4372 non
889 4315 994 4372 dederit
1009 4331 1086 4372 sacro
1106 4315 1220 4389 collegio
1236 4332 1285 4372 sex
1309 4313 1402 4372 Bullas
1417 4313 1569 4372 secundum
1584 4322 1652 4370 teno-

326 4421 381 4460 rem
406 4404 622 4480 subscriptorum
644 4407 835 4482 capitulorum,
856 4413 937 4481 prout
960 4407 987 4462 in
1011 4406 1129 4480 capitulo
1152 4405 1240 4480 primo
1264 4404 1432 4461 continetur.
1456 4405 1523 4474 Qua
1549 4403 1650 4479 quiden

326 4491 454 4566 capitula,
470 4495 581 4552 omissis
594 4495 637 4552 bic
649 4495 897 4570 subscriptionibus
913 4495 1201 4552 reverendissimorum
1217 4493 1388 4551 dominorum
1406 4493 1595 4555 cardinalium,
1609 4491 1648 4565 qui

338 4581 446 4639 ndioto
468 4582 587 4640 conclavi
610 4583 801 4648 interluerunt,
823 4593 851 4640 et
873 4583 920 4640 illa
939 4583 1173 4658 subscripserunt,
1198 4601 1247 4658 per
1275 4581 1479 4640 sanctissimum
1503 4583 1530 4638 in
1554 4579 1651 4640 Christo

326 4677 430 4744 patrem
445 4679 472 4728 et
486 4671 625 4728 dominum
637 4679 762 4730 nostrum
779 4672 1030 4730 dominumlulium
1043 4673 1068 4728 II
1079 4671 1195 4730 electum
1210 4672 1237 4728 in
1252 4687 1388 4729 summum
1404 4668 1566 4725 Pontificem
1580 4683 1650 4723 manu

327 4759 601 4835 propriasubscripte
614 4761 724 4820 luerunt
736 4762 788 4818 sub
807 4761 850 4818 his
864 4761 954 4817 serbis
971 4781 979 4818 r
997 4783 1011 4812 «
1028 4761 1086 4835 Ego
1107 4762 1194 4818 Julius
1210 4763 1234 4818 ll
1250 4761 1355 4818 electus
1374 4758 1401 4813 in
1416 4775 1551 4814 summum
1566 4753 1651 4814 Ponti·

327 4849 404 4904 llcem
420 4849 562 4923 promises
581 4851 672 4908 omnia
689 4858 717 4908 et
736 4850 847 4925 singula
863 4849 992 4924 promitto
1015 4851 1079 4924 juro
1098 4858 1125 4907 et
1146 4867 1232 4908 roceo
1251 4849 1397 4906 observare
1417 4853 1444 4902 et
1467 4843 1647 4920 adimplerem

326 4936 453 4994 omnibus
473 4945 500 4996 et
515 4956 563 5012 per
579 4940 670 4996 omnio
684 4957 752 5014 puro
772 4948 799 4997 et
815 4939 974 5013 simpliciter
993 4947 1020 4996 et
1035 4939 1107 4996 bona
1122 4939 1174 4997 llde
1193 4935 1301 4994 realiter
1321 4943 1425 4993 etcum
1448 4935 1557 5002 ellectu,
1570 4940 1595 4990 et
1606 4929 1649 4986 sub

330 5042 410 5098 pmna
424 5027 532 5100 perjurii
555 5035 581 5083 et
600 5025 795 5097 anathematis,
818 5028 950 5101 aquibus
974 5046 1025 5084 nec
1047 5047 1089 5085 me
1104 5029 1195 5103 ipsum
1215 5025 1366 5096 absolvam,
1383 5043 1432 5081 nec
1456 5023 1535 5081 alicui
1549 5019 1648 5079 absolu-

328 5111 429 5169 tionem
443 5115 618 5173 committam.
637 5117 677 5172 lta
692 5133 735 5171 me
750 5117 824 5172 Deus
839 5117 961 5191 adjuret,
977 5124 1004 5174 ot
1021 5119 1079 5174 hac
1093 5125 1189 5176 sancta
1204 5116 1255 5174 Dei
1272 5115 1455 5188 Evangelia.»
1470 5115 1538 5170 Acta
1552 5112 1647 5168 luerunt

330 5198 387 5262 baec
403 5199 495 5256 Roma
509 5201 535 5256 in
549 5202 650 5274 palatio
660 5210 687 5261 et
697 5203 800 5277 capella
810 5222 893 5272 anno,
905 5203 1061 5274 indictione,
1072 5223 1177 5274 mense,
1188 5203 1232 5261 die
1246 5211 1273 5262 et
1285 5205 1352 5262 hora
1361 5202 1566 5278 suprascriptis,
1579 5206 1625 5256 etc.
