3520 6036
109 587 260 651 &eamme
276 588 347 650 1505]
428 587 555 648 RERUM
579 589 807 650 anonumum
830 591 1091 650 communicen.
1373 595 1423 652 401

100 749 133 818 et
149 768 194 816 ss.
214 744 421 818 lohannem
441 749 479 819 et
499 745 748 836 Marcianum
771 753 855 822 tunc
875 748 972 822 inter
995 749 1109 824 altare
1127 751 1164 823 et
1187 747 1312 823 sedem
1330 749 1424 847 epis-

99 868 255 965 copalem
276 869 314 940 in
335 869 444 965 plano
472 871 668 967 genuflexit
696 875 733 944 et
761 871 864 946 linito
891 871 939 944 Te
959 873 1090 964 Deum,
1118 896 1187 972 ego
1215 875 1252 946 in
1279 875 1423 970 pluuiali

98 995 207 1092 incepi
223 995 424 1068 versiculos
450 995 575 1071 solitos
595 997 781 1070 Protector
802 1010 932 1088 noster,
954 1005 1024 1072 etc.
1046 1003 1083 1072 et
1100 1000 1301 1072 orationem
1318 999 1417 1072 Deus

99 1121 261 1211 omnium,
275 1124 364 1211 ete,
382 1127 418 1194 ct
434 1123 530 1218 Papa
545 1123 703 1195 surrexit
717 1127 754 1195 et
772 1123 809 1195 in
823 1123 944 1197 medio
955 1123 1141 1197 benedixit
1154 1124 1301 1220 populo,
1319 1147 1422 1199 more
1544 1114 1547 1120 ’

100 1245 208 1334 solito,
224 1246 371 1350 detecto
389 1245 519 1342 capite,
537 1247 623 1342 quia
641 1271 732 1320 crux
747 1271 814 1322 sua
831 1248 896 1320 luit
914 1254 1059 1346 portata
1076 1254 1186 1346 prout
1208 1251 1245 1322 in
1261 1273 1291 1322 s.
1312 1245 1423 1323 Petro

101 1371 173 1444 lieri
199 1370 307 1460 solet,
335 1375 371 1443 et
405 1370 505 1444 dedit
537 1371 802 1469 indulgentiam
832 1379 973 1469 septem
1003 1397 1180 1447 annorum
1212 1378 1247 1448 et
1270 1373 1424 1448 totidem

102 1503 339 1592 quarantenas
366 1519 456 1592 quas
489 1496 745 1592 pronunciavit
767 1498 972 1571 cardinalis
1002 1498 1177 1572 Columna
1203 1499 1241 1571 in
1267 1499 1422 1596 vulgari.

103 1620 207 1694 Exiuit
222 1621 418 1695 ecclesiam
435 1624 535 1718 Papa
552 1643 635 1694 cum
656 1644 765 1694 cruce
786 1629 822 1696 et
844 1622 1010 1695 ascendit
1029 1623 1178 1713 mulam,
1198 1628 1235 1696 et
1253 1623 1427 1720 equitavit

104 1745 143 1818 ad
172 1749 353 1832 castrum;
387 1745 628 1819 interfuerunt
667 1769 730 1819 sex
762 1745 980 1836 cardinales,
1009 1747 1175 1822 videlicet
1202 1773 1231 1821 s.
1264 1747 1423 1845 Georgii,

105 1869 348 1958 Bononiensis
364 1871 639 1961 volaterranus,
650 1871 845 1962 Adrianus,
859 1872 1036 1946 Columna
1049 1877 1085 1945 et
1099 1872 1295 1970 dragonis.
1316 1875 1427 1947 Sedes

105 1995 313 2092 episcopalis
328 2019 411 2070 mea
428 2001 464 2070 et
480 1995 724 2070 faldistorium
742 2019 808 2094 pro
832 1999 930 2093 Papa
948 2021 1022 2071 non
1040 1997 1187 2072 luerunt
1199 2004 1327 2096 parata
1344 1997 1428 2094 quia

104 2119 251 2192 sororius
263 2120 480 2217 promisitid
495 2122 616 2196 lacere
627 2127 664 2196 ct
677 2121 857 2196 nonleoit.
875 2125 973 2218 Papa
984 2121 1073 2195 nihil
1089 2122 1215 2196 obtulit
1232 2124 1275 2197 ad
1294 2123 1423 2196 altare.

146 2245 283 2336 Martis,
315 2251 337 2318 9
362 2245 593 2342 septembris,
620 2249 718 2343 Papa
751 2247 885 2320 audivit
909 2247 1059 2321 missam
1089 2247 1233 2320 bassam
1260 2247 1294 2320 in
1325 2247 1430 2321 altari

105 2370 232 2468 majore
250 2371 406 2445 ecclesie
438 2394 519 2446 mee
545 2394 653 2468 quam
682 2371 879 2445 celebravit
904 2376 947 2445 D.
976 2373 1187 2446 Dominicus
1219 2372 1427 2469 capellanus

104 2517 194 2583 suus,
216 2494 404 2569 etiterum
431 2495 521 2568 nihil
542 2495 685 2587 obtulit,
708 2495 797 2569 vidit
815 2495 1063 2593 episcopatum
1085 2519 1208 2569 meum
1232 2501 1270 2568 et
1290 2495 1428 2569 lodiam

105 2617 366 2716 discoopertam
385 2627 467 2693 ante
482 2619 644 2710 missam,
659 2627 695 2694 et
711 2627 837 2716 postea
850 2621 1016 2694 reversus
1034 2622 1150 2694 estad
1168 2625 1344 2693 castrum.
1365 2619 1428 2692 llis

104 2741 235 2834 diebus,
255 2750 296 2818 ut
315 2743 404 2817 mihi
427 2745 492 2818 luit
518 2745 683 2834 relatum,
704 2747 802 2842 Papa
824 2745 1011 2819 transtulit
1027 2746 1160 2819 festum
1184 2770 1232 2818 ss.
1250 2743 1428 2818 Johannis

105 2872 135 2940 ct
158 2867 344 2961 Marciani,
365 2870 462 2966 quod
487 2869 666 2943 celebrari
694 2869 848 2944 debebat
875 2875 918 2943 16
945 2870 1055 2968 hujus
1088 2893 1171 2945 cum
1198 2868 1427 2966 indulgentia

104 3015 172 3085 sua,
189 2995 233 3066 ad
247 2993 471 3068 dominicam
491 2999 533 3066 lt
552 2993 675 3091 hujus.

146 3119 207 3194 oie
226 3119 424 3208 dominica,
449 3125 491 3192 lt
512 3119 743 3216 septembris,
767 3121 812 3194 ad
830 3143 941 3217 quam
954 3119 1174 3194 translatum
1195 3119 1340 3210 testum,
1363 3119 1428 3194 luit

102 3242 189 3318 dicta
203 3244 360 3341 epistola
376 3244 413 3316 in
430 3244 543 3316 missa
557 3246 708 3340 maJom,
727 3269 837 3339 quam
858 3245 1055 3318 celebravit
1077 3243 1374 3342 archipresbyter
1390 3241 1426 3315 in

102 3375 197 3441 centu
220 3392 287 3442 suo
317 3367 438 3442 solito.
474 3368 675 3444 Cardinalis
703 3368 943 3442 Bononiensis
966 3369 1108 3464 accepit
1128 3391 1257 3464 pacem
1286 3367 1428 3440 acele-

102 3490 238 3584 hranto3
261 3493 375 3567 etiam
403 3492 504 3566 dedit
533 3517 613 3567 cam
642 3496 737 3589 Papo
766 3499 802 3567 ct
840 3495 881 3565 D.
910 3491 1193 3588 Christophorus
1220 3491 1321 3564 dedit
1345 3514 1426 3564 cam

102 3617 349 3706 cardinalibus,
370 3617 492 3691 nescio
507 3617 906 3714 siperinstrumcntum
922 3617 976 3690 uel
992 3639 1069 3704 ore,
1090 3615 1175 3712 quia
1188 3638 1256 3712 ego
1278 3620 1428 3712 propter

100 3741 290 3840 podagram
307 3765 381 3816 non
399 3741 500 3838 potui
519 3743 716 3830 accedere,
734 3747 771 3816 et
785 3740 944 3815 Michael
962 3746 1043 3814 erat
1061 3740 1247 3830 infirmus3
1269 3763 1337 3836 ego
1356 3738 1426 3812 leci

103 3887 153 3940 ma
169 3875 312 3964 portare
330 3867 365 3940 in
393 3869 480 3942 sede
507 3891 591 3942 mea
610 3891 719 3965 super
739 3890 916 3965 organum
942 3866 1002 3941 ubi
1025 3869 1123 3964 Papa
1144 3865 1372 3940 descendens
1389 3864 1426 3938 in

103 3991 181 4065 sado
196 4017 262 4066 sua
278 4015 338 4067 mc
353 3991 493 4066 viditet
511 3991 601 4064 mihi
623 3991 811 4066 benedixit
833 3991 968 4094 ridens.
996 3990 1114 4063 Finita
1134 3988 1246 4061 missa
1268 3989 1422 4085 majore,

103 4114 190 4210 Papa
206 4115 395 4192 deseendit
414 4117 460 4191 dc
477 4117 563 4191 sede
587 4115 784 4213 episcopali
806 4139 876 4212 que
897 4139 969 4188 uno
991 4137 1124 4212 magno
1144 4117 1268 4210 tapete
1285 4117 1425 4186 tantum

102 4245 173 4312 erat
187 4247 326 4337 parata,
345 4246 381 4315 et
398 4243 436 4314 in
452 4241 574 4314 medio
589 4240 725 4330 altaris,
739 4239 884 4315 detecto
901 4239 1031 4336 capite,
1052 4241 1163 4335 Papa,
1181 4243 1331 4334 propter
1347 4261 1427 4310 cru-

102 4383 173 4436 cem
189 4389 304 4458 snam,
324 4371 364 4439 ut
380 4390 497 4464 nuper
511 4365 711 4455 benedixit,
729 4369 766 4438 et
786 4388 861 4439 non
877 4366 986 4453 hene,
1007 4364 1093 4458 quia
1108 4361 1263 4435 debebat
1281 4362 1317 4432 in
1338 4361 1424 4435 sede
1527 4420 1531 4429 .

102 4494 288 4584 coopertus
311 4490 550 4580 benedicere3
576 4490 708 4564 deinde
732 4489 931 4587 genullexit
953 4489 989 4561 in
1011 4487 1212 4562 faldistorio
1233 4491 1270 4560 et
1287 4485 1433 4588 ibidem

102 4611 223 4686 audivit
241 4615 390 4690 missam
404 4615 549 4690 bassam
567 4639 675 4712 quam
699 4615 897 4690 celebravit
921 4618 964 4687 D.
988 4611 1198 4685 Dominicus
1214 4609 1422 4707 capellanus

102 4755 195 4826 suus3
222 4739 425 4814 cardinales
450 4740 488 4812 in
511 4740 623 4814 missa
641 4741 781 4838 majore
802 4737 975 4812 sederunt
991 4737 1029 4809 in
1046 4735 1216 4809 murettis
1232 4733 1319 4806 hinc
1336 4733 1421 4806 inde

102 4865 273 4958 coopertis
284 4865 480 4962 tapetibus,
496 4866 580 4940 etin
594 4866 700 4938 hassa
714 4865 848 4939 ibidem
865 4861 1154 4960 genuflexerunt.
1176 4862 1274 4957 Papa
1289 4859 1421 4932 iterum

103 4983 184 5058 nihil
198 4989 340 5064 obtulit.
361 4989 478 5064 Finita
495 5013 606 5086 parva
627 4991 749 5080 missa,
780 4989 865 5063 lecit
894 5010 932 5060 se
954 4991 1103 5084 portare
1127 4986 1163 5058 in
1187 4985 1271 5058 sede
1293 5007 1358 5056 sua
1375 4981 1421 5056 ad

103 5117 265 5204 castrum,
289 5121 325 5189 et
344 5139 412 5214 ego
428 5115 465 5188 in
481 5138 564 5189 mea
582 5139 648 5212 per
665 5116 812 5188 hortum
835 5136 972 5203 meum,
1000 5113 1109 5186 etiam
1128 5110 1173 5184 ad
1186 5116 1361 5199 castrum,
1382 5113 1422 5182 ut

102 5235 337 5333 supplicarem
365 5264 436 5338 pro
462 5241 656 5338 scriptoria
681 5245 848 5330 uacante;
872 5238 936 5314 sed
957 5242 1057 5336 Papa
1081 5237 1196 5312 noluit
1219 5258 1302 5310 eam
1328 5231 1420 5308 mihi

229 5407 256 5448 τ.
278 5409 314 5450 ιιι.
428 5465 432 5472 Ι
741 5420 743 5426 ·
1239 5387 1276 5444 26
