3590 6042
357 597 393 651 68
683 625 685 628 -
812 591 986 652 JOHANNIS
1014 587 1233 658 abacelam,
1499 587 1604 650 [torua
1620 592 1684 640 rsoo
1693 593 1703 653 ι

277 825 282 837 ,
360 746 509 821 lamenti
527 746 581 820 sui
598 749 751 820 llltmos.
772 749 845 820 nu.
863 747 1067 820 cardinales
1083 769 1113 817 s.
1129 728 1308 818 Praxedis'
1319 746 1356 815 et
1372 765 1401 814 s.
1420 742 1548 816 Crucis
1565 751 1601 817 et
1617 767 1694 818 om-

360 873 421 944 nia
438 872 535 946 bona
551 895 617 944 sua
634 871 688 944 vel
706 871 809 968 quasi
828 871 974 944 donarit
993 871 1111 944 libera
1132 867 1329 942 donatione
1347 865 1573 959 interrivos,
1593 867 1693 942 inter

359 996 431 1069 alia
455 995 649 1070 duodecim
674 997 786 1070 millia
808 997 1040 1084 ducatorum,
1063 993 1226 1068 videlicet
1255 1015 1319 1066 sex
1346 991 1460 1066 millia
1484 993 1555 1090 piis
1579 993 1686 1076 locis,

359 1121 512 1196 ecclesie
531 1121 766 1195 Lateranensi
787 1146 849 1194 sex
866 1120 979 1194 millia
1001 1120 1153 1194 totidem
1175 1119 1322 1193 basilice
1346 1143 1375 1190 s.
1397 1118 1509 1207 Petri,
1531 1118 1694 1192 ecclesie

358 1247 394 1318 b.
415 1245 530 1319 Marie
549 1245 593 1320 de
611 1247 750 1344 Populo
769 1246 879 1339 mille,
901 1247 937 1319 b.
959 1245 1072 1320 Maria
1090 1247 1252 1319 ltlincrve
1274 1244 1347 1318 duo
1369 1243 1498 1329 millia,
1520 1243 1693 1316 societati

357 1370 584 1444 annunciate
613 1394 681 1468 pro
712 1371 928 1444 maritandis
956 1369 1087 1467 puellis
1119 1375 1223 1444 scuta
1255 1369 1354 1442 mille
1382 1373 1416 1442 ct
1444 1367 1694 1442 servientibus

358 1495 433 1568 suis
459 1518 521 1569 sex
547 1495 661 1587 mille,
682 1501 719 1570 et
745 1497 870 1571 omnia
894 1521 980 1571 vasa
1004 1500 1185 1594 argentea·
1203 1502 1238 1570 et
1256 1518 1397 1592 pannos
1421 1495 1466 1568 de
1494 1493 1632 1581 roscia,
1658 1496 1695 1563 et

355 1620 427 1693 elia
451 1621 547 1695 inter
575 1621 725 1695 eosdem
752 1623 941 1697 distribuit
965 1627 999 1695 et
1022 1621 1134 1696 voluit
1159 1621 1256 1717 quod
1281 1619 1436 1717 quilibet
1460 1618 1530 1692 sibi
1562 1617 1695 1692 datum

357 1749 579 1841 asportaret.

405 1869 471 1942 Die
491 1869 647 1960 veneris,
673 1874 716 1943 10
736 1869 818 1968 julii
843 1868 1014 1968 predicti,
1034 1869 1174 1944 insero
1197 1869 1299 1944 circa
1319 1870 1449 1943 horam
1473 1865 1694 1963 vigesimam

356 1992 518 2084 tertiam,
539 1992 633 2066 Rmi.
654 1997 729 2068 DD.
752 1995 959 2069 cardinales
978 2019 1007 2067 s.
1032 1993 1201 2068 Praxedis
1219 1999 1255 2067 et
1274 2019 1303 2066 s.
1325 1992 1466 2083 Crucis,
1489 1999 1526 2066 et
1545 1996 1694 2090 Capua-

354 2139 424 2189 nus
450 2141 524 2189 non
551 2118 672 2211 simul,
699 2119 763 2192 sed
786 2118 1022 2217 singulariter
1049 2117 1261 2214 equitarunt
1285 2118 1331 2190 ad
1355 2116 1507 2191 domum
1522 2117 1692 2214 predicti

266 2285 273 2302 ι
356 2239 622 2332 UlixbonensiS,
642 2247 677 2316 et
697 2265 781 2316 eum
801 2243 1037 2316 visitaverunt
1056 2241 1092 2314 in
1114 2241 1223 2316 domo
1244 2240 1351 2315 simul
1371 2263 1512 2333 omnes,
1536 2241 1692 2314 sabbato

358 2365 396 2435 11
426 2365 591 2462 ejusdem
615 2367 764 2442 mensis.
793 2367 949 2462 Reliquit
977 2389 1062 2441 eum
1089 2365 1199 2441 lebria
1228 2367 1289 2440 illa
1312 2365 1470 2464 gravior,
1497 2387 1568 2461 quc
1596 2364 1692 2438 ultra

354 2489 562 2564 continuam
577 2490 678 2566 illum
694 2491 811 2590 magis
827 2494 1046 2566 turbaverat.
1065 2491 1203 2590 lncepit
1218 2497 1410 2590 propterea
1426 2490 1556 2564 melius
1572 2512 1613 2564 sc
1626 2489 1691 2562 ha-

353 2613 439 2690 bere
463 2621 498 2690 et
517 2615 575 2690 die
594 2617 691 2706 lune,
715 2623 756 2692 13
777 2618 957 2715 ejusdcm,
977 2616 1125 2714 reliquit
1142 2641 1227 2692 eum
1249 2617 1286 2691 in
1307 2623 1421 2693 totum
1440 2615 1558 2690 omnis
1575 2614 1691 2688 labris

354 2747 390 2814 et
403 2740 577 2815 liberatus
593 2749 649 2817 est
663 2743 774 2816 homo
791 2766 855 2840 pro
872 2743 940 2818 hac
954 2743 1043 2818 vice.
1063 2747 1156 2816 Laus
1172 2745 1266 2818 Deo!

403 2865 507 2940 Faria
533 2871 672 2962 quarta,
705 2873 747 2941 15
778 2867 911 2941 mensis
938 2868 1018 2966 julii
1047 2869 1212 2966 predicti,
1240 2869 1339 2942 circa
1367 2869 1527 2967 primam
1557 2867 1692 2942 horam

354 2989 485 3080 noctis,
511 2990 647 3064 lllmus.
673 2997 716 3066 D.
742 2991 949 3091 alphonsus
975 2995 1021 3068 de
1044 2994 1229 3094 Aragonia
1254 2995 1338 3084 dux,
1367 2994 1520 3068 maritus
1546 2998 1589 3067 l).
1620 2998 1692 3067 Lu-

355 3113 468 3188 cretio
495 3114 568 3189 filie
591 3119 700 3214 Pape,
727 3140 836 3217 supra
857 3119 1005 3216 planum
1030 3119 1211 3194 scalarum
1236 3119 1388 3196 basilice
1414 3146 1444 3194 a.
1468 3119 1579 3210 Petri,
1606 3127 1691 3194 ante

355 3238 514 3336 primum
531 3239 734 3336 introitum,
752 3267 879 3319 versus
901 3245 1088 3321 basilicam
1106 3246 1323 3344 predictam,
1341 3246 1543 3344 perplures
1559 3269 1693 3344 perso-

354 3386 420 3438 nas
435 3387 603 3464 agressus
618 3366 699 3456 suit,
719 3369 808 3443 etin
826 3370 944 3468 capite
966 3395 1008 3444 ac
1028 3370 1180 3446 brachio
1198 3371 1325 3447 dextro
1342 3397 1383 3446 ac
1404 3393 1510 3447 crure
1531 3371 1691 3468 graviter

354 3489 580 3584 vulneratus3
604 3493 789 3569 invasores
811 3495 1027 3594 aufugerunt
1047 3519 1112 3594 per
1132 3497 1247 3572 scalas
1271 3523 1300 3572 s.
1325 3497 1433 3588 Petri,
1457 3497 1519 3570 ubi
1541 3496 1693 3571 circiter

355 3615 595 3714 quadraginta
615 3619 757 3714 equites
778 3642 842 3694 eos
861 3621 1113 3719 expectabant,
1137 3645 1221 3697 cum
1240 3622 1372 3720 quibus
1392 3620 1611 3718 equitarunt
1628 3645 1691 3695 ex-

358 3745 416 3811 tra
434 3742 585 3836 Portam
602 3746 795 3817 Pertusam
813 3744 873 3842 (1).

392 3924 415 3980 1.
439 3947 453 3976 u
515 3922 639 3984 l’oratorc
656 3927 693 4000 (di
703 3925 812 4004 Napoli)
828 3929 902 3986 disse
917 3928 961 3987 del
976 3948 1040 3990 caso
1051 3931 1094 3991 del
1104 3929 1225 4010 principe
1236 3933 1264 3993 di
1274 3933 1400 4010 Salerno,
1415 3936 1485 3996 duca
1498 3935 1526 3994 di
1536 3931 1687 4010 Bisceglin,

355 4021 453 4087 nepote
468 4014 510 4070 del
525 4032 554 4071 re
575 4014 720 4086 Foderico;
737 4036 752 4074 e
768 4021 847 4075 narro
863 4037 939 4078 come
961 4021 987 4076 su
1010 4021 1097 4094 serito,
1114 4041 1130 4081 a
1147 4030 1188 4081 tre
1203 4025 1269 4082 hore
1283 4027 1309 4082 di
1323 4035 1398 4088 nette
1414 4045 1508 4102 presso
1527 4025 1546 4081 il
1565 4025 1684 4100 palazzo,

355 4101 399 4158 dal
413 4102 482 4158 duca
493 4103 638 4162 Valentino
649 4124 699 4164 suo
709 4113 827 4181 cognato
835 4127 842 4180 ;
857 4127 872 4166 e
887 4109 904 4164 il
916 4111 1039 4186 principe
1053 4131 1131 4170 corae
1141 4112 1186 4172 dal
1200 4132 1271 4190 papa
1280 4116 1395 4175 dicendo
1408 4135 1415 4172 ι
1428 4135 1495 4174 sono
1507 4119 1578 4173 stato
1590 4115 1670 4172 terito
1683 4133 1690 4176 2

357 4190 423 4264 egli
437 4191 511 4248 disse
525 4193 561 4250 da
575 4194 633 4266 cbi;
650 4213 665 4252 e
686 4197 823 4254 madonua
838 4199 966 4256 Lucreziu
982 4201 1057 4276 figlia
1076 4201 1120 4259 del
1135 4205 1219 4278 Papa,
1237 4222 1288 4262 aua
1301 4206 1409 4282 moglie,
1426 4205 1517 4263 ch'era
1534 4205 1562 4260 in
1580 4220 1688 4260 camera

354 4279 396 4335 col
405 4298 487 4355 papa,
503 4282 588 4341 ceddo
601 4284 628 4340 in
645 4285 792 4360 ongoscia.
812 4285 867 4345 Ora
881 4287 898 4344 il
912 4289 988 4346 detto
999 4291 1069 4348 duco
1084 4291 1111 4347 di
1125 4292 1261 4366 Bisceglia
1272 4294 1331 4366 (che
1346 4303 1389 4352 sta
1400 4312 1532 4371 appresso
1546 4295 1564 4350 il
1581 4293 1689 4368 palazzo

356 4369 383 4426 di
398 4371 454 4426 San
474 4370 565 4437 Piero.
581 4369 653 4430 nella
668 4393 734 4432 casa
749 4376 793 4432 del
808 4377 945 4450 cardinale
965 4379 993 4434 di
1016 4380 1101 4437 Senta
1118 4381 1204 4438 Maria
1223 4382 1251 4438 in
1271 4385 1388 4453 Pontico,
1404 4402 1419 4442 e
1437 4396 1486 4460 per
1500 4383 1603 4440 dubbio
1621 4398 1689 4440 area

355 4459 484 4518 mandato
499 4467 599 4518 atone
613 4464 710 4520 medici
724 4481 740 4522 a
754 4466 861 4540 Napoli)
878 4473 960 4525 stettc
975 4474 1105 4526 trentatrc
1126 4471 1155 4544 di
1167 4471 1328 4542 ammalat0;
1344 4491 1358 4530 e
1372 4473 1392 4529 il
1409 4471 1533 4531 cardinal
1547 4473 1574 4530 di
1594 4471 1690 4547 Capua

354 4545 380 4604 lo
395 4548 531 4617 confesso,
548 4551 601 4608 ela
611 4552 711 4628 moglie
727 4572 742 4611 c
756 4553 782 4612 la
795 4556 904 4626 sorella,
920 4557 970 4614 che
986 4561 1000 4614 e
1015 4558 1115 4634 moglic
1130 4559 1173 4616 del
1188 4561 1309 4637 principe
1322 4563 1349 4618 di
1364 4561 1512 4638 Squillace,
1528 4563 1597 4618 altro
1614 4560 1689 4636 figlio

354 4636 397 4695 del
413 4655 492 4712 papa,
514 4645 628 4698 otorano
650 4660 701 4698 con
721 4643 758 4699 lui
778 4643 849 4719 egli
869 4646 1037 4705 cucinavano
1058 4647 1085 4704 in
1105 4668 1160 4705 una
1179 4651 1330 4725 pignatella
1346 4669 1395 4726 por
1413 4651 1516 4709 dubbio
1535 4650 1563 4707 di
1580 4649 1688 4714 relano,

353 4743 402 4800 per
416 4726 496 4784 l'odio
510 4728 561 4786 che
574 4729 613 4802 gli
626 4748 711 4788 avcva
725 4731 744 4788 il
759 4732 829 4790 duca
844 4733 998 4794 Valentino.
1016 4739 1037 4794 E
1051 4737 1070 4794 il
1086 4756 1157 4813 papa
1172 4741 1197 4796 lo
1211 4741 1306 4798 lacera
1320 4742 1458 4798 custodire
1472 4742 1509 4798 da
1525 4738 1610 4798 sedici
1628 4757 1689 4814 per-

355 4831 430 4884 sone,
446 4833 495 4890 per
509 4817 611 4876 dubbio
625 4821 675 4876 cha
693 4821 711 4876 il
725 4822 796 4880 duca
809 4841 866 4881 non
886 4824 1094 4884 l'ammazzasse.
1112 4829 1132 4883 Ε
1147 4830 1257 4902 quando
1271 4830 1289 4886 il
1307 4847 1379 4905 pape
1393 4831 1419 4888 lo
1438 4830 1564 4894 visitare,
1582 4829 1601 4885 il
1621 4829 1691 4886 duca

353 4921 408 4960 non
422 4904 448 4962 vi
463 4907 584 4978 andava;
600 4927 630 4966 se
645 4927 700 4968 non
714 4929 769 4970 una
782 4913 865 4982 volta,
881 4914 931 4971 che
957 4915 1032 4973 disse
1049 4934 1055 4972 :
1086 4919 1177 4985 Quclto
1196 4920 1242 4976 cla
1258 4937 1311 4977 nora
1325 4925 1350 4976 si
1368 4925 1382 4978 c'
1405 4923 1476 4990 fatto
1492 4939 1510 4976 o
1524 4921 1654 4976 destrucre
1670 4921 1694 4973 st

354 4996 418 5060 ford
431 5013 447 5050 a
462 5014 539 5054 cono.
554 4998 575 5053 Ε
590 5001 694 5057 avando
717 5000 844 5059 l‘orntore
858 5003 962 5078 parlato
984 5005 1025 5062 eol
1039 5023 1110 5080 papa
1121 5007 1148 5062 di
1169 5013 1275 5082 questo,
1291 5009 1309 5065 il
1331 5028 1402 5086 papa
1417 5010 1455 5084 gli
1466 5009 1541 5066 disse
1557 5026 1564 5065 :
1582 5010 1603 5064 11
1618 5009 1690 5064 duco

355 5084 415 5138 dice
430 5087 460 5140 di
474 5103 528 5143 ooo
543 5089 568 5143 lo
585 5107 650 5145 orer
668 5093 767 5159 serito;
783 5111 828 5149 mu
842 5109 870 5149 se
886 5095 996 5170 l’occssc
1011 5097 1093 5163 ferito
1112 5097 1137 5152 to
1150 5101 1299 5169 territerio,
1316 5117 1353 5158 ec.
1371 5101 1426 5156 Ora
1442 5117 1477 5156 un
1497 5099 1595 5173 giorno
1611 5097 1651 5172 (lu
1666 5095 1691 5152 ai

355 5172 388 5225 17
403 5172 429 5226 di
443 5176 649 5248 Agostol'entrd
671 5181 698 5236 in
719 5199 837 5252 camera,
857 5182 907 5240 che
922 5201 968 5240 era
982 5184 1029 5258 girl
1044 5185 1183 5256 collecata,
1200 5205 1215 5243 e
1233 5188 1291 5246 lece
1306 5189 1393 5247 uscire
1414 5189 1441 5246 la
1456 5189 1556 5263 moglie
1570 5207 1586 5246 a
1600 5188 1628 5245 la
1644 5205 1692 5244 so·

355 5259 429 5330 ralla,
445 5279 459 5318 e
475 5264 533 5320 Don
549 5265 664 5324 Michele
683 5270 817 5328 chiamato
832 5273 972 5347 strangulo
991 5272 1010 5328 il
1032 5273 1107 5332 detto
1131 5275 1262 5350 giovone3
1279 5273 1334 5335 cla
1350 5285 1425 5336 notte
1437 5279 1467 5335 lu
1486 5279 1603 5352 sepolto.
1621 5281 1690 5336 Caso
