3506 6034
287 489 341 550 212
753 488 928 544 JOllANNlS
954 487 1176 554 BURCHARDI,
1435 489 1537 551 [luillet
1554 490 1624 554 15112]

335 647 443 720 Feria
466 647 585 734 tertia,
607 646 649 716 11
669 643 756 716 dicti
774 641 911 715 mensis
932 643 1024 740 julii,
1045 646 1169 715 Rmus.
1184 641 1236 714 1).
1257 641 1452 716 cardinalis
1471 643 1624 718 Ursinus

289 772 389 868 petiit
404 769 627 844 audientiam
645 793 666 841 a
686 771 749 841 SS.
776 771 818 840 b.
841 771 965 841 nostro
985 767 1021 840 in
1043 791 1116 864 qua
1135 767 1347 841 intendebat
1366 773 1492 864 petere
1510 768 1627 842 licen-

288 897 374 970 tiam
393 895 501 969 eundi
521 893 764 968 Mediolanum
783 893 830 965 ad
847 915 971 989 regem
995 891 1148 966 Francie
1173 891 1222 964 ibi
1243 892 1480 982 existentem3
1502 899 1540 966 et
1558 896 1624 968 SS.

289 1025 330 1093 Ι).
352 1024 477 1094 noster
502 1019 646 1116 negavit
663 1017 751 1090 dare
771 1016 993 1090 audientiam
1011 1016 1131 1090 eidem
1150 1015 1340 1104 cardinali,
1363 1015 1438 1112 qui,
1459 1016 1495 1090 in
1515 1025 1631 1090 nocte

287 1147 467 1241 sequenti,
488 1143 639 1218 recessit
662 1167 706 1216 ex
733 1143 829 1216 Urbe
852 1143 968 1215 iturus
990 1141 1235 1215 Mediolanum
1263 1139 1309 1214 ad
1334 1164 1456 1238 regem
1481 1140 1628 1238 predic-

287 1279 375 1358 tum,
396 1271 531 1365 absque
550 1273 646 1364 Pape
661 1265 821 1340 licentia.

335 1393 469 1466 Eadem
488 1393 547 1466 die
565 1393 703 1480 martis,
732 1396 774 1464 11
786 1391 878 1489 julii,
900 1388 1089 1466 redierunt
1108 1393 1153 1464 ad
1174 1391 1309 1466 Urbem
1336 1396 1494 1480 secreto,
1516 1397 1630 1488 prout

286 1519 397 1591 etiam
420 1522 662 1608 recesserant,
691 1515 886 1590 cardinalis
913 1517 957 1590 de
974 1516 1149 1590 Alibretto
1168 1520 1205 1590 et
1231 1516 1445 1590 Franciscus
1467 1515 1628 1589 Trocbia

287 1667 369 1716 cum
386 1641 641 1716 meretricibus
657 1643 744 1729 suis,
766 1641 826 1736 qui
849 1641 1144 1715 commissionem
1163 1641 1216 1714 eis
1232 1642 1355 1714 datam
1377 1664 1450 1714 non
1476 1640 1627 1714 luerunt

287 1767 469 1864 exequuti,
497 1771 641 1839 Rmum.
662 1765 889 1838 cardinalem
908 1791 937 1838 s.
958 1767 1054 1839 Petri
1071 1767 1116 1839 ad
1136 1764 1291 1842 Vincula
1309 1766 1354 1838 de
1374 1763 1542 1838 manibus
1558 1764 1629 1836 im-

288 1892 430 1989 piorum
448 1891 602 1965 Domino
621 1896 869 1987 preservante.

337 2017 441 2091 Feria
456 2021 597 2112 quarta,
617 2021 663 2088 ab
676 2015 761 2088 dieti
777 2015 925 2104 mensis,
944 2014 1044 2087 circa
1058 2013 1189 2088 horam
1205 2013 1474 2106 duodecimam,
1493 2019 1624 2088 Rmus.

290 2146 331 2214 U.
353 2142 537 2215 lohannes
561 2139 723 2236 Baptista
744 2139 789 2213 de
817 2138 1008 2228 FerrariiS,
1040 2137 1234 2212 cardinalis
1260 2139 1473 2212 Mutinensis
1498 2147 1536 2213 et
1559 2142 1631 2212 Ca-

288 2290 440 2362 puanus,
457 2265 494 2338 in
511 2265 645 2362 palatio
662 2263 875 2361 apostolico,
894 2263 989 2360 apud
1004 2288 1033 2336 s.
1055 2267 1206 2337 Petrum
1219 2268 1255 2337 et
1267 2264 1424 2338 cameris
1440 2289 1503 2338 sue
1520 2264 1629 2338 babi-

288 2391 431 2464 tationis
450 2390 615 2487 spiritum
633 2389 791 2463 reddidit
809 2389 892 2462 Orci
909 2389 1058 2487 janitori
1072 2386 1132 2486 (1).
1159 2390 1226 2461 llic
1248 2387 1453 2490 infirmatus
1479 2395 1535 2463 est
1562 2389 1628 2463 die

288 2514 483 2602 dominica,
504 2519 523 2589 3
543 2516 722 2612 presentis
740 2513 888 2603 mensis,
909 2517 946 2587 et
965 2514 1156 2586 abeodem
1177 2511 1235 2586 die
1260 2537 1375 2609 usque
1398 2515 1444 2586 ad
1467 2513 1625 2602 obitum,

287 2639 403 2713 noluit
416 2640 583 2712 minuere
598 2639 813 2736 sanguinem
823 2661 891 2712 nec
902 2638 953 2712 uti
964 2637 1144 2736 clysteriis
1156 2661 1224 2710 nec
1239 2637 1407 2734 recipere
1425 2661 1625 2736 syruppos,

290 2764 432 2860 pillulas
450 2769 512 2837 aut
534 2763 753 2836 medicinam
776 2763 948 2859 aliquam,
976 2763 1040 2836 sed
1066 2765 1193 2860 quarta
1214 2762 1270 2834 vel
1293 2762 1419 2858 quinta
1444 2762 1503 2835 die
1526 2762 1632 2834 infir·

291 2889 427 2960 mitatis
455 2910 533 2977 sue,
554 2887 639 2961 iecit
662 2887 729 2961 sibi
752 2887 831 2960 lieri
854 2910 1006 2984 sappam
1022 2887 1127 2984 panis
1145 2887 1183 2958 in
1202 2883 1324 2958 chiato
1336 2884 1384 2982 (1)
1400 2886 1470 2958 vini
1489 2885 1629 2960 corsici

290 3011 416 3108 optimi
433 3036 542 3108 quom
561 3013 731 3100 comedit,
751 3017 788 3084 et
806 3013 899 3085 bibit
915 3011 1050 3086 vinum.

339 3137 540 3226 Dominiea,
570 3143 614 3210 10
641 3137 763 3235 hujus,
795 3137 982 3211 confessus
1007 3143 1073 3216 est.
1106 3144 1141 3212 et
1167 3137 1225 3210 die
1253 3138 1338 3212 lune
1368 3135 1548 3233 sequenti,
1581 3141 1624 3208 11

290 3262 398 3358 bujus
414 3260 460 3360 (3)
490 3261 631 3358 accepit
658 3261 878 3336 eucharistie
908 3267 1206 3352 sacramentum
1239 3269 1275 3338 et
1302 3263 1363 3335 illa
1389 3262 1447 3336 die
1473 3261 1631 3336 cessavit

292 3411 363 3460 una
380 3387 493 3461 febris
512 3395 548 3462 et
562 3388 707 3484 gravior
724 3411 769 3462 ex
785 3389 926 3462 duabus
944 3388 1108 3462 tertianis
1126 3411 1216 3484 quas
1237 3388 1409 3476 babebat,
1432 3411 1515 3460 cum
1537 3409 1631 3460 con-

292 3511 393 3584 tinua
407 3535 521 3608 usque
539 3513 585 3584 ad
602 3511 699 3586 diem
718 3512 869 3604 sabbati,
894 3517 936 3586 16
956 3512 1119 3610 ejusdem
1134 3511 1284 3602 mensis,
1300 3535 1373 3608 qua
1387 3512 1498 3585 rediit
1513 3509 1630 3584 febris

292 3660 362 3730 (que
379 3641 600 3710 cessaverat.
620 3637 754 3710 Habuit
770 3636 891 3732 plures
906 3633 1066 3712 valentes
1080 3637 1257 3728 medicos,
1275 3635 1337 3732 qui
1352 3659 1437 3710 eum
1452 3635 1631 3710 continuo

294 3760 506 3847 visitabant3
530 3785 604 3834 non
630 3765 752 3836 tamen
779 3766 974 3858 potuerunt
996 3786 1081 3835 eum
1104 3761 1229 3857 aliqua
1250 3761 1394 3835 ratione
1418 3761 1565 3834 vincere
1589 3764 1630 3834 ut

293 3883 483 3956 medicinis
497 3885 698 3982 juvaretur,
721 3909 834 3982 nsque
853 3887 898 3959 ad
916 3885 1013 3960 diem
1035 3885 1256 3960 dominicam
1279 3892 1319 3958 17
1339 3883 1460 3981 hujus,
1485 3909 1558 3982 qua
1581 3885 1630 3957 de

294 4007 475 4082 medicina
500 4009 567 4082 sibi
594 4010 762 4083 ordinata
783 4011 925 4109 accepit
946 4016 1087 4086 sextam
1112 4011 1165 4084 vel
1192 4015 1357 4084 octavam
1385 4015 1528 4107 partem
1556 4033 1629 4106 que

330 4267 355 4320 l.
375 4265 447 4322 Tolle
461 4271 504 4322 est
525 4263 551 4321 la
565 4263 643 4334 leoon
658 4267 696 4322 du
715 4283 783 4323 mss.
797 4267 879 4335 5522,
899 4267 926 4322 1.
943 4266 963 4322 1.
986 4267 1049 4334 123,
1064 4283 1090 4324 v.
1111 4271 1139 4322 et
1152 4265 1190 4324 du
1205 4265 1295 4341 Cbigi,
1312 4266 1347 4325 L.
1374 4268 1396 4336 l,
1419 4268 1462 4337 11,
1478 4265 1496 4322 i.
1513 4267 1578 4335 107,
1596 4283 1625 4322 v.

295 4355 330 4409 Le
346 4356 392 4410 151
411 4355 499 4411 donne
519 4356 671 4411 creddidit
691 4357 823 4413 Creatori.
842 4377 855 4407 n

328 4455 355 4506 2.
372 4450 445 4507 Tolle
460 4457 502 4508 est
515 4449 542 4508 la
556 4452 631 4522 lacon
647 4453 683 4508 du
703 4471 772 4509 mss.
793 4451 883 4527 Cbigi.
899 4454 932 4509 L.
954 4454 975 4510 l.
993 4456 1036 4523 11,
1053 4453 1074 4512 1.
1100 4455 1161 4526 101,
1175 4471 1201 4511 v.
1219 4451 1257 4509 Le
1274 4453 1392 4522 5522.l,
1409 4453 1429 4509 1.
1444 4453 1498 4509 121
1513 4451 1628 4510 donne:

295 4564 307 4592 o
323 4544 352 4597 in
366 4543 462 4612 cprrtbo
480 4561 510 4612 »3
525 4539 554 4606 le,
565 4543 615 4598 150
630 4543 830 4598 indistorta.»

327 4633 354 4689 3.
376 4629 412 4688 Ce
428 4635 514 4688 meme
533 4631 606 4706 jour,
622 4631 838 4688 l'ambossadeur
856 4632 975 4690 vinitian
990 4632 1112 4690 manduit
1133 4637 1148 4688 a
1167 4632 1194 4688 la
1210 4631 1373 4706 Seigneurie
1389 4650 1396 4689 :
1413 4653 1427 4684 u
1444 4630 1466 4687 11
1490 4631 1630 4688 cardinale

293 4719 319 4775 di
336 4720 454 4776 Modena
467 4721 546 4794 giaee
560 4721 660 4777 motato
674 4737 724 4777 eon
738 4737 809 4795 poca
823 4739 954 4795 speranza
966 4721 991 4777 di
1002 4721 1165 4794 guarigione
1182 4737 1189 4776 :
1206 4721 1230 4778 si
1246 4720 1343 4776 dubita
1354 4720 1383 4776 di
1394 4719 1499 4778 seleno.
1518 4742 1533 4774 o
1548 4723 1628 4792 Utsp.

293 4810 323 4865 di
342 4813 524 4876 Ginstininni,
542 4817 562 4868 t.
579 4811 602 4878 1,
626 4828 657 4885 p.
680 4811 725 4866 51.
751 4811 788 4866 Le
807 4809 972 4880 lendemain,
989 4813 1023 4866 12
1037 4809 1138 4885 juillet,
1162 4809 1378 4868 l’ambassadeur
1394 4808 1508 4866 terirait
1534 4827 1541 4864 :
1567 4833 1582 4862 ι(
1598 4809 1630 4865 ΕΙ

293 4899 519 4956 reverendissimo
533 4900 652 4956 Modcna
666 4899 707 4955 ozi
722 4906 766 4956 sta
777 4899 876 4972 meglio
891 4899 1023 4974 alquanto
1037 4899 1088 4955 cbe
1107 4898 1182 4969 heri;
1197 4917 1249 4972 pur
1263 4917 1320 4957 non
1334 4903 1349 4956 d
1364 4915 1448 4956 senza
1462 4915 1535 4972 gran
1554 4899 1630 4972 peri·

293 4988 361 5052 eolo,
378 5005 425 5062 per
439 4988 464 5045 el
472 4989 577 5062 judicio
592 4989 634 5045 de'
655 4988 751 5044 medici
767 5005 775 5044 :
789 4988 813 5045 el
830 4989 983 5062 parosismo
995 4989 1030 5045 de
1044 4995 1143 5060 questa
1162 4993 1236 5044 natta
1251 4989 1311 5046 larb
1329 4989 1371 5044 lar
1384 4987 1431 5063 pid
1445 5005 1511 5046 vero
1522 4985 1631 5061 judicio

293 5076 364 5133 della
378 5078 466 5137 salute
490 5097 506 5136 o
530 5085 614 5136 morte
629 5095 688 5134 sua.
705 5077 742 5134 Se
765 5077 810 5134 dio
825 5079 966 5134 esaudisse
985 5077 994 5132 i
1012 5077 1110 5152 pregbi
1125 5076 1274 5134 universali
1293 5079 1320 5134 di
1342 5084 1416 5136 tutta
1429 5084 1531 5151 questa
1545 5083 1631 5144 terra,

293 5184 347 5222 non
364 5185 393 5223 se
409 5167 508 5225 loveriis
521 5169 555 5225 de
570 5167 645 5237 letto,
662 5166 703 5222 cb'
714 5165 739 5224 el
754 5167 827 5224 saria
840 5173 947 5242 portato
960 5165 1013 5224 alla
1027 5166 1177 5241 sepoltura.
1198 5187 1212 5222 n
1229 5169 1283 5237 ld,
1304 5185 1332 5240 p.
1347 5168 1392 5224 55.
