3554 6042
528 494 766 566 suessanum
790 511 812 566 ,1
837 511 1080 571 1111111111.
1411 583 1414 592 ⁸
1442 531 1468 570 n

141 689 219 737 mus
223 715 312 733 .......
334 670 455 730 Datum
479 669 592 742 Rome,
614 663 704 744 apud
725 667 880 728 Sanctum
902 667 1046 745 Petrum,
1065 648 1152 731 anno
1175 667 1277 730 incar.
1305 667 1468 731 dominice

140 771 234 847 1180,
251 768 322 832 Kal.
340 765 496 842 octobris,
513 763 629 844 pontii.
647 765 752 826 nostri
768 781 855 828 anno
870 765 896 826 Χ
910 765 967 844 (t).
989 792 1002 822 ι

180 949 221 1011 Νο
238 945 309 1010 883.
326 946 425 1024 Copia
445 945 490 1008 du
508 943 666 1025 privilege
684 945 724 1007 de
745 944 965 1026 legitinration
981 945 1138 1010 accorde'e
1159 964 1221 1026 par
1243 947 1273 1010 te
1294 947 1343 1009 roi
1363 947 1471 1011 Ferdi-

144 1043 268 1110 nanda
291 1042 530 1124 Ce'sarBorgia.
549 1046 688 1107 -Sans
706 1042 792 1108 date.

185 1196 445 1266 ‹Eerdinandus
450 1242 511 1258 .....
531 1213 550 1259 a
568 1197 788 1278 majoribus...
807 1196 841 1258 in
865 1195 1073 1275 frequentem
1091 1215 1191 1260 usum
1213 1196 1392 1260 relatum...
1414 1199 1471 1262 ubi

139 1297 263 1378 aliquis
275 1297 438 1360 natalium
462 1293 626 1376 reperitur
642 1294 790 1358 deiectus
811 1295 875 1374 ipsi
893 1312 955 1358 sua
973 1296 1179 1376 benignitate
1198 1313 1298 1376 super
1313 1313 1352 1360 ea
1366 1314 1401 1360 re
1417 1297 1472 1362 be-

141 1397 339 1478 nignissime
356 1395 628 1474 dispensarunt,..
652 1395 722 1456 suis
739 1393 828 1456 enim
851 1393 1107 1472 sapientissimis
1132 1395 1310 1458 decretis...
1331 1412 1398 1458 non
1421 1413 1472 1459 so-

139 1497 211 1558 tum
230 1494 395 1557 nobilium
415 1510 552 1556 suorum
577 1491 786 1556 subditorum
808 1489 895 1554 filios
916 1497 1008 1555 extra
1028 1509 1125 1556 suam
1142 1492 1299 1556 ditionem
1323 1512 1361 1557 ae
1379 1498 1472 1558 extra

138 1594 302 1658 maritalis
318 1593 404 1655 thori
421 1592 514 1674 leges
536 1596 638 1667 ortos,
655 1593 689 1655 in
700 1609 839 1655 suorum
854 1607 1034 1672 regnorum
1043 1591 1122 1671 jura
1140 1595 1335 1670 receperunt
1348 1609 1473 1672 eosque

141 1691 309 1772 legitimos
321 1707 395 1754 esse
406 1691 693 1771 etlegitimenatos
707 1690 838 1754 decerni
847 1690 1037 1766 voluerunt,
1052 1706 1168 1752 verum
1185 1691 1320 1753 etiam...
1333 1691 1367 1753 in
1380 1708 1472 1753 sum-

138 1807 233 1852 mum
255 1791 415 1852 honorem
441 1807 478 1852 ac
493 1790 702 1871 dignitatern,
722 1793 858 1866 statum,
877 1789 986 1852 lucem
1006 1791 1038 1849 et
1059 1787 1310 1867 amplitudinem
1330 1789 1474 1852 sustule-

143 1890 261 1949 runt...
283 1889 349 1950 Nos
375 1886 477 1966 igitur
502 1901 577 1948 cum
594 1885 767 1950 videamus
790 1904 850 1962 vos
868 1887 1017 1950 nobilem
1037 1889 1070 1949 et
1091 1884 1250 1950 dilectum
1264 1887 1418 1950 Cesarem
1434 1885 1475 1950 de

141 1985 275 2066 borgia,
301 2001 341 2047 ex
365 2000 404 2046 eo
425 1989 520 2064 patre
542 1985 692 2066 genitum
715 1984 772 2064 qui
787 1985 887 2048 etiam
902 2002 943 2048 ex
966 1984 1071 2047 nobili
1095 1983 1289 2064 Borgiarum
1315 1987 1475 2068 progenie

139 2088 228 2146 recta
239 2083 293 2146 via
303 2083 465 2164 originem
480 2083 607 2146 ducit...
623 2084 810 2147 Cumetiam
823 2084 895 2163 ipse
906 2083 994 2147 idem
1009 2085 1140 2163 genitor
1154 2089 1264 2146 vester
1276 2087 1475 2164 perpetuum

140 2182 375 2262 insignemque
393 2199 539 2245 amorem
554 2183 588 2246 in
610 2199 671 2246 nos
692 2187 883 2262 statumque
904 2187 1056 2245 nostrum
1078 2199 1199 2263 gerens
1222 2184 1262 2246 de
1282 2189 1416 2263 paterno
1439 2199 1476 2244 ac

141 2285 257 2344 nostro
273 2284 401 2358 sceptro
421 2285 489 2344 tam
505 2281 583 2344 betti
598 2298 699 2362 quam
718 2282 808 2362 pacis
824 2285 970 2360 tempore
986 2282 1032 2344 ita
1046 2283 1185 2345 meritus
1204 2281 1256 2356 sit,
1270 2285 1308 2342 ut
1323 2279 1476 2342 maximis

144 2379 280 2458 premiis
296 2379 515 2460 dignissimus
527 2378 695 2456 videatur3
710 2397 785 2442 cum
802 2380 935 2443 demum
955 2380 997 2442 ad
1018 2383 1146 2442 tantum
1162 2378 1335 2459 dignitatis
1355 2395 1393 2441 ac
1408 2396 1476 2442 me·

145 2478 284 2540 ritorum
301 2478 442 2558 gradum
463 2477 668 2556 ascenderet,
686 2481 724 2540 ut
738 2497 815 2541 eum
831 2477 913 2541 etin
929 2479 1108 2556 compatris
1123 2477 1405 2540 necessitudinem
1421 2477 1478 2539 ad·

145 2577 334 2640 miserimus
344 2582 377 2640 et
387 2577 563 2656 peculiaris
578 2575 673 2639 amici
686 2576 759 2640 loco
773 2595 904 2655 semper
919 2593 956 2638 ac
966 2575 1186 2639 libentissime
1196 2577 1412 2639 habuerimus
1417 2621 1477 2636 .....

144 2679 373 2754 eapropter...
391 2673 524 2738 duobus
535 2691 594 2737 vos
608 2675 641 2736 in
658 2675 825 2752 presentia
845 2674 961 2756 gratiis
978 2679 1011 2736 et
1028 2676 1223 2738 muneribus
1240 2673 1396 2753 prosequi
1414 2677 1479 2735 sta-

150 2772 287 2835 tuimus.
303 2772 449 2836 Primum
467 2771 555 2860 enim
571 2789 639 2849 ros,
658 2771 738 2852 quia
753 2776 845 2836 extra
864 2773 1066 2836 matrimonii
1085 2773 1178 2854 teges
1196 2776 1305 2836 ortum
1323 2775 1479 2835 asserunt

151 2869 272 2932 natatis
285 2871 385 2934 vestri
403 2869 591 2947 deiiectum,
607 2869 649 2933 de
663 2873 777 2933 nostra
791 2876 853 2934 etc.
874 2897 886 2926 ι

659 3235 859 3298 5101111111
882 3236 971 3300 1481.

190 3415 447 3482 1111111111
470 3416 512 3479 de
536 3417 626 3481 Sixto
651 3419 689 3480 tv
717 3417 812 3499 (orig.
842 3437 900 3481 sur
924 3417 1124 3498 parchemin,
1151 3436 1249 3482 sceau
1273 3419 1480 3499 1111111111

152 3531 235 3595 pape
252 3513 400 3596 legitime
418 3515 450 3577 ta
461 3515 636 3578 naissance
651 3515 692 3580 de
718 3519 789 3579 Don
818 3517 927 3579 Pierre
943 3517 1031 3592 Luis,
1050 3518 1194 3596 premier
1208 3517 1271 3580 duc
1286 3517 1327 3580 de
1343 3516 1479 3579 Gandie.

150 3617 201 3676 Au
218 3613 291 3690 dos,
319 3631 362 3676 on
378 3613 426 3692 lit,
451 3631 497 3677 en·
508 3612 690 3677 caracteres
717 3615 861 3690 enciens,
885 3613 1084 3678 retouclrds:
1105 3639 1117 3669 ‹
1137 3617 1351 3694 Lepttimatto
1367 3617 1481 3678 11111-

152 3713 259 3774 idatio
275 3713 343 3774 Dni
360 3713 400 3772 P.
422 3713 506 3774 Lod.
528 3713 567 3774 de
589 3714 691 3776 Borio
710 3714 756 3776 od
774 3714 861 3774 bono
880 3713 1048 3777 secularia
1067 3714 1278 3791 amplissimo
1297 3733 1372 3777 cum
1391 3721 1481 3778 certa

150 3811 309 3888 facultate
324 3813 409 3874 Itmi.
431 3809 496 3872 lint
520 3808 570 3872 Vi.
590 3812 720 3874 conrii.
741 3837 753 3866 ι

192 3987 206 4018 ‹
224 3963 336 4027 Sixtus
354 3964 519 4044 Epicopus
541 3965 662 4028 Servus
688 3967 862 4030 Servorum
878 3967 949 4043 Dei,
977 3966 1101 4030 Dilecto
1124 3963 1193 4030 titio
1208 3967 1302 4029 Petro
1320 3963 1483 4028 Ludovico

151 4062 191 4126 de
208 4063 317 4140 Boria,
348 4061 548 4126 adolescenti
565 4080 714 4138 romano,
740 4065 877 4128 salutern
903 4069 935 4127 et
959 4064 1173 4143 apostolicam
1208 4061 1482 4140 benedictionem,

150 4161 312 4242 tlegitime
328 4162 459 4242 genitos
484 4179 568 4242 quos
590 4178 720 4226 morum
743 4163 875 4226 decorat
890 4162 1046 4226 honestas
1067 4167 1185 4224 nature
1208 4162 1323 4224 vitium
1349 4163 1485 4226 minime

152 4257 331 4337 decolorat,
346 4276 425 4322 nam
449 4259 550 4323 decus
567 4260 726 4324 virtutum
749 4263 903 4342 geniture
927 4261 1093 4324 maculam
1117 4260 1280 4339 abstergit
1300 4260 1334 4322 in
1358 4259 1436 4324 filiis
1453 4265 1485 4324 11

152 4357 308 4437 pudicitia
327 4375 458 4421 urorum
472 4359 581 4438 pudor
598 4358 736 4440 originis
751 4358 913 4424 aboletur.
939 4357 1154 4421 attendentes
1169 4357 1272 4438 igitur
1288 4357 1378 4436 quod
1403 4361 1486 4422 sieut

155 4473 192 4519 se
212 4456 314 4518 babet
336 4455 402 4520 fide
427 4457 604 4538 dignorum
628 4456 781 4534 assertio,
800 4458 911 4538 tuqui
934 4455 1100 4520 deiectum
1115 4455 1275 4519 natalium
1293 4458 1427 4536 pateriS,
1447 4457 1487 4520 de

155 4559 234 4618 tunc
249 4552 388 4635 diacono
406 4554 571 4619 Cardinali
587 4555 720 4636 genitus
743 4563 775 4621 et
788 4558 907 4634 soluta,
932 4555 1096 4620 deiectum
1115 4555 1299 4636 predictum
1316 4555 1490 4618 honestate

153 4667 286 4714 morum
299 4655 332 4714 et
346 4653 412 4716 vite
434 4653 573 4732 aliisque
587 4653 762 4732 probitatis
785 4654 912 4719 meritis
930 4670 1176 4734 recompensas,
1193 4651 1360 4714 redimens
1376 4650 1489 4715 favore

154 4749 316 4812 virtutum
331 4750 419 4830 quod
430 4751 470 4812 iis
482 4754 514 4816 te
527 4751 663 4814 odiosus
684 4755 776 4816 ortus
793 4751 927 4829 ademit,
944 4756 1162 4832 etpropterea
1176 4750 1324 4812 volentes
1337 4753 1368 4811 te
1379 4749 1491 4814 favore

156 4849 315 4930 prosequi
340 4851 498 4931 gratiose,
526 4868 594 4916 non
612 4851 655 4916 ad
676 4856 733 4914 tua
753 4851 807 4915 vel
822 4867 881 4930 pro
897 4854 928 4914 te
951 4850 1048 4913 nobis
1066 4865 1167 4928 super
1189 4849 1251 4910 hoc
1277 4847 1387 4910 oblate
1413 4849 1493 4927 peti·

188 5038 212 5089 1.
234 5037 282 5088 Cet
296 5038 392 5089 extruit
406 5037 439 5089 de
454 5037 480 5089 lo
494 5037 567 5090 butte
582 5037 687 5105 papale,
703 5039 770 5089 ainsi
785 5035 889 5102 quoles
903 5041 994 5088 autres
1009 5035 1115 5103 publiea
1129 5049 1177 5101 por
1191 5037 1225 5087 11.
1240 5035 1273 5087 de
1283 5023 1419 5102 l'iipinois,
1434 5039 1494 5088 sont

157 5115 312 5182 reproduttc
335 5116 370 5169 ici
393 5117 499 5184 d’aprts
518 5118 544 5170 le
562 5120 637 5184 copta
655 5118 715 5184 plus
735 5117 870 5182 compicto
885 5119 911 5167 et
925 5117 986 5182 ptus
1001 5119 1118 5168 correcto
1133 5129 1185 5180 que
1199 5129 1268 5168 nous
1281 5131 1363 5169 avons
1378 5133 1443 5170 sous
1456 5117 1495 5170 tes

155 5209 233 5260 peut.
