3506 6034
313 604 366 658 248
769 601 943 660 JOHANNJS
970 601 1194 673 BURCHARDI,
1479 593 1641 669 [Asuvius]

64 799 70 813 -
197 861 198 864 Ἴ
247 757 252 774 “
315 781 366 829 se.
398 709 535 852 liuponi
559 755 627 828 leci
657 780 722 852 por
749 756 916 854 proprios
944 757 1142 830 servitores
1163 758 1358 856 cujuslibet
1382 760 1638 855 cappasetiam

314 877 507 976 antequam
533 905 644 978 equos
668 882 934 954 descenderent
952 890 987 954 ot
1008 883 1170 979 recipere
1190 883 1423 981 capp'ueinos
1445 885 1640 958 Cardinalis

313 999 583 1103 Neapolitanus
598 1007 708 1080 voluit
726 1007 779 1080 eis
795 1007 920 1080 venire
945 1009 1086 1080 obviam
1106 1014 1229 1106 preter
1255 1011 1479 1084 voluntatem
1507 1034 1637 1098 meam,

313 1156 395 1204 cum
411 1154 484 1204 non
502 1155 570 1228 pro
589 1155 632 1206 eo
659 1132 722 1204 sed
748 1155 816 1229 pro
839 1133 986 1229 publico
1008 1133 1191 1222 venireut;
1217 1135 1395 1231 aliquibus
1410 1136 1507 1210 venit
1530 1159 1639 1232 usque

313 1257 358 1328 ad
377 1255 517 1328 medias
535 1255 664 1346 scalas,
686 1255 867 1352 aliquibus
886 1257 930 1330 ad
951 1258 1066 1346 aulas,
1091 1257 1268 1354 aliquibus
1290 1259 1393 1331 nibil.
1420 1265 1502 1356 Ipse
1531 1259 1640 1332 voluit

312 1380 439 1453 sedere
465 1380 613 1453 ultimus
635 1388 717 1476 post
737 1380 926 1470 diaconos,
957 1381 1021 1454 sed
1038 1381 1232 1480 collegium
1257 1383 1372 1456 noluit
1398 1383 1636 1480 permittere:

312 1506 364 1579 sic
386 1506 479 1578 sedit
502 1505 655 1602 primus.
681 1505 929 1580 interfuerunt
954 1507 1081 1580 decem
1101 1515 1136 1580 et
1158 1530 1286 1581 novem
1309 1508 1523 1598 cardinales,
1543 1509 1640 1582 vide-

310 1630 394 1703 licet
406 1629 675 1726 Neapolitanus,
689 1629 953 1720 UlixbouensiS,
969 1633 1240 1721 Reoauatensis,
1253 1634 1642 1730 beneventanusepis-

310 1756 412 1851 copi;
434 1755 711 1842 Alexandrinus,
733 1779 764 1828 S.
783 1755 921 1846 CruciS,
943 1755 1147 1843 Grimanus,
1161 1758 1392 1844 Arbore-usis,
1412 1759 1637 1836 cusentinus.

311 1879 573 1968 Salernitauus,
602 1881 903 1978 Caputaquensis,
930 1879 1182 1970 Bononiensis,
1214 1881 1364 1972 Fliscus,
1392 1877 1638 1980 Legionensis,

310 2005 532 2102 presbyteri,
550 2006 734 2096 Senensis,
755 2005 929 2094 bledices,
953 2031 981 2076 s.
1010 2007 1186 2096 Severini,
1212 2007 1418 2098 Cesarinus,
1447 2009 1639 2096 Alibretus‚

312 2129 469 2202 diaconi.
487 2129 710 2202 Audiverunt
727 2133 769 2202 l).
788 2129 995 2227 Agabitum,
1012 2132 1253 2204 secretarium
1271 2133 1374 2205 ducis
1393 2133 1640 2228 quiexousavit

312 2254 441 2326 ducem
461 2255 556 2348 quod
574 2253 655 2326 hori
674 2277 747 2327 non
765 2255 975 2351 approbavit
993 2279 1110 2352 neque
1121 2257 1256 2352 juravit
1266 2257 1369 2352 juxta
1383 2258 1538 2330 sormam
1561 2280 1642 2330 con-

312 2388 462 2469 tractuS,
486 2381 549 2452 sod
564 2378 675 2452 hodie
695 2381 791 2454 lecit.
815 2381 973 2470 Deinde,
992 2381 1118 2454 habita
1137 2382 1326 2472 relatione,
1347 2390 1522 2455 statutum
1538 2389 1594 2456 est
1610 2392 1641 2456 et

312 2505 571 2602 approbatum,
588 2528 629 2578 ao
650 2505 678 2577 si
698 2505 779 2577 heri
794 2505 977 2602 jurasset;
1001 2508 1117 2601 quoad
1142 2507 1260 2604 capita
1285 2508 1537 2602 squadrarum,
1555 2509 1642 2581 dixit

311 2629 392 2701 illos
407 2635 558 2726 paratos
578 2653 658 2701 esse
675 2638 760 2701 tunc
778 2653 861 2702 erun
878 2630 1071 2726 collegium
1089 2631 1285 2704 satisfaciet
1304 2632 1356 2702 eis
1372 2632 1417 2704 de
1435 2655 1566 2706 eorum
1585 2633 1644 2706 sti·

312 2751 445 2850 pendia
460 2754 625 2844 restanti,
636 2776 708 2826 non
721 2753 839 2827 aliter.
858 2754 1084 2827 Audiveruut
1099 2755 1207 2828 etiam
1224 2756 1434 2852 episcopum
1446 2758 1645 2830 Cotronen·

313 2901 390 2950 sem
402 2877 550 2950 nomine
563 2883 604 2951 D.
623 2881 788 2974 Prosperi
801 2877 992 2968 Columna,
1010 2879 1169 2975 quidixit
1182 2885 1224 2952 D.
1241 2881 1549 2976 Prosperumberi
1564 2905 1644 2956 sero

314 3025 426 3097 prope
455 3001 588 3074 Urbem
616 3003 838 3076 intellexisse
861 3009 1022 3076 mentem
1053 3005 1348 3078 Dominationum
1374 3029 1521 3078 suarum
1545 3029 1645 3080 reve-

313 3125 617 3198 rendissimarum
641 3127 685 3198 de
710 3151 783 3200 uon
806 3129 991 3216 intraud03
1011 3129 1107 3223 quod
1126 3152 1197 3201 non
1222 3131 1403 3218 intrasset,
1432 3131 1553 3202 animo
1574 3153 1645 3204 non

314 3249 508 3322 obediendi
520 3251 572 3323 vol
592 3251 698 3324 alicui
715 3253 941 3349 displicendi,
963 3252 1028 3325 sed
1047 3254 1130 3348 quia
1142 3277 1254 3350 prope
1267 3260 1358 3339 erat,
1373 3264 1408 3328 et
1426 3255 1455 3327 si
1472 3255 1645 3328 Domina-

316 3375 562 3448 tionibus'suis
582 3377 762 3472 placuerit
781 3387 815 3448 et
838 3377 1028 3468 voluerint,
1049 3377 1115 3450 ibit
1133 3385 1167 3450 et
1187 3373 1318 3452 redibit
1337 3379 1383 3452 ad
1405 3387 1520 3453 terras
1546 3403 1642 3453 suas.

315 3499 511 3596 Collegium
545 3501 617 3597 egit
644 3502 728 3575 sibit
758 3502 893 3598 gratias
920 3503 965 3574 de
991 3509 1090 3576 tanta
1111 3503 1318 3576 obedientia
1347 3509 1382 3576 et
1410 3503 1523 3601 [uixit]
1550 3505 1646 3600 quod

316 3623 538 3721 significaret
554 3626 585 3697 ei
606 3625 634 3697 si
651 3627 737 3722 quid
754 3626 851 3698 cirea
868 3625 939 3698 boc
958 3626 1068 3699 suerit
1084 3626 1128 3698 ab
1147 3626 1200 3700 eis
1218 3628 1439 3702 ordinatum.

367 3751 471 3822 Circa
491 3751 619 3822 horam
647 3751 858 3846 vigesimam
883 3752 1092 3842 secundam,
1120 3752 1345 3826 intraverunt
1366 3753 1499 3826 Urbem
1525 3755 1644 3827 Ludo-

316 3876 413 3948 vious
440 3875 485 3947 de
515 3874 676 3946 Pitiliano
706 3883 742 3948 et
766 3875 897 3948 Fabius
922 3876 1071 3948 Ursinus
1097 3900 1180 3948 oum
1213 3875 1376 3950 ducentis
1407 3877 1589 3972 equitibus
1613 3887 1648 3951 et

317 4001 417 4071 circa
446 3998 543 4070 mille
572 3999 752 4094 peditibus
785 4023 851 4096 por
881 4009 1024 4097 portam
1057 4026 1085 4074 s.
1113 4003 1305 4090 Pancratii,
1328 4002 1388 4098 qui
1411 4003 1455 4074 ad
1480 4025 1589 4075 suum
1614 4010 1648 4076 et

318 4146 446 4196 eorum
462 4123 648 4195 introitum
668 4124 704 4195 iu
720 4125 831 4197 vineis
850 4127 1108 4200 iuterfecerunt
1126 4132 1202 4199 tres
1220 4127 1400 4222 Hispanos
1422 4127 1646 4213 innocentes,
1749 4221 1750 4226 Ἰ

318 4269 381 4320 eos
397 4247 588 4352 casualiter
601 4253 780 4344 repertos,
802 4257 837 4321 et
848 4250 1114 4346 depopularunt
1129 4251 1521 4325 circacentumdomos
1537 4275 1649 4348 prope

318 4373 467 4444 domum
487 4373 768 4447 vicecancellarii
787 4383 821 4448 et
840 4380 993 4448 Puteum
1011 4374 1156 4448 Album.

368 4497 432 4570 Uie
455 4498 561 4594 jovis,
594 4503 638 4570 bl
664 4499 818 4594 augusti,
849 4499 915 4571 luit
946 4506 1047 4572 sexta
1074 4501 1310 4596 congregatio
1345 4505 1381 4574 in
1414 4503 1523 4576 domo
1556 4504 1649 4576 ami.

318 4621 541 4719 Neapolitani
565 4624 624 4718 qui
648 4623 732 4696 lecit
757 4625 901 4721 pulsare
929 4648 1142 4721 campanam
1167 4637 1270 4699 s'uam
1295 4652 1338 4701 ac
1364 4629 1394 4700 si
1424 4629 1652 4724 equitaturus

318 4756 427 4838 esset,
447 4750 508 4845 qui
529 4749 617 4822 nulli
637 4751 733 4823 veuit
750 4750 892 4824 obviam
915 4773 982 4824 neo
1000 4751 1158 4846 aliquem
1174 4775 1219 4824 ex
1237 4777 1384 4828 recessu
1403 4755 1595 4829 associavit
1607 4756 1653 4851 ¹ad

318 4899 431 4948 unum
450 4899 618 4972 passum:
645 4875 771 4949 habuit
793 4884 914 4950 tamen
935 4876 1007 4950 hoo
1025 4876 1210 4972 singulare
1230 4879 1327 4974 quod
1346 4903 1412 4976 per
1432 4887 1544 4954 totam
1568 4904 1655 4955 con-

319 5003 569 5098 gregationem
590 5001 716 5076 habuit
740 5026 850 5100 super
873 5003 1040 5076 rochetto
1069 5004 1334 5079 mantellettum
1355 5007 1557 5080 violaceum
1576 5016 1654 5082 tan-

320 5133 464 5220 gentem
494 5135 643 5200 terram.
669 5125 917 5201 cardinalibus
944 5127 1015 5201 hoo
1041 5128 1291 5224 arguentibus,
1323 5129 1411 5204 dixit
1437 5130 1509 5204 hoc
1535 5131 1654 5206 lacera

319 5255 470 5345 propter
485 5249 611 5345 frigus.
634 5251 880 5326 luterluerunt
897 5252 1106 5348 quindecim
1130 5253 1345 5346 cardinales,
1373 5254 1539 5329 videlieet
1561 5259 1652 5331 Nea·
