3502 6036
46 583 55 606 ’
118 633 305 701 [turriano]
447 629 572 688 neuun
597 627 825 688 anonumum
848 627 1110 688 COMMENTXRH.
1395 633 1443 690 151

167 787 340 876 Sabbata,
370 790 391 860 3
416 785 551 860 mensis
568 785 663 886 julii,
692 788 844 861 recessit
868 786 913 860 ab
938 785 1032 860 Urbe
1061 807 1146 858 cum
1172 785 1341 882 gentibus
1371 788 1446 860 suis

119 917 186 988 dux
214 911 432 988 Valentinus
462 895 537 1008 qui,
566 911 724 986 dimissis
748 912 830 1004 iUis,
858 918 898 986 ut
925 915 1140 1008 sequeretur
1166 911 1380 1008 monsignor
1403 913 1447 986 de

120 1035 249 1134 Ubigni
277 1036 324 1108 ad
360 1059 515 1134 regnum
547 1038 842 1135 Neapolitanum,
870 1036 948 1134 ipse
984 1014 1114 1109 eodem
1143 1059 1226 1108 sero
1257 1035 1368 1108 rediit
1401 1038 1446 1110 ad

119 1163 266 1236 Urbem.

162 1285 271 1359 Feria
288 1286 414 1376 tertia,
435 1283 610 1357 emensis
629 1283 724 1382 julii,
751 1267 860 1382 capta
881 1285 948 1359 luit
967 1289 1003 1358 et
1027 1285 1072 1358 ad
1091 1309 1263 1364 carceres
1282 1285 1447 1360 Sabellos

118 1413 280 1486 ductaac
301 1415 445 1483 torture
461 1408 626 1506 exposita
638 1409 811 1482 adstatim
823 1415 859 1483 et
875 1409 973 1483 intra
994 1433 1102 1484 unam
1120 1409 1253 1485 horam
1271 1435 1448 1508 suspensa

120 1535 302 1610 ludovica
320 1517 483 1632 Hispana
495 1535 672 1607 meretrix
689 1535 735 1608 ad
754 1539 905 1609 Puteum
923 1535 1056 1610 Album
1076 1537 1216 1610 morari
1236 1537 1356 1624 solita,
1379 1559 1449 1633 que

118 1661 337 1736 coeuntibus
360 1683 445 1734 cum
465 1681 510 1734 ea
530 1660 721 1733 furabatur
744 1665 919 1757 quantum
943 1665 1091 1758 poterat
1114 1666 1150 1734 et
1167 1661 1293 1759 plures
1310 1661 1451 1735 lecerat

115 1786 291 1886 jugulari.
319 1788 434 1882 Capta
451 1767 676 1858 tunc'iuerat
704 1808 747 1858 ex
765 1810 809 1858 eo
834 1787 944 1882 quod,
975 1787 1222 1884 gubernatore
1248 1786 1356 1860 Urbis
1384 1787 1451 1859 do-

118 1935 215 1986 mum
246 1933 355 1984 suam
382 1914 680 2008 pertranseunte,
711 1911 860 2008 quidam
894 1909 1020 1985 Gallus
1041 1909 1098 1984 eni
1126 1911 1322 1985 duodecim
1348 1915 1451 1985 scuta

118 2037 213 2112 turto
233 2037 504 2126 substraxerat,
524 2059 608 2110 cum
627 2060 671 2109 ea
687 2041 888 2134 propterea
911 2036 1055 2134 publice
1076 2035 1321 2110 contendebat
1343 2040 1378 2109 et
1406 2035 1450 2108 de

122 2185 161 2236 eo
178 2161 423 2261 gubernatori
438 2163 746 2259 conquerebatur.

164 2287 275 2361 Faria
302 2287 430 2384 quinta
456 2287 544 2360 dicti
566 2286 701 2360 mensis
724 2288 820 2384 julii,
850 2288 895 2360 de
921 2288 1096 2360 mandato
1120 2288 1183 2360 SS.
1211 2289 1253 2360 b.
1282 2287 1326 2360 N.
1355 2290 1452 2384 Papo

119 2413 287 2488 habitum
310 2418 366 2486 est
386 2395 423 2485 in
450 2393 629 2508 Capitolio
648 2417 951 2485 conservatorum
976 2433 1122 2484 camere
1140 2398 1241 2482 urbis
1260 2410 1452 2484 consilium

121 2539 250 2614 civium
289 2539 540 2612 Romanorum
569 2538 615 2609 ad
644 2537 741 2634 quod
774 2561 848 2611 uon
882 2536 1026 2609 luerunt
1060 2533 1179 2608 vocati
1211 2557 1315 2608 more
1347 2533 1452 2609 solito

124 2688 246 2738 omnes
266 2663 392 2761 capita
408 2662 603 2761 regionum
624 2663 737 2736 etalii
763 2663 874 2753 soliti,
895 2662 958 2735 sed
979 2660 1096 2734 solum
1113 2659 1163 2733 illi
1183 2661 1244 2757 qui
1264 2667 1367 2734 erant
1385 2684 1453 2758 pro

123 2791 222 2886 parte
243 2788 481 2876 Ursinorum,
506 2794 541 2860 et
559 2787 790 2885 propositum
810 2790 845 2860 et
868 2788 1057 2860 obtentum
1075 2769 1172 2881 quod
1189 2783 1371 2857 Marinum
1389 2784 1454 2855 de-

124 2913 222 2988 beret
242 2913 325 2987 solo
343 2911 490 3010 equari;
512 2909 548 2984 et
576 2911 719 2984 veneris
740 2917 762 2984 9
786 2911 874 2984 dicti
891 2909 1028 3003 mensis
1051 2909 1086 2982 in
1111 2931 1218 2982 mane
1238 2909 1374 2980 iterum
1393 2929 1454 2978 re-

125 3039 228 3112 cessit
250 3021 300 3112 eb
323 3037 421 3112 Urbe
439 3019 528 3111 cum
551 3037 704 3134 reliquis
731 3037 901 3136 gentibus
920 3037 995 3109 suis
1015 3059 1142 3108 uersus
1165 3032 1357 3131 Neapolim
1382 3031 1455 3106 dux

125 3162 352 3240 Valentinus.
374 3162 492 3236 Credo
510 3161 629 3258 ipsum
642 3162 771 3234 eodem
791 3183 874 3235 sero
893 3162 939 3234 ad
957 3161 1091 3234 Urbem
1110 3158 1276 3232 rediisse.

169 3291 208 3362 ln
229 3293 340 3362 nocie
366 3285 545 3384 sequenti,
575 3285 633 3359 die
652 3286 795 3374 martis,
823 3289 865 3359 13
883 3284 1020 3358 mensis
1032 3284 1115 3383 julii
1137 3282 1309 3380 predicti,
1336 3280 1456 3354 irrue-

126 3417 206 3489 runt
222 3437 268 3486 ex
288 3415 416 3487 Castro
428 3410 659 3488 Viterbiense
676 3389 862 3484 lohannes
879 3409 1013 3483 Paulus
1027 3407 1227 3496 Ballionus,
1241 3405 1453 3495 Perusinus,

127 3561 204 3612 cnm
221 3536 351 3610 multis
370 3534 451 3608 aliis
469 3514 613 3634 partem
633 3531 1066 3609 Ursinorumlaventibus
1082 3531 1120 3604 in
1139 3531 1319 3604 civitatem
1335 3529 1455 3604 Viter·

127 3662 289 3736 biensem
321 3661 358 3734 in
388 3659 523 3734 multos
549 3659 645 3732 cives
680 3662 825 3755 partem
859 3656 1155 3732 Columnensium
1183 3657 1382 3742 servantes,
1418 3657 1454 3724 et

128 3785 389 3862 interfecerunt
408 3782 639 3880 quindecim;
663 3783 725 3857 alii
744 3782 869 3856 dicunt
891 3780 1016 3880 viginti
1036 3804 1111 3870 sex,
1132 3777 1229 3852 inter
1246 3800 1336 3874 quos
1354 3798 1455 3850 asse-

128 3915 209 3985 runt
223 3908 338 3985 luisse
354 3930 416 3982 sex
434 3893 616 3982 doctores.

172 4039 212 4110 ln
227 4041 338 4110 nocte
357 4034 534 4132 sequenti,
557 4033 614 4108 die
632 4032 806 4108 mercurii
822 4035 865 4104 11
883 4029 1049 4126 ejusdem
1065 4025 1201 4100 mensis
1215 4024 1311 4121 julii,
1323 4023 1453 4122 sepulti

130 4161 271 4236 luerunt
289 4159 362 4234 duo
379 4139 416 4233 in
437 4157 595 4233 ecclesia
613 4159 654 4231 B.
677 4158 792 4232 Marte
819 4156 862 4229 de
882 4153 1034 4251 Populo,
1060 4153 1104 4224 de
1123 4173 1253 4246 campo
1270 4147 1454 4223 Gallorum

129 4347 237 4420 religion
251 4345 281 4401 di
295 4343 394 4410 Romo,
414 4361 430 4399 e
445 4342 463 4398 il
481 4359 553 4418 popo
565 4359 654 4398 venna
676 4360 694 4398 a
716 4357 808 4398 messa
822 4358 839 4397 a
853 4339 910 4396 Son
923 4338 1017 4410 Piero;
1034 4337 1079 4412 poi
1093 4338 1120 4394 fo
1135 4335 1248 4410 divulgo
1272 4335 1298 4392 la
1312 4335 1368 4410 liga
1381 4341 1423 4392 tra
1437 4333 1454 4390 il

129 4451 204 4509 popa,
219 4433 325 4491 &anzo
345 4449 360 4489 e
381 4432 503 4506 Spagna,
520 4449 573 4489 con
586 4433 688 4502 bando,
712 4430 817 4504 ogniun
841 4429 891 4485 lazi
913 4425 991 4484 tocho
1014 4443 1061 4502 per
1075 4426 1191 4482 Romae
1214 4423 1299 4482 feste.
1320 4423 1381 4493 Pol,
1396 4440 1414 4480 o
1428 4422 1456 4478 dt

128 4524 209 4599 primo
218 4523 287 4588 luia,
303 4523 322 4578 il
337 4522 427 4578 duolio
436 4521 539 4596 partire
551 4539 601 4597 per
614 4523 716 4579 Reame
735 4537 785 4576 oon
802 4518 827 4574 le
845 4524 927 4592 gente
943 4533 1005 4580 sue,
1018 4513 1102 4572 molto
1117 4530 1264 4589 pompos03
1278 4531 1293 4570 e
1307 4529 1356 4587 per
1367 4511 1456 4568 Roma

128 4631 177 4670 non
192 4615 214 4672 si
227 4613 298 4670 vade
313 4610 382 4669 altro
394 4610 446 4668 obe
465 4610 615 4670 brochotie
635 4617 703 4668 sete.
722 4609 753 4666 at
767 4607 863 4682 signos
877 4607 951 4664 Zuon
967 4604 1101 4663 Zordonc
1121 4603 1140 4658 il
1154 4602 1250 4676 eiguor
1269 4599 1350 4660 Cario
1364 4600 1454 4658 Ursini

128 4701 270 4761 elirtelozo
283 4718 374 4758 vanno
388 4717 440 4756 oon
463 4699 511 4756 lui.
528 4699 558 4756 Li
574 4700 662 4774 campi
685 4697 727 4756 de'
742 4695 858 4754 irancesi
873 4694 1050 4763 cellarino,
1066 4701 1138 4751 terro
1153 4690 1241 4766 prima
1261 4689 1289 4746 di
1312 4687 1438 4745 Colonesi
1447 4707 1454 4756 ;

130 4799 271 4866 aspectono
286 4790 305 4847 il
325 4789 425 4858 duobo,
440 4805 495 4845 non
510 4789 600 4846 bonno
619 4795 768 4846 controsto.
785 4785 839 4841 Tra
862 4785 967 4841 Franco
980 4801 995 4840 e
1010 4783 1124 4858 Spagna
1147 4785 1162 4836 e
1183 4779 1282 4854 partito
1296 4777 1314 4832 il
1329 4794 1425 4848 regno,
1442 4793 1456 4832 e

129 4880 180 4938 don
202 4879 349 4948 Conselvo,
368 4877 510 4954 capatonio
528 4895 646 4952 yspono,
669 4873 836 4933 acominzia
858 4891 875 4929 a
894 4873 980 4930 intror
1006 4873 1034 4928 in
1057 4871 1212 4929 Calabriae
1237 4869 1295 4943 pior
1314 4873 1394 4924 terre.
1419 4865 1458 4922 La

132 4966 251 5026 Calabria
273 4985 288 5025 o
312 4967 381 5024 Pulc
401 4967 483 5025 tocha
496 4983 513 5024 a
527 4967 650 5042 Spogua,
675 4965 701 5022 el
723 4969 796 5021 resto
811 4981 828 5019 a
841 4963 944 5019 Fronza
966 4979 1015 5036 per
1039 4960 1158 5034 capitoli.
1181 4979 1195 5014 r
1220 4959 1336 5025 Sonuto,
1360 4961 1382 5013 t.
1408 4955 1455 5026 lV,

134 5057 182 5116 ool.
197 5059 290 5117 61-62.
306 5057 345 5114 Le
359 5055 437 5114 truite
452 5057 486 5112 de
502 5063 616 5131 pertago
634 5061 709 5111 entre
724 5054 751 5111 la
767 5053 871 5110 Franco
891 5058 919 5108 et
933 5049 1081 5124 l'Espagne
1096 5049 1133 5105 du
1147 5063 1278 5122 rogoumo
1297 5044 1331 5100 de
1345 5043 1455 5119 Noples,

134 5146 207 5221 signe
220 5147 246 5204 le
260 5149 290 5204 tt
308 5138 455 5203 novembre
472 5147 551 5214 1500,
569 5151 612 5201 est
626 5144 717 5220 publia
731 5145 801 5200 dans
820 5141 846 5198 le
860 5144 948 5212 corps
962 5141 1160 5212 diptomcttqoo
1175 5137 1209 5194 da
1225 5135 1391 5203 bumontt.
1408 5133 1458 5203 111,

135 5233 170 5290 11ε
184 5236 267 5310 partie
284 5254 312 5310 p.
331 5235 394 5304 444,
411 5241 438 5292 et
451 5233 479 5290 lo
491 5233 563 5290 bullo
583 5235 620 5290 du
633 5251 704 5308 pope
719 5232 765 5309 qui
784 5247 912 5290 consecra
927 5247 958 5286 ee
979 5234 1093 5303 pertago
1110 5227 1155 5300 (25
1165 5225 1225 5300 juin
1245 5223 1335 5298 1501),
1352 5223 1420 5281 dona
1435 5222 1459 5277 le

142 5323 310 5396 Sappttmcnt
324 5340 359 5380 au
375 5325 459 5395 corps
474 5325 558 5396 dipl„
573 5331 594 5382 t.
610 5323 659 5390 lll,
675 5340 705 5396 ρ.ι
719 5324 745 5392 1,
761 5321 870 5382 atdans
885 5318 1033 5386 Rinaldtt.
1048 5315 1135 5388 XXX,
1150 5334 1177 5396 p.
1192 5315 1244 5372 358
1259 5319 1286 5370 et
1300 5315 1371 5372 suiv.
