3520 6036
329 589 381 645 388
776 585 951 642 lOllANNIS
976 583 1198 652 BURCHARDI,
1511 582 1650 644 [11611115]

379 741 517 830 Μ66116,
542 740 681 830 666611,
707 739 922 836 inceperunt
940 738 1087 812 visitare
1108 737 1325 826 cardinales,
1346 759 1502 834 quorum
1525 736 1651 832 primus

331 867 398 942 luit
419 864 691 963 Neapolitanus.

380 989 563 1078 Mercurii,
587 997 605 1062 7
624 989 724 1080 maii,
755 989 821 1064 luit
838 989 1098 1064 consistorium
1124 993 1320 1078 secretum,
1338 987 1479 1085 inquo,
1504 988 1549 1062 ad
1564 987 1651 1061 rela-

333 1119 470 1190 tionem
503 1115 596 1188 Rmi.
634 1115 828 1190 cardinalis
864 1115 1057 1189 Gurcensis
1090 1113 1328 1188 confirmatus
1356 1113 1425 1186 luit
1454 1114 1589 1188 electus
1614 1114 1653 1186 ad

333 1240 527 1318 ecclesiam
543 1264 574 1314 6.
593 1239 785 1339 Augustini
802 1243 844 1314 D.
866 1243 894 1314 N
901 1295 969 1314 .....
978 1299 986 1331 ,
1009 1245 1045 1314 61
1063 1239 1161 1312 idem
1177 1239 1359 1336 prefectus
1377 1238 1414 1310 in
1438 1238 1651 1336 episcopum.

382 1364 541 1455 Sabbati,
562 1369 605 1438 10
622 1365 722 1456 maii,
740 1365 862 1462 vigilia
878 1351 1123 1456 Pentecosles,
1144 1386 1293 1462 vespere
1308 1363 1459 1461 papales
1475 1363 1512 1436 in
1527 1364 1656 1462 capella

280 1557 284 1562 .
333 1490 475 1588 majori,
493 1495 663 1586 presente
682 1493 791 1587 Papa.
1580 1565 1586 1576 ,

384 1614 573 1690 Dominica
596 1619 845 1705 pentecostes,
868 1620 907 1687 ll
935 1615 1034 1704 maii,
1053 1613 1120 1687 luit
1141 1615 1253 1687 missa
1267 1615 1304 1687 in
1331 1614 1482 1688 basilica
1500 1641 1529 1689 s.
1553 1615 1652 1702 Petri,

336 1762 444 1836 quam
467 1739 661 1814 celebravit
685 1741 880 1813 cardinalis
907 1765 936 1813 s.
967 1739 1126 1836 Georgii,
1153 1742 1252 1836 Papa
1273 1748 1464 1837 presente;
1491 1740 1656 1836 quiverit
1747 1819 1748 1824 ,

336 1867 403 1938 suh
421 1888 536 1962 regno
552 1889 617 1962 per
632 1871 796 1940 oratores
813 1869 971 1939 Venetos
987 1865 1054 1937 sub
1071 1863 1186 1961 616616
1204 1864 1242 1936 16
1265 1863 1427 1955 eccelsia
1445 1863 1528 1937 dedi
1544 1863 1655 1937 locum
1747 1887 1748 1894 ¹

335 1989 432 2062 inter
452 1989 676 2079 assistentes,
695 1989 740 2062 de
756 1991 928 2062 mandato
941 1992 1051 2086 Papa,
1071 1991 1113 2062 D.
1133 1989 1254 2063 Cesari
1270 1987 1389 2062 electo
1408 1989 1553 2076 Pisano,
1570 1988 1655 2064 etde
1747 1979 1748 2064 i

338 2111 508 2188 mandato
543 2115 708 2210 ejusdem
739 2117 837 2210 Pape
866 2114 940 2186 dixi
967 2113 1119 2211 singulis
1148 2112 1395 2186 cardinalibus
1422 2113 1519 2208 quod
1547 2112 1655 2186 nullus
1747 2115 1748 2208 s

336 2237 492 2312 debebat
508 2237 686 2312 iuteresse
702 2237 867 2312 comedia
884 2261 953 2333 que
968 2237 1026 2311 die
1045 2237 1207 2310 crastina
1220 2235 1343 2309 fienda
1360 2242 1457 2309 esset
1471 2237 1509 2310 in
1523 2237 1657 2332 Sapien-
1747 2263 1748 2336 6

335 2363 387 2436 116
404 2387 468 2459 pro
486 2363 624 2436 honore
641 2363 786 2460 collegii
797 2361 1054 2452 cardinalium3
1072 2363 1170 2458 quod
1184 2360 1315 2459 singuli
1326 2359 1530 2434 cardinales
1544 2361 1657 2432 obser·

336 2493 520 2561 raverunt.
541 2490 756 2561 Sermonem
782 2487 867 2562 iecit
885 2491 928 2560 ll.
953 2487 1138 2560 lohannes
1158 2486 1374 2559 Franciscus
1397 2483 1442 2558 de
1466 2485 1653 2573 Placentia,

338 2613 558 2686 secretarius
575 2635 604 2684 s.
629 2613 724 2686 Petri
743 2612 789 2685 ad
803 2611 958 2688 Vincula
975 2611 1184 2700 cardinalis,
1207 2615 1244 2682 et
1263 2609 1356 2684 bene
1374 2612 1472 2706 Papa
1490 2608 1657 2683 concessit

338 2735 600 2832 indulgentiam
611 2735 739 2809 decem
752 2759 945 2826 annorum,
961 2757 1067 2832 quam
1079 2734 1299 2832 publicando
1312 2733 1399 2806 dixil
1413 2733 1541 2807 decem
1552 2754 1655 2805 annos

338 2860 383 2932 de
398 2859 710 2955 rerepenitentia3
725 2859 836 2932 voluit
847 2861 1048 2934 concedere
1059 2857 1259 2954 plenariam
1273 2855 1537 2954 indulgentiam
1553 2859 1654 2952 Papa,

338 2984 407 3056 nisi
424 2983 669 3058 Bernardinus
691 2984 845 3057 Gutterii
871 2985 1129 3081 impedivisset,
1153 2982 1349 3057 asserendo
1374 3005 1449 3055 non
1472 3005 1551 3055 esse
1577 3003 1657 3054 con-

339 3112 497 3181 suctum.

390 3236 501 3322 Luna,
538 3237 580 3305 12
613 3233 717 3322 maii,
749 3233 904 3307 recessit
933 3257 977 3305 er
1013 3233 1109 3307 Urbe
1141 3237 1184 3308 D.
1218 3233 1394 3308 Antonius
1425 3231 1655 3316 Justinianus,

341 3357 510 3453 antiquus
521 3363 654 3431 orator
673 3362 910 3446 Venetorum,
934 3362 971 3431 61
989 3358 1177 3449 mercurii,
1200 3357 1237 3430 in
1256 3381 1376 3446 mane,
1402 3357 1448 3430 de
1464 3361 1548 3430 6616
1569 3351 1658 3428 noris

341 3481 564 3574 oratoribus,
595 3489 848 3556 remanserunt
875 3485 917 3554 D.
948 3480 1081 3555 Paulus
1110 3481 1262 3556 Pisanus
1290 3487 1326 3555 et
1355 3485 1399 3554 1).
1430 3481 1659 3578 Hieronymus
1747 3569 1748 3584 χ

342 3610 503 3680 Donatus
520 3607 557 3680 in
577 3607 680 3680 66616
695 3629 763 3703 pro
779 3606 935 3702 negotiis
951 3605 1158 3680 Communis
1173 3610 1413 3682 Venetorum.

391 3732 577 3820 Mercurii,
612 3737 655 3805 11
687 3731 792 3822 maii,
821 3731 858 3804 in
893 3741 1036 3804 6666616
1066 3731 1302 3822 consistorio,
1331 3729 1495 3828 deputati
1527 3729 1662 3803 luerunt

342 3857 467 3928 thmi.
487 3860 564 3930 DD.
584 3880 613 3930 s.
640 3857 812 3948 Severini,
835 3882 864 3929 s.
887 3855 1059 3930 Praxedis
1081 3860 1118 3928 et
1138 3856 1386 3929 Salernitanus
1403 3855 1448 3928 ad
1466 3853 1663 3928 reforman-

343 3981 426 4052 dam
442 3981 663 4054 excessivam
682 3983 904 4056 taxationem
918 3981 1080 4055 omnium
1098 3980 1311 4054 officialium
1329 4003 1479 4052 romane
1499 3978 1609 4066 curie,
1632 3979 1664 4048 61

343 4103 389 4178 ad
416 4104 578 4180 debitum
603 4107 751 4182 modum
778 4107 971 4200 reducere,
1001 4111 1152 4205 propter
1180 4105 1366 4202 querelam
1396 4105 1550 4180 oratoris
1577 4101 1664 4200 regis
1747 4177 1748 4198 ,

345 4231 585 4306 Francorum.

337 4423 342 4432 .
396 4357 567 4448 Sabbata,
585 4364 641 4448 17,
653 4356 983 4455 vigiliaTrinitatis,
1002 4357 1149 4432 luerunt
1160 4378 1310 4454 vespere
1326 4353 1523 4454 papalesin
1540 4350 1666 4450 capella

347 4482 493 4579 majori,
521 4486 619 4580 Papa
647 4487 830 4579 presente,
857 4483 945 4556 6116
973 4459 1156 4556 dominica
1185 4479 1365 4578 sequenti,
1390 4479 1502 4553 missa
1527 4479 1662 4563 ibidem,
1747 4461 1748 4548 i

348 4631 456 4704 quam
479 4607 676 4680 celebrarit
701 4607 895 4680 cardinalis
917 4606 1150 4682 arborensis.
1170 4608 1387 4680 Sermonem
1406 4605 1490 4678 lecit
1507 4604 1667 4699 magister
1747 4597 1748 4648 t

348 4731 517 4805 Nicolaus
543 4732 588 4804 de
617 4735 732 4820 Luca,
763 4731 904 4804 ordinis
933 4733 1126 4806 Minorum.
1157 4731 1274 4804 Finita
1305 4729 1430 4820 missa,
1461 4723 1666 4824 interrogari
1747 4781 1748 4784 ,

350 4857 486 4951 Papam
515 4855 560 4928 de
588 4855 646 4928 via
671 4855 915 4952 processionis
941 4856 1110 4955 Corporis
1137 4853 1272 4929 Christi
1298 4859 1334 4927 et
1357 4853 1467 4943 hora;
1497 4849 1667 4950 respondit

350 4980 447 5074 quod
465 5003 579 5075 usque
605 4980 650 5052 ad
673 4979 823 5053 domum
850 4981 1043 5054 cardinalis
1061 4980 1240 5070 ElnensiS,
1270 4978 1364 5053 hora
1381 4999 1492 5069 nona,
1522 4985 1558 5054 61
1584 4970 1667 5072 6661
1747 5087 1748 5092 ¹

350 5103 404 5176 via
423 5109 616 5178 ornaretur
635 5105 765 5202 pannis
785 5131 852 5202 per
868 5107 1086 5198 6661166166,
1105 5129 1207 5181 more
1223 5105 1345 5178 solito.

400 5230 537 5321 11166116,
556 5236 602 5304 20
622 5230 721 5320 maii,
740 5229 908 5306 intimata
924 5234 991 5307 luit
1007 5257 1073 5331 per
1089 5237 1166 5306 tres
1184 5229 1332 5306 cedulas
1349 5229 1470 5328 sigillo
1486 5230 1580 5303 Rmi.
1598 5249 1671 5301 car·
1747 5241 1748 5316 ξ
