3590 6042
353 532 387 586 el
806 521 982 580 lOllANNlS
1007 519 1230 586 BUllCllARDl,
1435 521 1600 584 [Noveuvbre
1617 524 1688 585 lbet]

355 686 480 754 ltmus.
510 681 551 750 D.
578 675 774 752 cardinalis
793 675 1013 749 Cusentinns
1030 674 1091 770 qui
1113 675 1159 747 ad
1184 697 1265 748 eam
1284 675 1381 748 venit
1401 675 1468 746 sub
1487 697 1625 771 reguo;
1644 677 1686 746 D.

354 805 533 877 Martinus
562 827 581 876 e
612 801 788 888 Scudero,
822 799 1020 873 canonicus
1051 802 1404 896 cesaraugustam,
1428 822 1625 872 successor
1647 801 1687 870 ll.

355 926 517 1025 Raphael
533 927 578 1000 de
595 930 703 1000 Mena
718 925 756 998 in
771 925 894 997 olficio
908 924 1122 998 diaconatus
1147 924 1286 1020 capelle
1308 928 1418 1022 Pape,
1442 924 1503 1020 qui
1531 924 1569 996 in
1592 922 1690 996 Urbe

355 1075 473 1148 nuper
501 1051 574 1124 vita
596 1051 741 1123 functus
765 1053 832 1132 est,
857 1048 996 1145 incepit
1018 1049 1176 1146 primum
1197 1050 1233 1120 in
1255 1049 1353 1123 dicto
1376 1049 1501 1122 ollicio
1529 1048 1690 1124 servire:
1776 1135 1777 1140 η

356 1199 566 1251 sermonem
584 1175 670 1249 lecit
687 1179 730 1248 D.
750 1158 996 1246 Bernarvlinus
1011 1176 1121 1262 Zane,
1141 1176 1304 1248 Venetus
1319 1174 1613 1269 protonotarius,
1632 1173 1693 1268 qui

356 1325 429 1374 non
444 1302 586 1399 accepit
605 1299 848 1396 indulgentias
864 1297 999 1394 populo
1014 1297 1295 1388 renunciandas,
1309 1321 1392 1370 cum
1405 1301 1504 1394 Papa
1516 1301 1617 1372 esset
1631 1297 1693 1369 da-

356 1433 461 1500 turus
481 1432 564 1525 post
592 1427 794 1500 solemnem
815 1423 1110 1498 benedictionem
1131 1447 1200 1520 pro
1224 1423 1340 1498 libito.
1375 1423 1495 1496 Finita
1521 1424 1638 1495 missa
1660 1428 1691 1496 et

355 1553 688 1649 benedictioncper
699 1553 834 1645 Papam
850 1547 947 1643 data,
961 1547 1358 1645 venitpert'eronicam
1374 1548 1434 1622 ubi
1448 1547 1538 1623 vidit
1554 1547 1694 1622 vultum
1777 1601 1778 1646 3

356 1678 514 1768 Domini,
536 1682 572 1751 et
595 1677 681 1750 inde
698 1673 863 1748 ascendit
883 1673 1006 1746 locum
1024 1674 1169 1769 publice
1190 1673 1456 1749 benedictionis
1477 1674 1545 1746 sub
1562 1696 1693 1770 regno,

356 1803 433 1875 sine
453 1800 688 1890 baldachin03
708 1797 918 1872 cardinales
936 1803 973 1870 et
989 1797 1120 1894 prelati
1142 1823 1184 1872 uc
1201 1799 1260 1872 alii
1279 1799 1316 1872 in
1334 1799 1460 1897 cappis
1479 1805 1692 1896 presentes;

355 1927 454 2001 dedit
480 1926 613 2025 populo
643 1922 942 1999 benedictionem
967 1929 1003 1996 et
1020 1922 1197 2020 jubileum
1233 1925 1330 2021 quod
1362 1924 1696 2022 pronunciaverunt

357 2053 481 2125 anmi.
501 2055 576 2125 DD.
591 2049 806 2138 cardinales,
821 2046 994 2137 Medicas,
1013 2047 1137 2139 latine,
1151 2050 1356 2142 Cesarinus,
1369 2049 1575 2145 vulgariter.
1589 2048 1695 2124 Circa

356 2177 483 2251 horam
504 2175 714 2274 vigesimam
735 2175 818 2248 data
843 2173 910 2246 luit
932 2171 1002 2246 hec
1023 2171 1247 2266 benedictio;
1270 2183 1307 2250 et
1336 2175 1509 2272 vigesima
1533 2173 1696 2248 secunda

356 2308 546 2398 propterea
567 2301 689 2398 [Papa]
707 2298 804 2372 venit
819 2297 865 2371 ad
880 2297 1055 2395 capellam
1071 2301 1106 2372 in
1123 2324 1250 2398 cappa,
1270 2300 1329 2374 ubi
1350 2300 1515 2374 interluit
1534 2298 1694 2396 vesperis

356 2434 393 2500 et
410 2426 592 2500 matutinis
615 2431 843 2498 mortuorum
863 2446 938 2520 ,que
960 2423 1060 2496 tinite
1080 2431 1163 2499 sunt
1181 2425 1278 2500 iutra
1294 2425 1503 2523 vigesimam
1527 2431 1692 2520 quartam

356 2558 392 2625 et
406 2552 560 2650 primam
575 2551 705 2624 horam
718 2550 848 2624 noctis.

405 2677 527 2751 lllmus
554 2679 595 2748 ll.
615 2676 800 2749 lohannes
825 2674 896 2747 dux
923 2675 1076 2772 Saganis
1098 2682 1132 2748 et
1149 2675 1315 2768 Volanie,
1333 2699 1468 2752 annum
1496 2674 1693 2772 vronagesi-

357 2827 456 2876 mum
472 2803 631 2898 primum
647 2801 749 2874 etatis
765 2824 829 2872 sue
852 2823 977 2896 agenn,
997 2800 1053 2874 vir
1071 2801 1215 2898 longus,
1229 2825 1365 2894 macer,
1386 2802 1617 2890 sanissimus,
1635 2799 1692 2895 qui

358 2908 403 3000 ad
431 2925 727 3022 consequendum
748 2925 926 3022 jubileum
949 2931 1096 3000 venerat
1116 2951 1198 3000 cum
1229 2927 1331 3025 equis
1356 2927 1478 3024 viginti
1504 2925 1558 3000 vel
1580 2925 1691 3012 circa,

358 3050 516 3149 vesperis
543 3049 724 3123 hesternis
751 3056 787 3123 et
811 3050 978 3122 omuibus
1006 3050 1135 3124 officiis
1161 3052 1339 3126 hodierne
1376 3051 1445 3126 diei
1473 3049 1640 3124 interluit
1662 3055 1693 3122 et
1780 3081 1781 3112 2

358 3177 479 3250 locum
494 3175 530 3248 in
558 3175 647 3248 solio
664 3178 760 3272 Papo
776 3174 813 3246 in
829 3198 1002 3271 supremo
1016 3176 1128 3272 gradu
1142 3176 1282 3250 babuit.
1303 3177 1419 3251 Hodie
1435 3182 1614 3250 venerunt
1638 3174 1694 3246 lit-

360 3309 435 3376 tere
454 3302 499 3376 ab
517 3301 635 3374 lllmo.
654 3323 740 3397 rege
755 3301 884 3398 Anglie
900 3301 947 3374 ad
963 3300 1096 3375 Urbem
1114 3301 1244 3398 quibus
1265 3303 1530 3400 significaverat
1546 3306 1692 3376 Rmum.

359 3432 402 3501 D.
422 3427 626 3500 iohannem
647 3425 787 3499 titulis.
813 3427 1004 3501 Anastasia
1019 3427 1272 3526 presbyterum
1294 3428 1515 3504 cardinalem
1538 3429 1694 3500 Cantus-

361 3552 534 3642 riensem,
547 3551 605 3624 die
626 3556 667 3625 15
685 3551 820 3624 mensis
833 3551 1047 3650 septembris
1063 3553 1226 3648 proxime
1242 3553 1416 3650 preteriti,
1432 3553 1533 3650 diem¹
1545 3574 1612 3625 sue
1626 3551 1693 3624 vite

360 3678 534 3751 clausisse
550 3682 767 3750 extremum.
782 3678 890 3775 Cujus
906 3677 1027 3752 anima
1039 3677 1244 3774 requiescat
1259 3679 1295 3752 in
1311 3681 1419 3776 pace!

409 3802 511 3876 Faria
527 3801 699 3890 secunda,
719 3807 739 3874 2
762 3802 898 3875 mensis
911 3803 1131 3893 novembris,
1149 3803 1207 3878 die
1230 3804 1589 3880 commemorationis
1617 3827 1694 3878 om·

361 3928 463 4000 nium
495 3927 656 4002 lidelium
689 3925 960 4018 detunctorum,
987 3932 1114 4006 ltrnus.
1143 3933 1187 4003 D.
1215 3929 1413 4004 cardinalis
1438 3929 1693 4005 Salernitauus

362 4050 558 4128 celebravit
574 4050 724 4122 missurn
737 4049 921 4148 publicam
937 4052 974 4126 in
987 4054 1277 4153 cupellamajore
1294 4055 1435 4152 palatii,
1453 4056 1553 4152 Papa
1568 4055 1606 4127 in
1619 4055 1695 4150 plu-

361 4176 443 4248 viali
461 4181 646 4272 presente,
658 4175 718 4271 qni
738 4183 819 4272 post
838 4177 989 4250 missam
1005 4177 1170 4254 absolvit.
1189 4179 1269 4252 Alia
1285 4203 1389 4254 more
1407 4179 1529 4252 solito.

411 4300 520 4375 Feria
532 4299 655 4388 tertia,
671 4301 840 4374 3mensis
855 4301 1076 4392 novembris,
1097 4309 1195 4376 tantu
1207 4303 1537 4380 luitexcrescentiu
1548 4303 1692 4376 Tiberis

362 4424 460 4522 quod
474 4449 547 4497 nou
564 4424 681 4522 potuit
696 4426 854 4522 equitari
878 4425 924 4500 ed
946 4426 1140 4524 palatium;
1159 4437 1194 4502 et
1210 4430 1327 4504 crevit
1342 4453 1458 4526 usque
1473 4429 1520 4502 ad
1534 4427 1695 4502 medium

362 4551 478 4625 noctis
495 4551 679 4646 sequentis
696 4549 754 4623 die
772 4551 948 4624 mercurii
965 4551 1052 4626 dicti
1069 4554 1207 4626 mensis
1225 4555 1447 4646 novembris,
1465 4579 1538 4652 qua
1558 4552 1695 4650 incepit

361 4677 579 4750 decrescere
595 4682 749 4772 propter
771 4679 1091 4774 supervenientem
1106 4687 1253 4754 ventum
1274 4681 1609 4768 ultramontanum;
1629 4699 1693 4774 per

360 4811 474 4878 totam
485 4802 582 4876 diem
593 4802 701 4898 jovis,
724 4808 744 4876 5
762 4804 984 4896 novembris,
1002 4829 1076 4878 non
1092 4807 1209 4904 potuit
1223 4805 1279 4878 via
1296 4807 1420 4902 palatii
1438 4805 1613 4904 equitari,
1631 4803 1693 4880 scd

255 5000 258 5006 ,
360 4928 521 5025 oportuit
537 4927 591 5000 ire
615 4927 650 4998 in
663 4926 810 5001 barchis
822 4953 978 5025 quarum
990 4929 1139 5004 luerunt
1155 4931 1255 5004 circu
1270 4931 1482 5028 quindecim
1495 4933 1590 5005 inter
1607 4930 1692 5005 ban·

359 5053 448 5126 elios
478 5057 514 5126 et
540 5057 706 5148 pontem;
726 5060 761 5127 et
777 5077 872 5149 uquu
899 5055 1064 5130 ascendit
1085 5055 1131 5130 ad
1151 5065 1310 5153 quatuor
1338 5057 1480 5154 palmos
1499 5079 1563 5130 ver
1593 5057 1693 5129 eirca

359 5199 473 5273 prope
504 5177 648 5272 signum
682 5177 820 5254 luctum
856 5181 891 5253 in
923 5180 1016 5254 turri
1047 5177 1159 5254 castri
1191 5208 1220 5253 s.
1249 5181 1391 5279 Angeli,
1423 5207 1519 5256 anuo
1546 5179 1692 5255 llomini
