3520 6036
114 621 238 684 [osaea
253 620 324 684 eoa
450 617 576 676 sanun
601 615 828 675 uaemsnuu
851 614 1114 674 couururnau.
1264 573 1303 666 '.·
1394 619 1448 679 aas

117 777 211 870 Pape
234 771 428 846 astiterunt
452 770 702 845 Salernitcnus
726 768 930 868 presbyter,
966 767 1139 859 Medicas,
1173 767 1446 867 Agrigentinus,

117 898 386 988 Volaterranos,
405 895 450 970 de
465 895 595 972 Flisco.
614 895 715 970 Paris
730 917 815 968 cum
831 898 1090 984 reverteretur,
1119 892 1215 968 dicto
1245 896 1447 993 evangelio,

120 1022 242 1096 evertit
258 1021 381 1120 ignem
396 1043 441 1096 ex
464 1021 638 1096 turibulo.
658 1019 776 1094 Finita
796 1019 920 1108 missa,
938 1019 1108 1117 regiones
1126 1040 1209 1092 cum
1222 1018 1296 1092 suis
1314 1019 1451 1093 fistule-

121 1146 254 1220 toribus
270 1147 560 1242 pertransierunt
580 1151 665 1220 ante
684 1149 833 1242 Papam,
854 1167 959 1219 more
978 1143 1085 1218 solito
1104 1167 1113 1217 ι
1132 1166 1203 1240 quo
1224 1143 1333 1236 lacto,
1354 1147 1453 1240 Papa

123 1271 307 1345 descendit
325 1271 371 1344 de
403 1271 494 1346 solio
519 1277 554 1344 et
585 1277 668 1345 ante
693 1269 891 1367 imaginem
918 1269 1114 1344 Salvatoris
1140 1276 1177 1342 et
1202 1267 1307 1342 beate
1339 1268 1452 1342 llaric

120 1395 264 1493 virginis
279 1395 420 1470 ibidem
431 1397 587 1494 positam
618 1395 784 1470 aseendit
813 1395 936 1470 sedem
960 1393 1103 1469 solitam
1127 1393 1165 1466 in
1189 1417 1262 1490 qua
1285 1398 1452 1492 portatus

121 1521 183 1594 luit
197 1521 244 1594 ad
260 1547 290 1596 s.
312 1522 528 1613 Prexedem‚
547 1522 609 1595 ubi
625 1522 711 1597 lecit
733 1521 954 1618 prandium:
982 1541 1054 1616 quo
1072 1519 1181 1610 facto,
1213 1519 1388 1615 equitavit
1407 1519 1452 1594 ad

120 1647 283 1743 Cryplam
303 1647 505 1736 Ferratam,
526 1652 562 1720 et
579 1669 663 1720 cnm
678 1669 722 1721 eo
734 1645 927 1720 cardinalis
946 1668 976 1717 s.
994 1644 1155 1742 Georgii.

164 1771 304 1861 blcrtis,
329 1776 373 1845 10
392 1770 622 1869 septembris,
641 1771 676 1844 in
692 1771 800 1844 domo
814 1772 909 1844 bone
925 1769 1102 1844 memorie
1118 1769 1309 1844 cardinalis
1325 1770 1453 1867 Legio

119 1895 239 1970 nensis
255 1895 316 1992 qui
330 1896 410 1970 heri
426 1896 522 1970 diem
540 1895 611 1970 vite
628 1895 758 1969 clausit
772 1901 975 1969 extremum
988 1895 1036 1994 (et
1050 1896 1259 1992 requiescat
1274 1894 1311 1968 in
1333 1893 1449 1993 pace),

118 2025 259 2094 cantate
286 2019 434 2094 luerunt
459 2020 580 2118 vigilie
608 2025 835 2096 mortuorum
863 2043 929 2118 per
955 2029 1166 2109 conventus,
1191 2042 1292 2094 more
1325 2019 1450 2108 solito;

117 2143 245 2240 quibus
262 2143 505 2218 interfuerunt
520 2167 584 2218 sex
603 2143 817 2236 cardinales,
837 2143 1003 2220 videlicet
1024 2168 1032 2216 :
1053 2143 1330 2233 Alexandrinus,
1351 2143 1452 2240 Agri-

116 2269 299 2365 gentinus,
318 2268 519 2365 Regiensis,
539 2269 800 2358 salernitanus,
819 2269 864 2343 de
880 2269 1011 2361 Flisco,
1041 2273 1078 2342 et
1106 2269 1282 2342 Elnensis.
1314 2267 1450 2342 Prelati

117 2393 253 2489 palatii,
284 2400 434 2491 propter
462 2395 666 2467 absentiam
694 2397 803 2490 Pape,
832 2415 906 2468 non
935 2393 1191 2468 interfuerunt.
1223 2393 1297 2467 lllis
1322 2391 1448 2480 finitis,

115 2519 273 2592 cadaver
292 2525 480 2616 portatum
496 2519 565 2608 luit
580 2519 625 2592 ed
644 2517 840 2614 ecclesiam
856 2541 885 2592 s.
904 2518 1097 2592 Salvatoris
1115 2517 1159 2592 de
1170 2523 1301 2592 Lauro.

161 2643 334 2734 Sabbato,
356 2647 401 2717 28
414 2643 647 2741 septembris
665 2642 847 2717 celebrate
861 2642 1008 2716 suerunt
1025 2642 1177 2739 exequie
1197 2643 1291 2716 bone
1307 2663 1448 2718 memo-

114 2769 164 2841 rie
180 2767 379 2842 cardinalis
398 2769 637 2870 Legionensis
661 2767 698 2840 in
716 2767 870 2842 ecclesia
888 2793 917 2840 s.
937 2768 1131 2843 Salvatoris
1148 2767 1193 2842 de
1205 2772 1336 2842 Lauro.
1361 2767 1447 2841 ltlis-

113 2917 188 2967 sam
213 2892 413 2968 celebravit
437 2893 628 2969 cardinalis
648 2893 866 2968 Cusentinus
889 2893 948 2967 cui
972 2894 1217 2968 interluerunt
1232 2891 1446 2968 Alexandri-

112 3043 191 3108 nus,
219 3043 250 3090 s.
275 3019 414 3110 Crucis,
433 3019 706 3118 Agrigentinus,
729 3017 932 3116 Regiensis,
956 3017 1216 3109 Salernitanus,
1243 3017 1287 3093 de
1309 3018 1441 3109 Rlisco,

111 3143 302 3235 Adrianus,
321 3143 494 3236 Medicas,
520 3143 712 3218 Elnensis:
742 3143 948 3219 orationem
975 3143 1060 3220 lecit
1081 3143 1229 3240 quidam
1253 3143 1443 3218 familiaris

112 3268 344 3359 Salernitaui3
363 3268 593 3344 absolverunt
609 3269 879 3368 Agrigentinus
897 3268 1086 3368 Regiensis
1105 3275 1142 3342 et
1156 3269 1201 3344 de
1217 3269 1346 3344 Flisco.
1363 3269 1443 3344 Alis

112 3417 212 3470 more
228 3393 348 3468 solito.
496 3473 498 3478 ,

157 3519 224 3594 Die
243 3518 440 3611 dominica,
460 3521 505 3594 29
531 3519 763 3618 septembris,
783 3523 847 3596 SS.
878 3524 919 3594 U.
946 3525 1072 3594 noster
1098 3517 1159 3616 qui
1192 3519 1250 3594 die
1282 3525 1304 3592 8
1333 3519 1441 3618 hujus

111 3645 280 3741 equitavit
296 3648 463 3743 Grvptam
480 3647 664 3720 Ferratam
678 3645 826 3719 indeed
846 3648 1058 3720 Frascatum
1077 3651 1113 3718 et
1132 3645 1203 3718 alia
1218 3645 1300 3718 loca
1318 3649 1354 3717 et
1374 3647 1440 3718 es-

110 3769 207 3858 tium,
233 3791 401 3842 reversus
417 3773 472 3844 est
488 3769 535 3844 ad
552 3771 698 3860 Urbem,
720 3769 857 3867 absque
876 3793 920 3844 eo
938 3768 1036 3866 quod
1050 3769 1179 3867 aliquis
1197 3768 1439 3844 cardinalium

110 3893 163 3967 vel
179 3893 334 3968 aliorum
352 3892 419 3967 sibi
437 3893 579 3968 obviam
594 3895 676 3970 iret.

155 4019 337 4110 Mercurii,
358 4025 379 4092 2
398 4019 571 4111 octobris,
594 4019 663 4094 luit
680 4019 938 4096 consistorium
961 4026 1143 4096 secretum
1163 4020 1201 4094 in
1220 4045 1293 4118 quo
1310 4019 1440 4094 Alber-

113 4144 208 4218 tinus
226 4144 271 4218 de
288 4149 407 4220 Ruere
422 4145 540 4219 sectus
556 4151 612 4220 est
629 4154 822 4244 preceptor
838 4145 1028 4245 hospitalis
1048 4172 1077 4220 e.
1097 4145 1252 4244 Spiritus
1277 4147 1315 4218 in
1333 4144 1440 4218 Saxia

112 4269 155 4343 de
172 4269 268 4344 Urbc
285 4293 351 4367 per
369 4269 509 4344 obitum
526 4271 711 4367 quondam
725 4271 904 4345 Gabrielis
920 4273 965 4345 de
983 4270 1103 4348 Saone
1117 4270 1178 4367 qui
1201 4270 1376 4346 suecessit
1392 4273 1436 4343 D.

114 4395 308 4469 Benedicta
320 4395 365 4468 de
380 4393 499 4486 Senis,
517 4396 694 4470 moderno
712 4396 833 4471 abbati
849 4421 879 4471 s.
899 4397 1078 4495 Gregorii,
1099 4399 1134 4470 et
1152 4419 1282 4493 nuper,
1305 4394 1341 4468 in
1366 4394 1439 4468 fine

113 4519 341 4618 septembris,
360 4519 499 4594 obiitin
514 4521 663 4596 castello
680 4521 874 4620 Nepesino.

159 4645 294 4719 Eadem
312 4645 383 4736 die,
403 4647 466 4720 SS.
486 4649 530 4720 D.
548 4652 675 4721 noster
688 4646 815 4754 incidit
831 4647 869 4721 in
886 4648 1077 4723 tertianam
1096 4645 1228 4720 febrim
1247 4667 1316 4741 que
1335 4642 1441 4718 dura·

112 4769 158 4844 vit
174 4770 349 4844 continua
363 4770 408 4845 ad
426 4771 522 4845 diem
538 4772 678 4846 sabbati
694 4778 715 4846 5
734 4771 907 4862 octobris,
926 4797 997 4868 qua
1011 4772 1173 4846 recessit.

158 4897 224 4972 Die
245 4896 351 4995 jovis,
381 4901 400 4971 3
430 4898 601 4990 octobris,
622 4898 845 4974 intraverunt
874 4899 1011 4972 Urbem
1032 4902 1107 4972 tres
1130 4899 1293 4971 oratores
1318 4895 1440 4995 magni

112 5021 277 5120 magistri
290 5021 405 5096 Rhodi
422 5030 459 5096 et
476 5047 559 5098 cum
576 5024 628 5097 eis
645 5023 856 5122 leniquinus
870 5023 907 5096 in
923 5021 1018 5097 Urbe
1034 5023 1207 5113 existens,
1219 5021 1264 5094 ad
1278 5029 1442 5120 prestan-

113 5147 471 5241 damobedientiam;
494 5149 556 5246 qui
580 5150 718 5248 recepti
738 5150 885 5224 luerunt
903 5171 969 5247 per
983 5147 1157 5223 familiam
1180 5150 1278 5245 Pape
1294 5155 1341 5250 ‚et
1363 5173 1442 5224 om-

113 5271 226 5367 nium,
245 5297 288 5350 ec
306 5271 417 5368 male,
439 5274 564 5353 nescio
580 5273 626 5351 sd
643 5276 748 5374 cujus
766 5273 1044 5352 ordinationem.
