3506 6034
98 506 244 586 [momnis
258 517 330 581 15⁰2]
427 516 553 575 RERUM
573 517 802 577 URBANARUM
826 520 1088 582 COMMENTARH.
1371 525 1429 583 225⁴

95 672 272 750 cardinale
292 696 322 744 s.
342 671 519 746 Severini.
541 675 620 746 Non
638 673 723 748 lecit
740 675 1128 751 commemorationem
1148 677 1193 748 de
1213 677 1370 750 adventu
1389 685 1425 752 et

96 803 193 875 bene.
215 798 353 874 Chorus
370 803 405 870 et
423 795 736 872 ecclesia'luerunt
755 807 884 896 parata
901 809 934 875 et
952 801 1075 876 omnia
1093 809 1288 875 actamore
1303 802 1420 876 solite.

138 925 242 1000 Faria
258 929 396 1031 quarta,
421 929 439 996 7
461 922 548 998 dicti
566 925 715 1016 mensis,
741 925 777 998 id
795 934 850 1001 est
873 927 999 1001 eedem
1020 928 1091 1020 die,
1113 933 1196 1025 post
1216 928 1424 1025 prandium,

94 1050 237 1124 intravit
264 1072 331 1145 per
355 1055 500 1145 portam
528 1048 572 1121 de
599 1050 750 1146 Populo,
779 1053 994 1150 magnificus
1024 1056 1063 1126 D.
1092 1053 1275 1126 lohannes
1299 1053 1425 1129 Victo-

94 1177 161 1248 rius
178 1175 227 1247 de
245 1173 444 1261 Soderinis,
464 1175 651 1270 utriusque
664 1175 757 1271 juris
774 1176 913 1267 doctor,
935 1177 1050 1251 irater
1073 1183 1115 1252 D.
1138 1178 1297 1275 episcopi
1313 1179 1425 1253 Vola-

2 1375 9 1400 ,
94 1300 238 1389 terrani,
269 1305 393 1374 orator
419 1298 726 1391 Florentinorum,
753 1302 828 1399 qui,
856 1303 901 1377 de
926 1304 1096 1377 mandate
1121 1308 1227 1400 Papo,
1257 1311 1425 1400 receptus

92 1424 151 1498 luit
170 1431 206 1498 et
226 1423 427 1498 associatus
447 1424 626 1498 alamiliis
646 1425 850 1500 sanctitatis
869 1451 933 1502 sne
952 1435 987 1502 et
1005 1428 1167 1502 omnium
1185 1428 1425 1501 cardinalium

93 1573 200 1647 usque
229 1551 275 1624 ad
301 1549 449 1623 domum
477 1550 633 1647 predicti
664 1554 706 1624 D.
738 1551 917 1650 episcopi,
947 1554 1067 1628 fratris
1094 1553 1163 1646 sui,
1193 1562 1229 1626 et
1255 1553 1427 1650 equitavit

91 1676 231 1750 medius
245 1675 342 1748 inter
362 1675 646 1773 gubernatorem
677 1678 780 1750 Urbis
797 1684 833 1751 et
850 1677 1168 1776 archiepiscopum
1189 1677 1423 1777 Ragusinnm.

135 1801 246 1876 Faria
261 1801 400 1898 quinta,
417 1805 437 1873 8
457 1800 543 1874 dicti
559 1801 708 1891 mensis,
729 1802 821 1876 leste
839 1804 1087 1901 conceptionis
1101 1803 1205 1878 beate
1225 1803 1338 1876 blavia
1356 1803 1428 1875 vir-

93 1926 196 2022 ginis,
231 1925 514 1999 confraternitas
535 1927 707 2022 ‘ejusdem
735 1927 841 2001 beate
866 1929 980 2002 Maria
1006 1929 1154 2026 virginis
1179 1928 1429 2025 conceptionis

92 2051 210 2148 parari
233 2049 319 2126 lecit
343 2049 534 2124 ecclesiam
563 2075 592 2123 s.
623 2053 808 2126 Laurentii
834 2054 870 2125 in
900 2058 1055 2127 Damaso
1081 2055 1209 2151 peanis
1237 2059 1273 2127 et
1300 2053 1425 2142 auleis,

92 2177 126 2250 in
155 2177 265 2274 cujus
293 2174 402 2249 altari
432 2177 573 2274 maj0re
601 2180 641 2248 R.
671 2181 709 2249 P.
737 2179 780 2251 D.
808 2178 977 2268 lacobus,
1007 2177 1200 2276 episcopus
1225 2178 1429 2260 Ceiaceusis

100 2299 301 2378 celebravit
329 2300 477 2377 missam
505 2301 718 2392 solemnem,
746 2303 1034 2378 ministrantibus
1057 2303 1124 2376 sibi
1147 2303 1289 2378 duobus
1309 2304 1430 2401 capel-

92 2428 183 2502 lanis
216 2427 313 2500 dicte
338 2425 505 2500 ecclesie.
533 2427 780 2502 Interluerunt
800 2434 875 2503 tres
900 2429 1117 2518 cardinales
1142 2428 1309 2503 videlicet
1336 2429 1433 2502 Ursi-

92 2577 175 2643 nus,
202 2551 365 2625 Medices
388 2557 422 2624 et
443 2552 648 2626 Cesarinus.
677 2557 716 2626 ln
738 2554 913 2652 principio
938 2555 1061 2646 misse,
1084 2577 1156 2628 non
1180 2553 1247 2626 suit
1271 2553 1433 2628 incensa-

94 2687 170 2752 tum
193 2679 327 2767 altere,
353 2677 439 2774 quia
467 2701 542 2752 non
565 2685 643 2752 erat
674 2679 722 2752 ibi
750 2679 843 2776 ignis
874 2688 1047 2776 paratus;
1078 2686 1114 2754 et
1141 2679 1264 2753 emnia
1287 2678 1432 2752 fuerunt

94 2803 171 2877 sine
204 2802 346 2877 ordine.
389 2802 504 2877 Finita
534 2803 662 2893 missa,
698 2803 890 2878 celebrans
921 2805 1112 2902 episcopus
1144 2805 1181 2877 in
1213 2804 1433 2901 paramentis

96 2929 266 3003 omnibus
297 2927 504 3002 missalibus
531 2933 568 3002 et
599 2930 705 3004 mitra
731 2931 825 3003 sedit
857 2931 893 3002 in
922 2929 1138 3013 faldistorio,
1169 2931 1273 3027 juxta
1302 2930 1429 3018 altare,

96 3055 129 3127 in
155 3053 241 3127 loco
268 3052 375 3126 solito
402 3059 543 3150 parato,
577 3061 612 3126 et
639 3055 735 3128 venit
762 3055 985 3146 camerarius
1014 3055 1323 3129 confraternitatis
1351 3077 1434 3152 prc-

96 3181 302 3254 dicte‘cum
325 3202 397 3253 une
424 3179 531 3254 bacili
556 3187 728 3277 argenteo
753 3181 790 3254 in
812 3186 1007 3278 quoerant
1033 3187 1187 3279 quatuor
1214 3181 1324 3254 burse
1350 3183 1451 3252 cum'

98 3305 251 3380 modicis
270 3304 437 3393 caelenis,
458 3305 518 3402 qui
537 3305 734 3402 genutlexit
751 3307 853 3403 juxta
873 3307 1096 3402 episcopum.
1121 3308 1365 3378 Accesserant
1388 3305 1434 3377 ad

99 3455 182 3506 eum
198 3431 402 3506 successive
417 3435 574 3526 quatuor
590 3431 709 3527 puelle
723 3431 925 3506 maritande
942 3432 978 3503 in
997 3432 1155 3504 vestibus
1171 3429 1275 3519 albis,
1294 3427 1435 3526 singule

99 3556 193 3630 inter
206 3559 298 3630 duas
315 3563 502 3630 matrones
518 3580 669 3652 quarum
687 3557 845 3652 quelibet
860 3557 987 3630 habuit
997 3557 1099 3654 juxta
1112 3579 1150 3628 se
1168 3553 1279 3628 nuum
1295 3577 1339 3627 ex
1351 3576 1436 3626 con-

100 3683 295 3758 fratribus:
314 3705 384 3777 que
407 3682 527 3778 puelle
549 3683 751 3756 successive
773 3682 1048 3780 genussexerunt
1066 3687 1102 3754 et
1123 3680 1263 3778 singule
1284 3701 1436 3776 recepe·

101 3813 187 3882 runt
204 3807 250 3881 de
269 3831 380 3882 manu
395 3831 462 3880 sua
479 3809 621 3900 bursas,
639 3815 674 3882 et
694 3808 855 3882 osculate
875 3815 1102 3880 summanus
1120 3806 1210 3903 ejus.
1232 3804 1433 3894 Quassus,

102 3933 171 4007 illis
198 3932 428 4022 abeuntibus,
459 3933 651 4030 episcopus
683 3933 840 4007 surrexit
868 3939 918 4024 et,
944 3932 1112 4030 deposita
1141 3931 1268 4022 mitra,
1296 3929 1438 4026 accepit

103 4057 258 4154 pluviale
274 4083 282 4148 ;
303 4064 339 4132 et
356 4057 451 4132 lacta
468 4063 522 4131 est
540 4058 727 4154 processio
746 4059 804 4131 oni
822 4081 895 4132 non
913 4057 1071 4130 interlui.

155 4185 261 4259 Feria
278 4189 391 4272 sexta,
413 4187 434 4257 9
457 4183 594 4256 mensis
616 4183 703 4256 dicti
722 4183 942 4275 decembris,
969 4187 1215 4279 presentatum
1240 4187 1276 4256 et
1301 4181 1437 4256 lectum

107 4311 172 4384 luit
189 4311 226 4384 in
243 4315 324 4384 rota
340 4309 552 4383 mandatum
569 4313 663 4406 Papa
677 4333 744 4406 per
762 4311 859 4406 quod
877 4309 1054 4383 Sanctitas
1070 4332 1135 4382 sua
1148 4308 1328 4382 revocavit
1343 4306 1439 4381 aliud
1563 4295 1567 4304 ’

108 4435 334 4524 mandatum,
353 4434 398 4507 ab
412 4457 454 4506 eo
475 4442 697 4526 emanatum,
720 4434 968 4532 suspensionis
985 4434 1057 4508 loci
1072 4437 1115 4506 R.
1136 4437 1177 4506 D.
1197 4433 1324 4522 Felini,
1343 4432 1439 4528 epis-

108 4563 187 4660 copi
204 4559 357 4650 Lucani,
375 4559 480 4634 unius
501 4583 546 4634 ex
570 4565 645 4634 DI).
669 4547 891 4634 auditoribus
911 4565 988 4634 rote
1005 4558 1246 4632 locotenentis
1266 4557 1312 4631 ad
1333 4557 1441 4630 bene·

108 4687 279 4784 placitum
307 4711 432 4761 suum:
459 4691 655 4783 propterea
679 4686 776 4761 idem
805 4691 847 4760 D.
882 4685 1025 4758 Felinus
1050 4684 1204 4759 cessavit
1236 4684 1281 4756 ab
1310 4682 1439 4754 eodem

109 4835 235 4888 mense
251 4813 424 4911 deinceps
441 4813 573 4886 intrare
589 4817 719 4886 rotam.
780 4815 785 4820 '

158 4937 294 5013 Eadem
311 4938 383 5028 die,
401 4938 502 5012 circa
521 4938 716 5010 secundam
738 4937 866 5010 horam
890 4937 1019 5024 noctis,
1043 4934 1256 5006 nunciatum
1273 4938 1328 5005 est
1346 4933 1440 5028 Pape

112 5063 242 5139 ducem
267 5063 567 5140 valentinensem
591 5062 804 5137 rehabuisso
828 5061 1003 5136 Urbinum
1028 5083 1112 5134 cum
1133 5058 1302 5132 omnibus
1330 5057 1442 5154 perti,

112 5189 242 5266 nentiis
261 5190 335 5264 suis
352 5213 419 5287 per
441 5189 676 5265 concordiem
695 5212 778 5263 cum
800 5187 1042 5262 illustrissimo
1063 5189 1105 5259 D.
1132 5183 1296 5258 Gnidone
1316 5183 1441 5256 Urbini

252 5361 278 5400 r.
298 5359 335 5399 nr.
1163 5339 1197 5392 15
