3590 6042
111 661 248 716 nteemnra
263 663 337 726 ¹5⁰0]
418 661 546 720 RERUM
570 659 797 720 URBANARUM
821 659 1084 718 commendanti.
1388 668 1425 724 89

99 817 381 894 commissarium
397 823 686 912 nostrumusqne
696 813 741 888 ad
751 813 881 888 testum
891 815 1126 889 Pentecostes
1137 815 1246 892 etiam
1259 819 1423 914 proxime

97 950 280 1018 uenturum
297 944 332 1016 iu
349 943 447 1018 diota
461 943 557 1017 Urbe
574 946 610 1016 et
628 965 694 1037 per
710 939 915 1014 universam
932 938 1072 1014 ltaliam
1087 940 1130 1014 de
1148 941 1255 1016 simili
1271 944 1423 1020 consilio

98 1069 344 1142 constituimus
360 1075 396 1143 et
411 1067 663 1165 deputavimus
688 1089 752 1138 seu
778 1066 1010 1160 deputamus,
1036 1071 1072 1139 et
1095 1066 1140 1140 ob
1165 1090 1210 1140 eo
1226 1091 1421 1144 recurrere

98 1194 242 1268 debeant
257 1193 322 1290 qui
338 1193 404 1283 eis,
422 1193 467 1266 de
484 1191 721 1264 absolutionis
740 1189 861 1263 debite
878 1189 1071 1280 beneficio,
1088 1197 1196 1286 prout
1213 1193 1420 1268 animarum

96 1317 301 1391 eorumdem
329 1318 435 1392 saluti
464 1317 628 1390 noverint
666 1315 851 1412 expedire,
889 1313 1079 1411 providere
1114 1318 1307 1408 curabunt,
1343 1342 1420 1392 non

96 1443 316 1516 obstantibus
332 1441 652 1517 constitutionibus
668 1449 703 1514 et
719 1439 1008 1514 ordinationibus
1020 1442 1242 1537 apostolicis,
1261 1465 1329 1518 nee
1345 1467 1418 1518 non

95 1568 253 1641 omnibus
269 1569 342 1642 illis
363 1592 433 1665 que
453 1569 489 1641 in
509 1567 640 1640 litteris
660 1567 835 1664 predictis
852 1565 1031 1639 voluimus
1053 1567 1125 1641 non
1148 1569 1296 1644 obstare
1322 1575 1422 1645 cete-

96 1697 207 1793 risque
223 1695 419 1769 contrariis
432 1695 734 1790 quibuscumque.

138 1853 153 1886 «
181 1819 274 1893 Nulli
301 1819 414 1916 igitur
439 1819 586 1892 omnino
615 1818 806 1891 bominum
834 1817 943 1890 liceat
970 1817 1065 1891 hanc
1096 1818 1264 1915 paginam
1295 1828 1415 1894 nostre
1510 1803 1512 1810 ⁵

95 1945 367 2042 prorogationis,
386 1943 620 2034 extensionis,
638 1943 845 2032 uoluntatis,
863 1943 1014 2034 decreti,
1033 1943 1300 2035 declarationis,
1319 1968 1424 2018 cons-

97 2071 260 2143 titutionis
270 2079 310 2144 et
321 2069 782 2167 deputationisinl‘ringere‚
797 2067 851 2142 vel
865 2068 898 2140 ei
911 2092 1000 2142 ausu
1013 2069 1206 2143 temerario
1225 2071 1417 2146 contraire.

97 2197 125 2268 Si
140 2195 216 2292 quis
231 2202 361 2269 antem
381 2195 452 2268 hoc
469 2202 683 2292 attemptare
698 2193 974 2292 presumpserit,
992 2193 1279 2292 indignationem
1296 2197 1421 2270 Omni-

96 2321 239 2418 potentis
256 2321 324 2395 Dei
342 2329 376 2394 et
391 2321 581 2395 beatorum
598 2320 693 2394 Petri
710 2327 745 2394 et
761 2319 856 2393 Pauli
871 2320 1118 2417 apostolorum
1135 2321 1214 2417 ejus
1228 2343 1267 2394 se
1284 2322 1420 2396 noverit

98 2447 335 2521 incursurum.

139 2606 152 2636 o
182 2575 318 2646 Datum
338 2575 450 2645 Rome
471 2571 566 2668 apud
586 2596 615 2644 s.
635 2574 795 2662 Petrum,
813 2595 908 2644 anno
931 2571 1193 2646 incarnationis
1221 2571 1417 2651 dominice.

99 2701 165 2782 llll,
187 2703 226 2770 tr
250 2698 324 2772 lral.
341 2695 510 2794 januarii,
530 2695 760 2792 pontilicatns
778 2699 890 2770 nostri
907 2719 1002 2770 anno
1019 2719 1130 2772 nono.

928 2908 944 2944 o
972 2883 1171 2952 Annianus
1204 2909 1220 2940 u

142 3043 155 3072 o
180 3012 388 3106 Registrata
406 3009 501 3108 apud
520 3033 578 3086 me
597 3009 808 3084 adrianum.

883 3167 899 3202 «
929 3140 969 3210 G.
996 3161 1041 3212 nn
1066 3139 1226 3214 isannes.
1260 3168 1276 3206 »

141 3317 241 3390 Feria
261 3317 401 3413 quinta,
419 3315 539 3414 vigilia
560 3316 752 3391 nativitatis
774 3317 814 3388 b.
837 3319 884 3388 Μ.
904 3319 989 3389 lesu
1010 3314 1155 3407 Christi,
1174 3316 1323 3391 luerunt
1345 3341 1424 3392 ves-

102 3464 173 3536 pere
186 3443 374 3516 solemnes
387 3441 424 3514 in
438 3441 585 3514 basilica
599 3439 770 3538 principis
786 3439 1035 3537 apostolorum
1051 3439 1095 3514 de
1114 3441 1222 3531 Urbe,
1238 3441 1273 3514 in
1291 3441 1421 3538 quibus

105 3569 212 3640 limus.
240 3571 284 3641 l).
309 3565 500 3640 cardinalis
527 3565 787 3640 Recanatensis
812 3565 898 3642 lecit
926 3565 1101 3656 cilicium,
1131 3569 1227 3665 Papa
1255 3567 1419 3641 absente.

105 3694 134 3762 ln
151 3699 256 3768 nocte
274 3693 454 3788 sequenti,
476 3692 652 3766 matutine
673 3691 768 3765 dicte
791 3691 937 3765 inerunt
958 3691 1166 3766 immediate
1192 3697 1273 3790 post
1293 3691 1422 3766 horam

104 3839 241 3906 nouam;
264 3817 426 3892 osticium
448 3817 532 3890 lecit
552 3821 676 3890 Rmus.
697 3819 743 3918 D.
769 3815 960 3890 cardinalis
983 3817 1197 3892 Arboransis
1227 3817 1286 3914 qui
1311 3818 1420 3891 etiam

104 3941 284 4017 celebravit
302 3943 455 4040 primam
477 3941 639 4014 missam.
659 3941 807 4038 Accepit
828 3941 989 4014 sandalia
1008 3941 1045 4015 in
1064 3943 1170 4016 tertio
1186 3951 1365 4016 nocturno
1386 3951 1422 4017 et

104 4066 176 4141 dixit
195 4067 357 4166 psalmos
377 4075 412 4140 et
435 4067 617 4141 orationes
640 4068 750 4140 etiam
774 4091 841 4165 pro
867 4068 1090 4166 paramentis
1113 4067 1313 4157 ordinatas;
1340 4077 1423 4142 anto

106 4193 235 4266 tertium
258 4199 477 4267 nocturnum
499 4193 721 4292 completum
742 4193 983 4268 interfuerunt
1003 4193 1199 4267 duodecim
1223 4195 1282 4267 alii
1305 4193 1423 4268 cardi-

105 4317 189 4391 nales
204 4343 234 4390 s.
254 4317 440 4406 Praxedis,
457 4317 736 4407 Alexandrinus,
755 4343 784 4392 s.
803 4318 942 4408 Gracia,
961 4321 1168 4416 Capuanus,
1187 4320 1420 4409 Cusentinus,

106 4441 353 4534 Salernitanus,
376 4443 678 4540 Caputaquensis,
697 4443 927 4533 Mutinensis,
951 4442 1136 4534 Senensis,
1160 4445 1334 4536 Medicas,
1357 4449 1424 4519 Ce-

107 4569 241 4661 sarinuS,
267 4567 480 4654 Farnesius;
504 4569 698 4666 episcopus
723 4569 937 4665 Adjecensis
962 4569 1056 4644 sedit
1078 4571 1115 4642 in
1138 4593 1210 4642 uno
1242 4569 1423 4662 henco,et

106 4693 266 4768 Adrianus
295 4695 564 4792 protonotarius
591 4697 773 4769 Gaetanns
802 4695 840 4767 in
867 4695 939 4768 alio
969 4695 1080 4769 etiam
1112 4695 1232 4784 solns;
1259 4699 1424 4770 Ventura

106 4815 244 4893 clericus
260 4843 422 4910 camere,
439 4819 626 4892 lohannes
644 4819 803 4916 Baptista
818 4823 979 4895 Venetus
996 4819 1263 4908 cubicularium
1282 4817 1422 4892 duode-

107 4940 164 5014 cim
175 4943 335 5018 scutiferi
352 4943 413 5040 qui
431 4950 625 5018 tonuerunt
641 4943 833 5016 duodecim
849 4943 1027 5018 intortitia
1042 4943 1137 5017 inter
1151 4943 1284 5040 gradus
1298 4943 1423 5017 altaris

107 5075 135 5138 et
147 5067 379 5144 diaconorum
395 5067 649 5160 cardinalium,
668 5077 704 5143 et
721 5093 785 5142 sex
804 5075 900 5143 retro
916 5092 1108 5144 scamnum
1127 5069 1423 5167 presbyterorum

107 5193 344 5284 cardinalium
363 5193 424 5266 alii
442 5193 570 5291 prelati
590 5193 645 5266 vel
665 5193 841 5266 officiales
862 5217 934 5266 non
957 5194 1217 5276 interfuerunt:
1241 5195 1365 5268 omnia
1387 5195 1421 5268 in

108 5311 164 5388 hac
187 5319 296 5392 missa
317 5319 509 5392 observata
535 5328 616 5392 sunt
637 5343 738 5391 more
763 5319 882 5392 solito.
910 5322 989 5405 Qua
1011 5317 1126 5412 linita,
1149 5341 1278 5394 omnes
1303 5320 1423 5395 cardi-
